3035 4941
551 385 914 434 renem-11
963 384 1593 436 nnauronrmon.
1636 386 1802 435 Ao‘r.
1850 388 1918 434 v.
1963 386 2067 437 sc.
2114 387 2212 436 iv.
2299 371 2471 439 1385

292 531 310 562 ‘
331 529 581 581 Hostium·
627 528 813 581 uxores
868 530 1116 595 puerique
1169 544 1341 580 coecos

293 607 533 658 sentiant
547 616 711 657 motus
733 608 946 658 orientis
961 607 1172 659 Austri.’
1198 608 1342 659 Idem.

357 687 423 732 16
459 684 598 740 Quod
620 684 740 749 filio
771 689 842 734 est
884 682 1099 747 imma]
1142 684 1343 734 Exinde

292 764 618 823 putasposse
639 759 855 809 inveniri
881 760 1016 809 hunc
1048 773 1163 809 esse
1183 759 1343 809 filium

289 848 480 897 meum,
495 836 629 900 quod
652 844 708 885 et
731 835 937 885 inventa
955 843 1035 886 est
1057 834 1192 885 filia?
1229 836 1343 886 Hoc

290 919 393 975 est,
427 912 611 972 eodem
650 919 822 977 pacto,
858 921 919 962 ut
947 919 1004 962 et
1036 912 1120 963 hic
1149 921 1344 977 noster,

291 988 719 1053 quemadmodum
740 996 795 1039 et
817 989 904 1039 illa
925 990 1132 1040 inventa
1151 997 1248 1053 est,
1268 989 1344 1038 in-

290 1066 459 1116 veniri
481 1066 660 1129 possit.
703 1065 1024 1130 Eser-aphia.

296 1173 301 1176 -
336 1145 427 1190 .18
457 1142 545 1191 Ex
574 1148 622 1193 te
639 1142 828 1205 numm]
872 1142 1030 1192 Κακοΰ
1048 1139 1242 1207 κόρακος
1261 1158 1346 1191 κα-

290 1216 499 1269 mur.
533 1219 819 1279 Fur-nabitu.

351 1300 419 1346 21
456 1296 683 1360 Sacros]
713 1296 892 1346 Tristis
914 1304 970 1347 et
993 1296 1181 1362 gravis,
1202 1295 1347 1346 abdi·

292 1379 441 1423 catus
460 1386 541 1422 sc..
561 1388 619 1421 re
641 1373 863 1437 perdita,
883 1373 950 1423 ad
965 1374 1245 1424 Censorum
1267 1386 1346 1422 se·

294 1449 568 1499 veritatem
582 1450 816 1501 allusum.
852 1450 955 1502 Qui
975 1456 1147 1499 tamen
1164 1464 1267 1500 non
1279 1462 1346 1500 ex

292 1526 442 1576 vultu
465 1525 557 1575 sed
581 1541 725 1575 exre
745 1535 980 1579 censent.
1018 1529 1166 1577 Idem.

359 1603 499 1653 Rau.
521 1618 629 1653 eum
655 1603 832 1667 videos,
865 1604 1073 1667 censeas]
1120 1606 1249 1655 Cum
1272 1603 1347 1653 vi·

293 1678 440 1741 deas,
458 1693 526 1729 ex
563 1681 709 1729 vultu
744 1695 914 1730 mores
937 1681 1050 1745 ejus
1083 1695 1347 1746 agnoscas.

290 1755 620 1818 Bag-rupitias.
971 1770 975 1774 ’

360 1831 484 1880 Rem
503 1847 607 1881 cum
627 1833 787 1883 videas
815 1831 1024 1896 cennos]
1072 1833 1207 1885 Quid
1248 1846 1349 1881 non

292 1908 753 1960 comminiscuntur
774 1911 856 1960 hic
888 1910 1054 1974 dnrae,
1071 1918 1351 1973 contortae,

293 1987 489 2049 ineptoe
534 1986 1009 2051 interpretationis?
1062 1987 1112 2036 in
1166 1986 1349 2052 quibus

293 2062 452 2111 etiam
488 2064 691 2111 censori
732 2069 787 2112 et
821 2062 1053 2112 censorio
1076 2062 1352 2125 supercilio

293 2138 440 2187 locus
475 2137 626 2188 datus
645 2145 744 2198 est,
774 2138 816 2188 si
837 2138 935 2188 diis
960 2139 1173 2202 placet:
1210 2151 1352 2202 pror-

294 2229 486 2278 susque
530 2216 690 2265 multa
727 2217 887 2266 allata
920 2222 1058 2272 sunt,
1094 2229 1208 2280 quae
1256 2228 1354 2264 nec

295 2292 506 2351 Latina,
520 2307 618 2342 nec
641 2293 895 2342 tolerabili
914 2293 1192 2355 sententia,
1212 2291 1352 2357 quis·

295 2383 450 2433 quam
477 2368 684 2419 dixerit.
743 2370 930 2435 Neque
954 2368 1221 2433 expedivit
1243 2382 1351 2418 rem

294 2444 620 2510 impeditam,
663 2452 754 2497 aut
807 2445 1067 2510 perditam
1122 2444 1356 2496 restituit

296 2522 499 2586 Guyeti
535 2522 849 2573 emendatio.
917 2523 1046 2575 Quis
1087 2523 1220 2572 enim
1251 2537 1353 2572 uon

298 2600 479 2651 videat
496 2614 608 2650 eam
629 2615 834 2667 qnoque
854 2602 1007 2664 longe
1029 2601 1356 2664 accersitam,

296 2690 397 2726 nec
419 2677 733 2740 praecedeuti
755 2677 1030 2728 sententias
1049 2675 1211 2740 probe
1234 2690 1359 2725 eon·

298 2754 518 2816 gruere?
559 2754 676 2817 Est,
695 2754 799 2819 qui,
819 2753 910 2803 sed
933 2754 1120 2805 leviter
1143 2758 1362 2815 tantum,

298 2829 581 2894 dubitavit,
599 2845 666 2880 nn
689 2831 791 2894 legi
815 2829 1006 2879 debeat
1024 2846 1038 2880 =
1073 2843 1214 2893 quum
1232 2843 1361 2879 sees·

298 2919 408 2955 num
428 2920 552 2969 eum,
570 2921 677 2961 oum
693 2908 870 2965 uideas,
891 2921 1080 2957 emens
1097 2906 1125 2957 l
1165 2907 1361 2956 Verum

300 2995 580 3032 consensus
613 2983 848 3034 codicum
883 2983 1013 3033 Mss.
1047 2982 1363 3031 interdicere

299 3057 450 3108 nobis
475 3065 579 3108 tam
596 3058 938 3124 praesentibus
962 3058 1202 3108 remediis
1224 3058 1362 3108 vide-

302 3141 404 3188 tur.
469 3134 556 3185 An
585 3149 713 3200 ergo
751 3136 924 3200 potins
960 3135 1035 3185 ita
1060 3134 1362 3199 accipimus,

301 3212 443 3263 sicut
462 3226 736 3277 accepere,
760 3213 848 3278 qni
865 3212 1038 3262 verbis
1061 3212 1162 3262 vim
1184 3211 1362 3262 facere

304 3288 477 3352 veriti,
499 3290 828 3353 pronuntiatu
844 3287 1126 3352 juvandam
1156 3295 1362 3338 senten-

304 3367 429 3417 tiam
454 3366 742 3431 putarunt?
762 3381 904 3431 quum
915 3380 1118 3430 severus,
1129 3372 1185 3416 et
1206 3366 1364 3416 alicu·

292 3442 382 3508 jus
428 3442 614 3506 pretii,
638 3456 742 3492 non
785 3442 1102 3505 instrenuus,
1141 3441 1364 3503 videtur,

304 3509 421 3568 cum
440 3516 629 3567 faciem
652 3516 828 3566 videas
847 3519 860 3568 i
882 3532 982 3567 rem
1000 3526 1173 3567 autem
1198 3518 1365 3581 ipsam

304 3609 409 3643 cm
443 3593 626 3656 videus,
659 3598 769 3642 tum
802 3607 925 3642 vero
960 3608 1164 3654 censeas,
1201 3593 1367 3658 qualis

306 3670 407 3732 εἰη
442 3677 504 3725 ut
540 3670 657 3736 ipsa
678 3669 996 3730 ἀποσιώπησις
1031 3671 1168 3736 quod
1191 3671 1365 3721 verbis

309 3746 554 3808 detrahit,
574 3746 853 3797 senteutiae
878 3747 1108 3811 adjiciat.
1171 3745 1254 3798 An
1279 3761 1365 3796 ve-

307 3826 399 3876 ro?
430 3839 532 3875 rem
555 3839 661 3874 cum
679 3823 857 3881 videus,
879 3838 1082 3873 censeas.
1142 3824 1270 3873 Rem
1293 3823 1369 3873 ita

306 3915 421 3951 esse
442 3913 676 3961 censeas,
694 3914 876 3949 revera
892 3913 1130 3949 severum
1152 3913 1367 3949 censeas

307 3992 444 4041 esse,
467 3992 584 4028 cum
604 3978 802 4039 videas,
828 3991 943 4025 cum
967 3975 1150 4026 faciem
1173 3975 1369 4026 videas.

307 4052 787 4107 Nonsetisfacinnt
820 4053 940 4102 mihi
975 4054 1094 4116 ista,
1123 4052 1213 4117 qui
1243 4052 1369 4101 nihil

307 4146 340 4181 a
356 4130 607 4181 Terentio
629 4128 812 4178 durum
847 4137 939 4180 aut
971 4130 1193 4178 insolens
1216 4127 1370 4193 profia

311 4207 437 4260 cinci
461 4220 759 4271 persuasum
781 4205 977 4256 habeo:
1028 4205 1119 4255 sed
1162 4220 1233 4255 ex
1261 4219 1369 4254 om-

310 4284 487 4350 nibus,
500 4290 617 4350 quae
635 4279 940 4342 afferuntur,
960 4283 1134 4334 malim
1154 4283 1267 4333 haec
1290 4288 1369 4333 to·

1418 530 1603 582 lerare.
1628 531 1893 582 'Bm-lem.

1483 608 1669 659 Scmu
1716 623 1793 661 ιν.
1858 609 2123 660 Trochaici
2181 608 2470 660 tetrametri

1419 686 1731 749 catalectici,
1745 686 1853 736 sive
1874 688 2173 751 septenarii.
2191 692 2326 737 vs.1.
2343 686 2472 736 Mss.

1419 776 1648 811 meorum
1693 763 1828 812 alter
1867 762 2059 812 omittit
2093 765 2256 813 ullum.
2311 777 2384 812 vs.
2419 759 2473 813 2‘.

1419 838 1543 901 Arg.
1566 840 1711 891 addit
1731 845 1833 891 aut.
1855 856 1932 892 vs.
1953 845 1984 890 7
2004 855 2179 891 omnes
2202 848 2259 890 ut
2278 839 2361 890 ed.
2379 853 2382 858 ·
2401 851 2475 889 vs.

1419 920 1466 967 8.
1490 915 1706 981 Argeut.
1729 931 1787 967 ne
1807 933 2024 981 unquam.
2058 919 2202 968 Unus
2224 933 2472 975 meorum,

1417 1007 1669 1056 nunquam.
1707 1010 1780 1045 vs.
1803 999 1881 1046 13.
1899 1010 2073 1046 omnes
2094 1014 2107 1046 :
2159 997 2323 1046 itidem
2351 999 2405 1045 ut
2426 1010 2473 1044 α.

1338 1075 1347 1082 ·
1382 1049 1391 1062 ’
1418 1068 1701 1120 Boeclerus.

1485 1150 1507 1195 1
1549 1146 1608 1196 Si
1628 1163 1831 1213 unquam
1852 1147 2020 1212 sunm]
2054 1148 2138 1199 Ad
2153 1155 2474 1200 commoven-

1428 1222 1545 1272 dam
1570 1226 1820 1289 pietatem
1843 1234 2207 1277 commemorat
2241 1224 2476 1289 praeteri-¹

1422 1306 1503 1351 tos
1549 1300 1786 1365 affectus,
1824 1319 1928 1368 quo
1966 1304 2043 1353 sie
2076 1302 2275 1353 facilius
2310 1301 2479 1367 possit

1423 1379 1651 1441 agnosci.
1717 1380 1808 1443 Ut,
1846 1380 1862 1407 ‘
1881 1380 1933 1430 Si
1974 1379 2108 1430 bene
2153 1379 2275 1444 quid
2313 1378 2379 1428 de
2422 1384 2477 1427 te

1422 1455 1607 1517 merui,
1632 1453 1734 1504 fuit
1755 1461 1846 1505 aut
1876 1457 1969 1507 tibi
1993 1456 2272 1521 quidquam
2306 1456 2479 1505 Dulce

1422 1532 1631 1582 meum!
1661 1533 1981 1597 Eugruphius.
2339 1587 2346 1592 ,

1487 1608 1545 1657 Si
1561 1624 1762 1673 unquam
1775 1610 2051 1676 ullumfiffl
2074 1610 2270 1659 Preces
2289 1609 2355 1659 ad
2376 1620 2483 1659 mu-

1422 1683 1589 1733 liebre
1608 1685 1866 1749 ingenium
1883 1693 1936 1737 et
1948 1685 2170 1738 animum
2189 1693 2481 1735 maternum

1424 1761 1647 1809 maxime
1682 1760 1937 1811 efficaces.
1990 1762 2133 1812 Ordo
2155 1768 2264 1811 est:
2332 1766 2485 1810 muter

1422 1836 1497 1901 (in
1522 1850 1624 1900 qno
1656 1837 1859 1886 nomine
1883 1834 2100 1887 affectus
2132 1836 2292 1901 inest)
2314 1836 2361 1886 si
2391 1835 2482 1885 ren-'-

1423 1927 1563 1975 quam
1580 1911 1847 1972 ullnmfuit
1863 1916 2061 1976 tempus,
2082 1928 2185 1961 cum
2219 1928 2305 1974 ego
2325 1914 2485 1975 solups

1428 1987 1526 2037 tati
1546 1987 1633 2036 tibi
1642 1987 1845 2050 fuerim,
1863 1987 2116 2054 (tractatu
2134 1988 2483 2053 frequentium

1427 2063 1697 2113 verborum
1723 2064 1935 2114 valescit
1956 2065 2235 2126 sententia,
2264 2075 2484 2113 commea

1426 2138 1715 2187 moratione
1759 2137 2139 2202 proeteritorum
2184 2136 2487 2201 affectuum)

1426 2212 1722 2279 dictusfilius
1756 2219 1864 2263 tum
1885 2218 1971 2263 tuo
2007 2216 2261 2273 voluntate,
2282 2213 2351 2279 (si
2382 2227 2486 2263 non

1427 2287 1525 2351 fui,
1547 2298 1637 2340 tua
1659 2297 1804 2340 certe
1826 2291 2095 2341 voluntate
2125 2290 2337 2341 dicebar
2359 2305 2493 2352 esse,

1432 2379 1551 2431 quae
1591 2380 1673 2416 me
1707 2381 1801 2432 pro
1839 2366 1948 2417 filio
1984 2367 2080 2417 tibi
2118 2381 2226 2417 esse
2251 2366 2486 2431 voluisti)

1429 2442 1534 2504 <ins
1554 2443 1800 2507 temporis
1817 2443 2026 2507 obsecro,
2038 2449 2092 2493 ut
2112 2442 2399 2506 memineris,
2410 2447 2485 2492 ot-

1429 2533 1519 2582 que
1555 2525 1610 2569 ut
1651 2520 1806 2585 inopis
1841 2521 1933 2570 mei
1962 2536 2084 2571 nunc
2115 2526 2165 2571 ts
2200 2522 2489 2584 miserescat,

1432 2595 1644 2660 (iterum
1678 2597 2002 2661 producitur,
2033 2604 2089 2648 et
2123 2599 2282 2647 veluti
2318 2598 2488 2649 animo

1430 2679 1670 2723 materno
1688 2672 2000 2737 imprimitur
2029 2673 2087 2723 τὸ
2115 2672 2285 2738 πάθος)
2313 2680 2368 2723 at
2399 2689 2489 2738 pu-

1428 2754 1589 2799 rentes
1609 2763 1733 2798 meos
1750 2756 2078 2812 commonstres
2099 2751 2232 2812 mihi,
2254 2751 2306 2799 iu
2324 2765 2405 2814 eo,
2422 2740 2491 2800 ne

1433 2824 1659 2889 graveris
1673 2839 1817 2875 meos
1833 2827 1954 2876 mihi
1971 2834 2214 2890 parentes
2236 2828 2494 2876 common-

1432 2911 1622 2963 strare,
1639 2905 1760 2966 quod
1782 2903 1932 2953 unice
1949 2908 2061 2966 peto
2081 2908 2128 2952 et
2144 2905 2264 2959 uolo,
2288 2916 2377 2951 seu
2400 2911 2491 2952 cu:-

1435 2978 1544 3042 pio,
1587 2978 1846 3029 desidero.
1908 2978 1994 3028 Ita
2034 2979 2166 3029 enim
2207 2979 2397 3043 saepins
2430 2978 2491 3028 ro
2583 2996 2586 2997 ⁷

1433 3057 1551 3105 velle
1585 3054 1857 3119 significat.
1897 3053 2138 3118 Guyetus
2160 3054 2274 3116 sub.
2297 3056 2313 3084 ‘
2336 3069 2491 3118 prop-

1435 3131 1535 3182 ter’
1551 3130 1661 3180 sive
1677 3133 1694 3160 ‘
1712 3130 1817 3194 ob,’
1833 3138 1954 3181 ante
1969 3131 2028 3179 τὸ
2043 3134 2181 3196 qnod.
2207 3132 2492 3181 Boeclerns.

1504 3209 1625 3256 Cum
1646 3221 1732 3269 ego
1748 3208 1836 3257 col.
1858 3206 1967 3271 tibi,
1987 3206 2095 3271 esa]
2143 3206 2260 3256 Hoc
2284 3221 2348 3255 ex
2372 3214 2493 3256 con·-

1437 3284 1554 3335 silio
1577 3283 1773 3335 servuli
1792 3283 1929 3348 Syri,
1951 3297 2125 3348 supra,
2139 3296 2227 3333 sc.
2259 3287 2307 3332 2.
2338 3283 2491 3347 hujus

1439 3369 1609 3412 actus.
1644 3360 1927 3411 Farnobius.

1500 3444 1534 3488 4
1573 3439 1702 3496 Quid
1735 3442 1846 3501 peto
1877 3442 1924 3486 et
1956 3436 2077 3491 volo,
2114 3440 2338 3500 parentes
2369 3448 2495 3485 meos

1437 3520 1492 3565 ut
1512 3520 1839 3565 commonstres
1858 3513 1993 3575 naim,
2012 3511 2122 3576 ξω]
2154 3512 2251 3583 Est
2274 3526 2398 3561 vero
2423 3518 2499 3562 ta·

1438 3594 1487 3642 le
1523 3591 1650 3641 illud
1687 3597 1745 3640 ut
1782 3604 1814 3639 a
1852 3588 2058 3638 nemine
2090 3587 2269 3651 negari
2312 3587 2496 3650 possit.

1441 3667 1633 3719 Omnia
1656 3669 1798 3716 clara
1830 3672 1887 3715 et
1920 3662 2213 3714 manifesta.
2280 3664 2419 3727 Ersso
2441 3671 2499 3714 et

1438 3760 1587 3796 error
1603 3746 1775 3794 clarus
1788 3749 1871 3793 est
1886 3748 1941 3791 et
1954 3738 2277 3791 manifestus.
2309 3741 2500 3789 Totum

1439 3823 1538 3873 hoc
1560 3837 1624 3872 eo
1645 3836 1678 3870 a
1708 3835 1790 3870 me
1822 3819 2018 3869 dictum
2052 3823 2150 3879 est,
2173 3831 2275 3865 uon
2308 3822 2369 3866 nt
2397 3817 2500 3865 Te-

1441 3898 1666 3948 rentium
1701 3894 2149 3960 reprehenderem,
2180 3891 2273 3941 aed
2305 3900 2364 3941 ut
2386 3897 2500 3942 tan-

1441 3983 1550 4026 tum
1573 3975 1922 4034 ostenderem,
1941 3984 2141 4020 errasse
2172 3968 2376 4029 multos,
2397 3968 2506 4032 qui,

1442 4051 1581 4117 quod
1624 4065 1826 4112 monet»,
1870 4062 1974 4098 non
2018 4043 2500 4096 animadverterint.

1441 4126 1534 4190 At,
1552 4128 1593 4178 si
1614 4126 1764 4187 scias,
1780 4124 1907 4173 nihil
1922 4121 2126 4172 facilius
2146 4134 2297 4184 quam
2311 4121 2501 4168 Teren·

1441 4203 1570 4252 tium
1595 4214 1844 4265 purgasse
1885 4199 1952 4248 sb
1991 4211 2169 4247 errore
2206 4205 2310 4245 tam
2346 4194 2501 4261 foedo,

1441 4280 1550 4346 qui,
1585 4286 1714 4330 ante
1747 4291 1900 4344 quam
1934 4276 2313 4327 demonstratus
2353 4288 2384 4324 a
2416 4284 2501 4333 me
2592 4315 2616 4331 .
