3035 4941
666 390 1027 438 TERBN'ru
1079 387 1413 440 Bul-mon.
1460 388 1626 438 Acv.
1675 388 1722 438 1.
1768 389 1873 437 SC·
1919 389 2002 438 11.

266 531 492 596 τωῦτερον
510 536 610 588 est.
644 533 793 585 Idem.
953 561 960 566 ·

321 609 443 666 Quia
460 611 571 658 soloe
586 614 783 659 sanum
803 609 879 658 liis
897 606 1100 670 regine]
1135 607 1296 670 Nota,

263 700 401 750 quum
419 686 724 735 Eunuchum
745 685 795 734 iu
817 684 1061 747 singulari
1086 696 1295 733 numero

262 762 612 826 praeposuerit,
637 761 712 810 his
732 760 1074 825 subjunxisse.
1110 758 1200 809 sed
1221 758 1300 807 his

261 853 351 888 non
370 838 433 887 ad
459 838 761 888 Eunuchum
780 836 990 896 retulit,
1012 834 1103 884 sed
1129 834 1194 884 ad
1208 834 1295 883 de·

262 914 413 976 licias,
430 921 518 965 aut
538 913 662 978 quid
686 913 787 962 tale
807 929 822 960 :
849 912 970 976 quia
988 912 1111 960 solae
1144 916 1297 959 ntun-

261 995 338 1039 tur
355 990 647 1054 hujusmodi
661 989 858 1039 deliciis
873 988 1197 1052 servitiisque
1218 1000 1296 1035 re-

261 1065 397 1128 gina.
460 1067 531 1115 Et
551 1065 777 1115 oratorie
796 1065 877 1114 hic
891 1063 1139 1126 subdidit,
1160 1061 1297 1127 quod

265 1140 311 1190 iu
341 1142 577 1192 ancillula
615 1140 962 1205 pretermisit.
997 1140 1118 1204 quia
1159 1139 1299 1187 nulla

262 1217 557 1282 AEthiopissa
594 1219 807 1268 honesta
837 1217 941 1267 dici
973 1216 1162 1280 potuit.
1229 1216 1301 1265 Et

262 1294 439 1354 reginus
455 1293 609 1344 modo
626 1293 815 1343 divites
831 1292 979 1342 dicit.
991 1292 1114 1341 utin
1136 1290 1301 1339 Phor·

261 1368 436 1434 mione,
479 1377 494 1399 ⁸
512 1370 711 1434 Regem
743 1384 824 1427 me
866 1382 979 1419 esse
1032 1364 1300 1432 oportuit!

323 1521 443 1577 Quia
457 1523 569 1570 sola
587 1526 787 1571 uenter
806 1520 882 1569 liis
898 1520 1100 1583 regina]
1123 1521 1301 1569 Dona·

265 1602 341 1646 tus
375 1598 563 1659 reginas
594 1597 681 1647 hic
718 1611 810 1661 pro
833 1596 1058 1646 divitibus
1087 1594 1300 1659 accipit.

264 1687 355 1722 nou
388 1676 578 1739 placet.
603 1674 722 1723 vide
756 1673 1134 1725 Chrestomath.
1153 1671 1210 1721 τὸ
1228 1671 1305 1721 liis

263 1749 487 1800 Donatus
508 1765 614 1801 non
636 1751 699 1800 ad
719 1751 989 1799 Eunuchos
1006 1747 1188 1810 refert,
1208 1747 1302 1796 sed

265 1825 323 1876 sd
342 1826 581 1890 delicias3
615 1827 868 1877 curiosius
902 1841 1055 1891 quam
1079 1839 1173 1889 par
1204 1832 1303 1876 est.

266 1902 500 1954 Bm.

321 1979 545 2045 Repperi]
577 1981 708 2031 Plus
751 1986 833 2030 est
865 1993 1016 2044 quam
1060 1976 1168 2027 emi.
1234 1977 1307 2025 Et

266 2054 371 2110 vide
411 2072 561 2123 qnam
612 2057 838 2122 propriis
883 2062 939 2105 et
982 2052 1306 2116 amplissimis

177 2143 184 2154 ·
268 2133 423 2183 verbis
447 2150 569 2186 usus
610 2144 712 2185 est.
748 2134 869 2199 quia
900 2140 958 2183 et
980 2132 1217 2181 ancillam
1240 2144 1305 2180 ex

269 2207 528 2275 AEthiopia,
567 2216 627 2260 et
666 2211 970 2261 Eunuchum
995 2225 1009 2258 ε
1046 2223 1147 2273 quo
1180 2208 1304 2257 soloe

269 2291 466 2336 utuutur
520 2288 742 2351 reginae.
787 2287 926 2337 illam
974 2285 1213 2350 quaesivi,
1253 2290 1309 2333 et

269 2359 387 2413 hunc
424 2365 673 2429 repperi:
707 2371 945 2414 neutrum
969 2365 1106 2412 enim
1128 2362 1308 2411 horum

272 2435 410 2491 facile
432 2444 659 2506 positum
680 2447 811 2493 erat.
845 2441 1085 2491 Donatus.

325 2524 384 2570 89
413 2522 544 2573 Heri
585 2524 744 2572 minas
771 2522 950 2585 viginti
975 2536 1061 2585 pro
1090 2517 1311 2570 ambobus

274 2595 388 2661 dodi]
422 2600 739 2651 Recentiora
782 2597 1034 2650 beneficia
1071 2595 1312 2660 graviora

275 2672 525 2724 adversum
547 2677 782 2739 ingratos
801 2682 938 2725 suut.
971 2674 1112 2736 Ergo
1129 2687 1159 2720 a
1181 2678 1312 2720 tem·

273 2761 385 2809 pore
405 2751 671 2801 inducitur
693 2751 1042 2814 exprobratio.
1063 2748 1213 2797 Idem.

330 2826 424 2876 Pro
441 2828 667 2878 ambobus
684 2827 818 2890 dedi]
841 2827 1032 2876 Melius
1048 2824 1313 2874 amborum

273 2903 481 2965 pretium
499 2905 656 2969 dixit,
691 2917 840 2968 quam
862 2911 919 2953 ut
935 2901 1218 2966 separatim
1236 2899 1312 2949 di·

274 2987 423 3043 ceret,
465 2987 664 3045 quanto
696 2978 882 3029 emerit
919 2977 1210 3027 ancillulam
1235 2974 1313 3023 ni-

275 3065 430 3114 gram:
482 3055 548 3106 de
584 3070 687 3120 qua
729 3070 849 3105 mox
895 3054 1122 3117 dicetur,
1171 3054 1188 3081 ⁴
1210 3052 1317 3101 Hic

273 3137 381 3180 sunt
417 3138 523 3182 tres
558 3131 748 3182 minat?
813 3131 949 3181 Nam
987 3133 1195 3180 constat
1216 3128 1318 3176 Eu-

273 3206 478 3257 nochum
499 3209 667 3258 solum
691 3214 919 3272 emptum
944 3221 1057 3257 esse
1072 3206 1222 3255 minis
1244 3205 1317 3254 vi·

276 3279 416 3346 sinti,
439 3290 499 3333 nt
534 3285 651 3349 ipse
689 3284 950 3334 Parmeno
982 3281 1321 3333 confitebitur

276 3355 393 3405 seni.
425 3358 578 3410 Idm.

329 3436 389 3481 ⁹0
414 3435 594 3486 Tamen
616 3440 902 3499 consumtus
931 3433 1102 3497 abste]
1134 3435 1204 3484 Et
1224 3433 1321 3484 hoc

276 3517 500 3561 servatur
520 3512 575 3562 in
607 3511 891 3563 beneficiis.
955 3512 1090 3561 Nam
1125 3510 1324 3574 majora

277 3592 388 3636 sunt
407 3588 725 3638 cessantibus
760 3586 961 3637 meritis
993 3601 1189 3651 eorum,
1213 3586 1324 3652 qui·

280 3656 367 3712 bus
381 3671 721 3726 prestantur.
754 3665 905 3714 Idem.

344 3737 512 3790 Tmen
530 3744 791 3790 contemtus
810 3739 972 3801 abste,
991 3738 1093 3788 hoec
1113 3738 1254 3788 habui
1271 3737 1325 3787 iu

265 3808 512 3880 'memor-id
544 3818 590 3868 1.
624 3832 672 3867 e.
696 3816 908 3880 quamvis
929 3815 1211 3866 excluseris
1243 3828 1326 3864 me

284 3887 507 3957 adeoque
540 3893 897 3951 contemserit,
918 3906 1021 3942 non
1040 3898 1212 3941 tamen
1235 3891 1325 3940 de·

285 3962 341 4011 tii
362 3980 543 4020 curare
566 3984 783 4020 munera
802 3969 899 4019 tibi
923 3968 1202 4018 destinata.
1226 3967 1327 4015 haec

287 4038 416 4093 hab-2·
447 4046 503 4096 iu
530 4048 768 4109 memoria,
788 4047 823 4097 i.
844 4061 892 4096 e.
916 4060 1017 4095 non
1038 4044 1203 4108 abjeci
1237 4058 1327 4094 cu-

289 4127 388 4171 im
404 4122 470 4168 de
488 4126 783 4175 muneribus
802 4123 898 4173 tibi
921 4121 1214 4184 destinatis,
1234 4119 1328 4169 sed

294 4198 345 4240 ut
364 4200 651 4245 emerentur
671 4215 735 4248 ac
769 4199 1154 4250 adducerentur
1184 4196 1249 4245 ad
1273 4203 1342 4257 te,

293 4269 470 4331 aneilla,
523 4286 639 4322 cnm
680 4273 927 4324 Eunucho
983 4273 1327 4323 securandum

2247 369 2419 440 1183

1365 531 1486 581 mlhi
1526 530 1670 581 duxi.
1752 532 2139 595 Benignitatem
2179 533 2418 583 voluntas

1364 607 1709 669 commendat,
1739 622 1804 658 ne
1825 609 2024 673 injuriis
2061 609 2267 674 quidem
2301 609 2419 659 abs·

1367 684 1573 733 territa.
1606 684 1865 733 Baetem.

1432 763 1493 808 91
1535 759 1609 808 Ob
1630 760 1730 812 lsaec
1749 760 1888 820 saeta
1919 762 2003 810 abs
2019 767 2067 811 te
2085 759 2301 824 spernor]
2332 760 2422 810 Sic

1368 837 1634 899 Virgilius,
1651 838 1667 865 ‘
1687 837 1793 887 Nos
1810 852 2021 889 munera
2033 838 2236 903 templis
2255 839 2421 902 Quip-

1370 927 1435 975 pe
1459 915 1565 962 tuis
1598 911 1830 975 ferimus,
1861 912 2151 978 famamque
2187 912 2422 964 fovemus

1369 990 1610 1038 inanem!
1672 990 1743 1039 Et
1786 990 1873 1041 Vel
1901 1004 2016 1053 qaus
2044 990 2156 1039 tulit
2190 1004 2306 1040 cum
2341 991 2419 1039 in-

1370 1066 1723 1129 terrogatione
1777 1075 1870 1116 aut
1912 1081 2029 1116 cum
2066 1067 2422 1131 increpatione

1371 1142 1593 1205 proferri
1619 1150 1811 1207 potest.
1843 1145 2081 1194 Donatus.

1438 1218 1514 1266 01>
1531 1220 1632 1268 Me
1639 1219 1781 1279 sactu
1800 1219 1884 1270 obs
1896 1226 1944 1269 ts
1962 1219 2181 1284 spernor]
2215 1220 2318 1269 Hic
2335 1219 2426 1269 du·

1373 1295 1494 1358 plex
1529 1303 1610 1346 est
1629 1297 2013 1360 pronuntiatio:
2047 1297 2132 1346 vel
2169 1311 2264 1361 per
2295 1298 2425 1346 invi-

1373 1373 1572 1430 diosam
1593 1375 1955 1438 prolationem,
1972 1375 2054 1424 vel
2078 1389 2174 1438 per
2203 1375 2428 1425 iuterro-

1374 1450 1653 1513 gationem.
1675 1451 1747 1501 Et
1765 1450 1946 1500 melius
1965 1451 2062 1500 hoe
2083 1449 2254 1512 modo,
2271 1464 2424 1515 quam

1374 1526 1749 1590 interrogative
1810 1524 2107 1590 profertur:
2161 1526 2246 1575 hic
2290 1526 2427 1576 euim

1376 1608 1454 1652 est
1473 1603 1638 1651 multo
1659 1601 1862 1665 gravior
1883 1602 1986 1652 illo.
2011 1602 2166 1651 Idem.
2256 1633 2259 1634 ν

1442 1678 1574 1734 Quia
1604 1677 1739 1741 istic]
1815 1678 1934 1727 Hoc
1968 1677 2272 1727 adverbium
2305 1691 2428 1726 cou-

1374 1756 1571 1806 sentire
1587 1754 1886 1818 incipientis
1903 1762 2004 1804 est.
2024 1761 2079 1804 et
2098 1761 2178 1804 est
2192 1752 2431 1816 ἔλλειψιςε

1377 1833 1528 1883 deest
1547 1833 1683 1882 enim
1704 1847 2010 1895 remorantur,
2026 1838 2118 1881 ant
2145 1831 2269 1896 quid
2304 1831 2427 1881 tale.

1380 1910 1535 1959 Ident-

1441 1988 1508 2034 92
1543 1985 1694 2048 Cupio
1724 1983 1972 2048 abducere]
2006 1981 2250 2031 Abdus-ere
2280 1981 2441 2045 dixit,

1382 2067 1626 2125 tanquam
1670 2060 1736 2109 ab
1768 2059 1958 2109 stultoe
1992 2073 2090 2107 uec
2127 2072 2221 2122 per
2250 2071 2429 2106 verum

1381 2138 1640 2199 meritum,
1667 2135 1758 2186 sed
1794 2149 1890 2199 per
1911 2133 2161 2183 fraudem.
2224 2133 2437 2195 Cicero,⁴

1378 2215 1514 2264 ‘Per
1557 2215 1658 2262 vim
1694 2220 1851 2277 atque
1887 2212 2060 2261 dolum
2098 2209 2325 2260 abducta
2363 2208 2431 2259 ab

1381 2290 1584 2340 Rhodio
1598 2285 1846 2340 tibicine!
1876 2289 2025 2338 Idem.

1445 2368 1607 2432 Atque
1650 2369 1739 2417 Ιιαο
1780 2381 1836 2416 rs
1876 2363 2108 2427 arbitror]
2148 2363 2266 2414 Non
2302 2361 2435 2412 dicit

1384 2460 1504 2513 qua,
1519 2445 1616 2496 hoc
1632 2450 1728 2508 est,
1749 2459 1815 2495 ex
1838 2451 1909 2494 te.
1963 2442 2317 2492 Veruntamen
2337 2438 2438 2489 scit

1383 2523 1649 2587 meretrix,
1668 2521 2003 2574 contentione
2025 2518 2257 2584 quaedam
2280 2531 2438 2580 uege-

1384 2600 1444 2651 ri.
1509 2600 1646 2664 Ergo
1681 2597 1836 2661 fingit
1872 2611 1929 2645 se
1957 2595 2117 2656 vinci,
2143 2600 2203 2643 ut
2234 2592 2435 2641 adoles-

1385 2684 1591 2726 centem
1614 2676 1843 2726 molliat:
1883 2682 1939 2724 et
1971 2673 2086 2736 ipsa
2107 2670 2267 2733 cedit,
2288 2676 2346 2718 ut
2381 2675 2449 2718 et·

1383 2753 1474 2803 ille
1496 2753 1736 2803 remittat
1756 2752 2111 2816 pertinaciam.
2151 2749 2385 2797 Donatus.

1401 2861 1410 2871 ·
1449 2834 1514 2881 94
1549 2830 1721 2880 Potius
1748 2843 1887 2893 quom
1908 2832 1954 2876 te
1968 2822 2211 2875 ininticaui
2232 2822 2442 2883 Ιιαὺοαηι,

1372 2908 1559 2969 socium
1593 2912 1648 2956 ut
1679 2903 1906 2967 jusseris]
1940 2902 2058 2951 Hoc
2081 2905 2245 2949 totum
2278 2896 2442 2961 loqui·

1391 2991 1495 3046 tur,
1519 2989 1766 3048 tanquam
1802 2978 1965 3039 magis
1992 2978 2108 3042 ipsa
2128 2980 2264 3024 amet
2288 2974 2439 3022 Plite-

1388 3060 1576 3120 driam,
1597 3073 1745 3123 quam
1769 3057 1834 3107 ab
1854 3056 1944 3104 illo
1967 3062 2180 3103 ametur.
2224 3049 2375 3099 Idem.

1458 3138 1525 3186 Te
1559 3136 1802 3186 teissim
1835 3130 2049 3193 Mbeom]
2080 3129 2219 3179 Huic
2236 3133 2442 3177 coutra-
2488 3136 2495 3142 ·

1391 3213 1523 3263 rium
1544 3218 1647 3275 est,
1674 3211 1740 3261 Ut
1756 3214 1806 3260 te
1818 3208 2018 3258 amicum
2033 3204 2241 3255 Momm.
2274 3201 2443 3251 Idem.

1459 3289 1655 3339 Faciam
1681 3291 1736 3335 ut
1760 3281 1984 3346 jusseris]
2018 3281 2133 3331 Nec
2155 3279 2443 3337 voluntate,

1391 3379 1487 3415 nec
1510 3366 1657 3414 vultu
1678 3358 2051 3413 consentientis
2080 3356 2178 3405 hoc
2198 3353 2455 3403 meretrix

1395 3443 1540 3506 agitz
1574 3440 1669 3490 sed
1692 3438 1881 3490 callide
1902 3440 2072 3486 tentat
2092 3432 2279 3483 omnia.
2309 3429 2446 3479 Nam

1393 3520 1514 3585 quia
1559 3516 1886 3583 persistendo
1928 3527 2032 3563 non
2066 3509 2269 3576 perficit
2308 3508 2455 3572 quod-

1393 3595 1731 3659 expectabat‚
1769 3592 1926 3642 docet
1961 3587 2257 3638 Phaedriam
2290 3585 2447 3634 etiam

1394 3671 1564 3735 ipsum
1587 3668 1933 3735 negligentius
1955 3679 2148 3728 negare
2173 3662 2308 3728 quod
2332 3658 2450 3725 pos-

1395 3748 1549 3799 citur.
1582 3755 1639 3796 et
1665 3746 1795 3797 adeo
1814 3746 1913 3794 boc
1936 3741 2124 3792 subtile
2147 3746 2248 3801 est,
2272 3745 2329 3786 ut
2349 3737 2451 3787 sta-

1398 3824 1492 3873 tim
1532 3821 1912 3888 impetraverit.
1975 3810 2348 3879 Pet-vulgatum
2369 3818 2454 3861 est

1398 3902 1557 3963 enim,
1599 3898 1753 3953 Quod
1797 3908 1995 3946 summa
2039 3893 2090 3942 vi
2135 3888 2457 3950 defenderis,

1398 3994 1556 4045 quum
1578 3979 1999 4040 extorqueretur,
2034 3969 2131 4017 hoc
2153 3967 2291 4016 idem
2315 3969 2465 4029 post--

1399 4055 1606 4105 modum
1626 4053 1833 4101 remitte
1852 4043 2155 4097 remittenti.
2187 4043 2337 4091 Idem.

1466 4129 1686 4192 Faciam,
1718 4124 1826 4188 ξω]
1872 4118 2120 4173 cedendo
2154 4115 2333 4178 vincit,
2372 4128 2455 4163 re-

1400 4203 1656 4257 mittendo
1680 4203 1947 4265 impetrat.
1981 4192 2265 4245 Farnobium.
2463 4190 2469 4197 '

1466 4285 1530 4331 οε
1572 4279 1767 4331 σαι-ω.
1808 4277 1932 4325 ωηο
1974 4269 2185 4333 msam]
2229 4269 2298 4317 Et
2333 4267 2471 4323 iuue-
2547 4244 2551 4249 ’
