3035 4941
847 396 1214 447 TERENTH
1259 396 1498 447 ANDR.
1543 396 1712 447 AOT.
1744 397 1796 447 1.
1840 399 1949 451 Se.
1987 402 2035 451 1.

345 540 575 607 rum5qni
597 554 667 591 ex
689 539 892 592 Graecis
911 541 1211 607 Latinisque
1234 541 1401 606 poetis

342 617 563 668 subinde
600 616 802 682 aliquid
842 616 893 666 in
928 632 1016 667 ore
1043 617 1323 680 habebant,
1346 623 1404 667 et

342 697 410 748 ad
431 697 716 762 presentia
737 697 946 761 negotia
970 697 1237 762 eleganter
1259 703 1404 760 apta-

343 775 492 825 bant.
558 775 769 825 Baecler.

404 855 471 901 83
506 851 595 901 Sic
644 849 932 915 cogitabam]
967 849 1047 901 Ac
1092 850 1136 900 si
1186 849 1406 914 diceret,

339 927 439 978 huc
474 928 802 992 cogitabam:
838 941 1046 977 sensnm
1080 932 1284 977 tantum
1316 941 1404 977 co-

341 1005 613 1070 gitationis
658 1004 837 1054 dicere
884 1004 1097 1054 debuit:
1141 1004 1233 1053 sed
1284 1004 1404 1068 quia

336 1082 407 1131 ἑο
425 1081 697 1144 cogitabam
717 1080 871 1144 dixit,
894 1081 1058 1143 ipsum
1082 1086 1282 1144 gestum
1317 1095 1403 1130 co·

340 1157 563 1222 gitantis
605 1157 842 1221 exponit,
877 1165 933 1207 et
972 1157 1165 1207 dicitur
1197 1155 1406 1218 μίμησις.

404 1313 512 1362 Hic
529 1327 691 1377 paruo
710 1312 1062 1362 consuetudinis
1082 1311 1245 1375 caasa]
1285 1310 1403 1361 Hoc

341 1396 445 1453 est,
466 1390 693 1440 convivii
715 1395 916 1440 tantum
936 1404 953 1438 ε
988 1396 1043 1438 et
1062 1388 1181 1454 quia
1202 1388 1407 1439 dixerat

340 1480 494 1531 puer,
530 1469 629 1516 hoc
668 1468 835 1517 solum
862 1466 1032 1531 egisse
1066 1467 1406 1531 Pamphilum,

341 1544 472 1594 nihil
506 1543 668 1607 aliud,
691 1548 707 1573 ‘
724 1543 1024 1608 symbolam
1048 1542 1211 1608 dedit,
1233 1557 1406 1592 coena-

345 1618 460 1669 vit!
527 1620 682 1670 Idem.

407 1696 527 1746 Hie·
550 1711 716 1760 parua
753 1696 1122 1759 consuetudinis]
1164 1695 1406 1746 Citantur

342 1772 599 1824 lsi-versus
623 1789 661 1824 a
676 1773 940 1824 Ciceronis
973 1772 1203 1824 Antonio
1228 1772 1318 1823 lib.
1339 1786 1405 1822 11.

342 1849 411 1900 de
452 1850 700 1912 Oratore,
743 1851 1034 1914 exemplum
1079 1854 1405 1915 argumenta-

341 1929 499 1979 tionis
520 1946 550 1979 ι
576 1930 787 1981 Minori.
854 1930 1065 1980 Far-aab.

404 2009 474 2055 84
511 2007 631 2057 Tam
660 2005 771 2066 fert
799 2005 1140 2070 familiariter]
1193 2005 1256 2055 Id
1307 2012 1408 2070 est,

342 2082 609 2145 graviter:
644 2097 766 2132 nam
794 2098 911 2150 quae
948 2083 1093 2133 nobis
1116 2091 1240 2134 sunt
1260 2082 1408 2133 fami·

339 2157 505 2220 liaris,
526 2158 706 2222 gravia
727 2164 847 2207 sunt
869 2160 1037 2207 animo
1061 2164 1256 2208 nostro.
1310 2159 1408 2208 Fa-

339 2235 616 2293 *ism-iter,
641 2234 787 2300 quasi
811 2235 1109 2287 familiarisz
1143 2250 1212 2286 an
1234 2236 1406 2300 potius

341 2310 694 2364 familiariter.
759 2315 941 2364 Donat.

405 2393 472 2438 85
499 2390 633 2447 Quid
661 2390 740 2439 liic
770 2391 890 2440 milii
911 2387 1069 2450 saciet
1086 2391 1241 2455 patri]
1258 2390 1410 2456 Mihi,

344 2463 500 2520 circa·
513 2480 617 2516 me.
685 2466 759 2515 Et
791 2472 1081 2531 postquam·
1099 2467 1221 2520 asilii
1257 2467 1407 2526 dixit,

342 2541 546 2604 pondus
567 2542 751 2593 intulit
766 2542 1009 2611 nominis,
1021 2543 1240 2595 dicendo
1257 2545 1407 2608 patri.

340 2618 529 2676 Idem.-

340 2730 353 2738 ·
398 2701 545 2758 Quia
569 2700 649 2750 liic
668 2699 809 2763 milti]
842 2697 978 2750 Vide
1000 2714 1154 2767 qnam
1187 2704 1405 2750 venuste

343 2779 621 2843 nepetierit
640 2778 735 2827 liic.
767 2777 935 2827 Idem.

409 2855 543 2911 Quid
563 2855 684 2904 milti
715 2853 795 2904 hic
817 2854 975 2918 saciet
1004 2854 1160 2917 patri]
1196 2854 1406 2905 Citatur

342 2939 400 2982 et
430 2932 531 2980 hoc
562 2930 963 2992 hemistichium,
991 2933 1006 2957 ⁸
1031 2930 1156 2995 quid
1179 2931 1301 2981 mihi
1322 2931 1406 2981 hic

342 3006 507 3059 faciet
541 3008 679 3074 patri
696 3007 732 3058 ?'
769 3008 941 3072 Epist.
965 3008 1147 3060 Famil.
1172 3022 1254 3060 tx.
1296 3010 1333 3059 l.
1358 3013 1408 3058 7.

341 3085 520 3150 Epist.
557 3084 774 3135 Far-aab.

409 3167 484 3214 88.
511 3163 638 3212 Haee
675 3177 763 3225 ego
802 3158 1050 3225 putabam]
1099 3160 1285 3210 Patare
1328 3167 1410 3210 est

341 3240 475 3305 ejus,
503 3239 594 3306 qui
630 3238 968 3304 simplicitate
998 3238 1228 3301 pectoris
1261 3237 1409 3286 aber·

343 3318 500 3372 ravit.
567 3317 783 3369 Ciceroz
819 3316 835 3344 ⁸
854 3315 974 3366 Non
994 3314 1218 3379 putavit,
1241 3316 1410 3379 lapsus

344 3393 467 3445 est.’
511 3394 707 3444 Donat..

342 3505 349 3512 -
410 3471 539 3521 Hac
557 3467 910 3534 egoputabam]
944 3468 1075 3518 Cum
1091 3467 1259 3519 adhuc
1283 3467 1407 3517 nihil

342 3547 667 3610 peccationis
707 3542 1016 3602 ostenderit,
1049 3548 1225 3592 tamen
1261 3542 1411 3591 dolor

341 3621 402 3674 ia
436 3620 615 3671 futura
647 3619 965 3684 prorumpit:
1001 3625 1077 3680 ut,
1114 3620 1132 3647 ⁴
1155 3619 1225 3667 Et
1249 3631 1412 3681 gener

340 3699 592 3750 auxilium
611 3697 823 3747 Priamo
843 3695 1245 3760 Phrygibusque
1279 3692 1412 3744 fere·

343 3776 479 3828 bat!
510 3777 662 3827 Idem.
723 3807 727 3810 v

410 3853 630 3905 Humani
663 3851 870 3916 ingenii]
901 3851 1056 3902 Circa
1082 3849 1405 3914 Chrysidem.

343 3933 498 3984 Idm.

409 4013 475 4059 87
513 4007 780 4071 Mansuri]
815 4007 968 4057 Circa
991 4006 1199 4056 amicos.
1225 4007 1378 4057 Idem.

409 4084 743 4147 Mansuetique
778 4083 930 4133 animi
965 4082 1142 4148 officia]
1187 4084 1411 4140 Gallice,

338 4160 495 4225 &affec
520 4159 638 4211 d'an
667 4159 758 4210 ben
788 4159 997 4209 πάντα.
1059 4159 1244 4209 Tribus
1287 4175 1411 4224 qua·

346 4245 465 4292 taor
501 4236 632 4287 locis
651 4235 856 4303 φάνη
890 4250 922 4285 a
957 4235 1201 4287 Terentio
1236 4236 1290 4286 in
1314 4236 1411 4288 hoe

346 4313 640 4380 significatu
672 4319 896 4368 sumtum
928 4326 1040 4368 esse
1060 4314 1184 4366 scio.
1253 4312 1412 4379 Apud

2363 382 2536 448 104⁷

1478 541 1782 593 Ciceronem
1804 558 1907 594 non
1929 544 2136 598 memini
2157 562 2242 602 me
2267 552 2377 604 tale
2407 556 2534 623 quid

1478 618 1773 671 observare.
1808 622 1977 674 Faber.

1543 701 1607 747 88
1634 700 1836 762 Egomet
1857 701 2056 765 quoque]
2080 703 2154 755 Ut
2177 712 2233 755 et
2252 707 2366 770 ipse
2382 708 2536 761 Pam-

1477 776 1666 841 philus,
1699 786 1791 828 aut
1827 780 1983 832 etiam
2026 798 2142 848 ego,
2178 801 2330 852 quem
2368 790 2536 840 minus

1477 853 1737 904 crederes.
1769 857 2008 909 Donatus.

1542 929 1664 990 Eius
1704 932 1867 995 eausa]
1899 934 2147 999 Ejusdem
2182 942 2536 993 mausuetudi-

1477 1005 1567 1134 nli‘iise
1582 1013 1638 1056 et
1658 1007 2002 1075 humanitatis,
2038 1019 2094 1063 et
2121 1015 2234 1078 ejus
2257 1015 2539 1083 Pamphili.

1568 1099 1632 1133 m.

1544 1161 1610 1210 In
1628 1160 1783 1221 sanas
1799 1164 1994 1228 prodeo]
2026 1166 2088 1215 In
2105 1166 2259 1227 fanus
2289 1168 2369 1235 (in
2392 1185 2534 1235 pom·

1478 1251 1601 1301 pam
1638 1241 2000 1304 exequiarum)
2036 1244 2174 1309 quod
2207 1260 2237 1295 a
2277 1245 2536 1298 funalibus

1480 1312 1676 1363 dictum
1698 1323 1797 1373 est,
1831 1324 1887 1366 et
1911 1319 2056 1368 uncis
2088 1322 2170 1370 vel
2205 1325 2380 1374 cuneis
2414 1338 2537 1374 can-

1480 1389 1825 1455 delabrorum,
1845 1394 2028 1458 quibus
2047 1396 2266 1449 delibuti
2287 1398 2458 1463 funes,
2481 1408 2538 1451 et

1480 1467 1559 1531 [in
1602 1470 1759 1533 genu]
1802 1472 1943 1521 cerei
1984 1470 2192 1524 fomites
2237 1475 2538 1540 infiguntur.

1545 1626 1610 1671 89
1643 1623 1785 1674 Nilsil
1801 1626 2041 1689 suspicans
2059 1628 2202 1678 eiiam
2221 1628 2359 1693 mali]
2389 1629 2536 1679 Bene

1475 1701 1749 1762 suspendit
1769 1703 2076 1755 auditorem.
2109 1705 2261 1754 Idem.

1544 1777 1733 1840 Etiam]
1767 1777 1887 1828 Alia
1922 1786 2003 1831 est
2036 1781 2302 1844 suspensio
2325 1780 2537 1831 audien·

1480 1853 1569 1916 tis,
1591 1864 1647 1904 et
1669 1857 1937 1906 excusatio
1962 1856 2077 1906 alia.
2113 1859 2265 1908 Idem.

1543 1930 1732 1996 Εὲίαηι]
1764 1932 1970 1984 Adhuc.
2003 1935 2155 1986 Idem.

1544 2008 1697 2071 Hem]
1723 2008 1962 2059 Perculsi
1983 2024 2045 2059 ac
2069 2010 2364 2061 metuentis.
2387 2009 2538 2059 Idm·

1543 2087 1608 2132 90
1642 2082 1886 2147 Effer-tur]
1929 2083 2220 2149 Ἐκφίρπαι.
2295 2086 2537 2136 Graecum

1480 2164 1589 2208 est:
1629 2159 1765 2223 quod
1807 2160 1974 2210 vitans
1997 2162 2260 2224 Virgilius,
2298 2175 2364 2210 ne
2398 2159 2540 2209 dice·

1481 2243 1563 2284 ret
1591 2234 1821 2299 effertur.-
1869 2236 2056 2303 inquit,
2105 2241 2122 2264 ⁸
2142 2238 2272 2287 Tum
2319 2251 2538 2301 corpora

1478 2312 1597 2361 lnce
1634 2320 1904 2363 carentum
1943 2315 2241 2379 Expertaut
2278 2313 2452 2374 tectis,
2484 2320 2540 2363 et

1480 2388 1651 2439 tristia
1690 2388 1872 2440 funera
1906 2390 2136 2441 ducunt.’
2200 2389 2389 2455 Effer-ri
2422 2403 2542 2453 pro·

1479 2465 1596 2530 prie
1618 2465 1866 2518 dicuntur
1903 2467 2159 2519 cadavera
2188 2474 2540 2518 mortuorumz

1480 2548 1538 2593 et
1573 2544 1645 2593 ire
1675 2545 1884 2608 proprie
1919 2545 1985 2594 ad
2023 2545 2284 2610 exequias.
2349 2544 2537 2607 Virgil.

1478 2620 1495 2648 ‘
1516 2620 1620 2685 Ite,
1655 2622 1747 2683 ait,
1768 2623 2005 2685 egregias
2029 2623 2243 2682 animas,
2275 2637 2390 2687 quae
2421 2636 2538 2672 san-

1476 2697 1633 2760 guine
1656 2697 1805 2748 nobis
1839 2698 1992 2748 Hanc
2012 2698 2234 2762 patriam
2252 2696 2542 2762 peperere?

1478 2774 1629 2825 Ideni.

1548 2850 1792 2915 Effertur:
1822 2852 1970 2901 innan
1998 2852 2182 2901 interea
2211 2851 2336 2901 inter
2372 2849 2538 2900 nudie·

1477 2927 1579 2993 res]
1614 2929 1956 2979 Continustur
1987 2930 2097 2978 haec
2130 2944 2250 2992 pars
2285 2931 2539 2979 narratio-

1479 3005 1559 3052 nis
1579 3018 1655 3054 vs.
1679 3009 1789 3055 100.
1821 3007 1837 3032 ‘
1860 3004 2013 3054 funus
2033 3005 2238 3055 interim
2259 3003 2539 3069 procedit,’

1478 3084 1577 3130 διο.
1627 3081 1822 3131 inserta
1861 3081 2068 3131 interim
2115 3089 2404 3145 opportune
2448 3079 2542 3129 de·

1481 3156 1764 3219 scriptione
1793 3157 2027 3221 Glycerii
2059 3156 2352 3212 luculenta,.
2371 3170 2477 3205 nou
2511 3170 2544 3205 a

1480 3232 1833 3297 pulcritudine
1883 3238 2084 3281 tantum
2130 3229 2330 3293 formae,
2375 3231 2466 3280 sed
2510 3247 2543 3282 a

1480 3308 1736 3358 modestia
1758 3309 1917 3357 etiam
1941 3322 2166 3357 morum:
2203 3306 2340 3373 quod
2366 3306 2543 3360 futuro

1481 3400 1665 3435 socero
1719 3384 1940 3435 maxime
2011 3385 2353 3447 spectandum
2422 3383 2543 3435 fuit.

1481 3460 1652 3512 Poe‘ta
1673 3461 1756 3512 hic
1778 3476 1883 3511 una
1903 3462 2188 3528 eademque
2211 3475 2394 3526 opera,
2415 3462 2543 3527 Gly-

1483 3540 1626 3588 cerio
1664 3539 2103 3589 existimationem
2137 3538 2344 3599 bonam,
2389 3539 2543 3589 Pam·

1482 3616 1626 3678 philo
1670 3621 1895 3676 veniam,
1932 3615 2124 3665 Simoni
2168 3615 2432 3666 consilium
2471 3615 2544 3681 (si

1484 3693 1681 3756 agnitio
1705 3692 1908 3742 scilicet
1925 3691 2230 3757 accederet)
2263 3701 2543 3757 praeparat.

1482 3768 1741 3819 Boeclerus.
1978 3797 1997 3811 .-

1551 3847 1796 3913 Effertur]
1833 3847 2196 3897 Nan-ationem
2240 3847 2370 3897 hanc
2410 3846 2543 3898 bene

1482 3931 1738 3973 moratam
1778 3932 1834 3972 et
1879 3924 1944 3973 ad
1998 3922 2416 3987 persuadendum
2457 3938 2544 3974 ac·

1484 4000 1861 4054 commodatam
1901 4000 2076 4049 laudat
2112 4000 2329 4049 Cicero:
2365 4001 2380 4027 ‘
2408 4001 2546 4050 Nam

1484 4079 1529 4127 is
1568 4086 1839 4142 postquam
1902 4077 2127 4127 excessit
2184 4089 2249 4124 ex
2307 4073 2545 4138 ephebis,

1483 4169 1637 4219 quam
1689 4154 1845 4217 longa
1900 4159 1982 4202 est
2040 4151 2301 4200 narratio?
2374 4166 2547 4202 mores

1484 4230 1849 4294 adolescentis,
1883 4236 1941 4279 et
1968 4226 2169 4277 servilis
2203 4231 2547 4291 percontatio,

1486 4322 1623 4360 mors
1663 4305 1946 4370 Chrysidis,
1980 4304 2154 4355 vultus
2193 4311 2249 4354 et
2288 4302 2452 4359 forma
2489 4314 2547 4357 et
