3035 4941
568 408 743 474 155⁰

572 564 880 630 principium
920 577 1103 628 magna
1142 562 1411 630 &araphan
1454 577 1636 615 onera-

571 651 687 693 tur:
723 651 783 693 ut
804 643 1148 693 ostendantur
1164 658 1404 693 oerumnoe
1428 650 1484 693 et
1506 644 1637 693 mul·

571 728 641 771 tn
662 729 719 773 et
741 735 941 785 graves.
979 723 1129 771 Idem.

638 797 886 861 idoneam]
923 798 1484 862 Aptum,couveniens.
1521 798 1604 848 Id.

577 896 587 903 ·
632 880 668 927 2
710 875 875 937 Unde]
908 874 956 924 Α
981 890 1099 941 quo.
1132 876 1286 927 Idm·

636 956 666 1001 8
721 951 912 1001 Partim
947 967 1052 1015 quoe
1087 951 1314 1015 perspexi
1353 950 1429 1001 his
1466 950 1635 1015 oculis]

572 1027 694 1090 His,
714 1028 862 1092 quasi
884 1027 1106 1090 miseris,
1126 1027 1236 1077 vult
1262 1028 1503 1091 intelligi,
1523 1028 1634 1093 qui-

572 1104 669 1155 bus
702 1104 968 1169 perspexi,
1013 1105 1095 1153 vel
1132 1104 1303 1153 audivi
1335 1104 1485 1153 mala.
1552 1102 1636 1154 An

573 1182 651 1230 sic
687 1179 882 1231 dictum
928 1188 1031 1243 est,
1068 1186 1128 1231 ut
1171 1180 1311 1244 apud
1335 1181 1636 1244 Virgilium,

569 1260 587 1287 ‘
604 1260 907 1323 Vocemque
929 1258 1008 1307 his
1032 1259 1242 1308 auribus
1266 1258 1451 1309 hausi!
1483 1260 1634 1308 Idan.

635 1339 669 1384 4
694 1334 803 1390 Qua
821 1349 895 1382 me
911 1339 1102 1398 propter
1111 1333 1456 1397 mennatum]
1484 1334 1637 1383 Inter

547 1404 894 1462 ‘exanimatam'
907 1421 962 1462 et
983 1413 1250 1462 excutimus
1266 1413 1363 1462 hoc
1381 1413 1632 1461 interest:

569 1489 885 1552 exmsiwmtas,
898 1496 978 1539 est
1008 1490 1340 1551 conterritus,
1361 1486 1639 1538 conturba·

574 1572 679 1615 tus.
743 1566 871 1623 ‘Ut‚
890 1566 997 1616 Sed
1030 1565 1274 1631 quidnam
1300 1564 1634 1627 Pamphilum

571 1643 923 1693 exanimatum
968 1643 1124 1692 video
1139 1642 1175 1691 ?’
1251 1642 1322 1690 Et
1366 1639 1634 1703 Virgilius,

571 1726 586 1747 ⁸
616 1719 922 1769 Exanimata
944 1733 1167 1783 sequens
1194 1718 1508 1781 impingeret
1545 1729 1634 1778 ag-

569 1797 713 1847 mina
732 1798 926 1848 muris.'
988 1798 1253 1847 Exanimus
1274 1813 1417 1860 vero,
1441 1803 1525 1847 est
1546 1811 1634 1846 oc·

570 1874 723 1925 nisus.
787 1874 974 1939 Virgil-
1003 1875 1022 1904 ⁴
1046 1876 1248 1939 Corpus
1287 1874 1371 1924 ubi
1407 1872 1634 1924 exanimi

568 1952 794 2017 positum
838 1952 1092 2002 Pallantis
1136 1952 1334 2003 Aeetes
1377 1951 1635 2001 Servabat

573 2027 778 2078 senior!
810 2026 964 2078 Idem.

580 2124 587 2127 -
639 2102 748 2158 Qua
781 2118 857 2152 me
891 2102 1109 2167 propter]
1142 2105 1260 2156 Qua
1286 2110 1633 2169 propter-me.

570 2178 699 2227 Mer.
728 2179 1045 2230 cmubom.

632 2254 1000 2319 Emimatum]
1020 2257 1388 2321 Perterritum,
1401 2262 1634 2307 conster-

569 2338 769 2384 natum.
802 2334 956 2385 Idem.

633 2417 662 2460 6
689 2412 818 2462 Nam
837 2414 973 2461 modo
988 2427 1063 2462 me
1081 2412 1232 2476 intro,
1254 2414 1362 2479 εγω]
1386 2414 1635 2473 Multum,

569 2485 775 2550 opinor,
812 2485 1098 2537 decederet
1137 2490 1441 2538 tractationi
1478 2489 1637 2553 hujus

567 2559 806 2624 affectus,
828 2570 884 2612 et
906 2563 1216 2626 narrationi,
1237 2565 1281 2613 si
1317 2565 1558 2614 undecim
1580 2564 1635 2614 hl

570 2651 751 2687 versus
774 2639 1111 2704 ejicerentur,
1133 2642 1269 2707 quod
1305 2643 1634 2693 doctissimus

570 2713 806 2778 Guyetns
836 2714 1020 2765 voluit.
1086 2717 1225 2766 Vide
1258 2717 1435 2783 etiam,
1468 2734 1535 2769 an
1567 2720 1634 2769 ad

567 2788 657 2839 illa
678 2790 693 2817 ‘
711 2790 911 2841 Partim
930 2806 1046 2856 quse
1072 2795 1318 2858 perspexi
1348 2795 1428 2845 his
1451 2795 1634 2858 oculis,

569 2866 764 2930 partim
796 2882 910 2936 quae
947 2869 1127 2933 accepi
1158 2870 1391 2932 auribus,
1414 2873 1535 2924 Qua
1549 2886 1634 2921 me

567 2947 787 3007 propter
818 2945 1164 2994 exanimatum
1191 2946 1343 2995 citius
1365 2947 1524 2996 eduxi
1561 2947 1637 2997 fo·

568 3033 701 3082 ras,
685 3020 732 3048 ·’
797 3019 928 3070 bene
983 3022 1159 3071 statim
1228 3029 1632 3088 consequatur.
1617 3038 1631 3053 ·

568 3095 892 3161 ‘Postquam
932 3097 1136 3161 aspexi,
1158 3112 1190 3148 o
1228 3097 1431 3148 facinus
1465 3099 1634 3163 indig-

566 3185 709 3236 num,
746 3173 975 3238 inquam,
1009 3180 1067 3223 et
1112 3175 1342 3238 corripui
1385 3175 1505 3226 ilico
1539 3176 1633 3227 Me

568 3245 690 3296 inde
711 3248 861 3298 laer!
896 3249 1158 3298 Boeclerus.

576 3359 579 3366 „
633 3324 721 3372 Me
738 3324 866 3373 utro
883 3329 940 3373 at
957 3324 1191 3390 σοιν-ἱραί]
1212 3324 1454 3390 Raptim·
1439 3340 1632 3391 ingres-

569 3413 656 3450 sus
668 3409 806 3451 sum.
840 3402 1079 3452 Βοπαειισ.

635 3476 878 3540 Maus]
910 3477 1021 3527 Pro
1058 3478 1267 3543 timens,
1290 3491 1477 3531 nomen
1512 3481 1632 3532 loco

568 3554 850 3618 participii.
884 3556 1037 3605 Idem.
1235 3603 1241 3608 .

630 3636 665 3681 6
699 3633 871 3681 Morbo
890 3648 965 3682 me
985 3634 1197 3684 vinu-nm
1217 3635 1467 3700 affectum]
1496 3637 1634 3689 Quia

569 3713 627 3758 et
646 3708 731 3758 hic
751 3709 958 3759 morbus
979 3717 1078 3761 est.
1113 3712 1264 3763 Idem.

637 3784 736 3835 Hei
755 3785 897 3849 mihi]
932 3786 1244 3851 Interjectio
1267 3788 1492 3840 dolentis
1530 3797 1632 3841 est.

565 3860 838 3926 Virgilius,
873 3864 890 3890 ‘
913 3863 1161 3928 Eloquar,
1180 3879 1248 3914 an
1271 3866 1449 3933 sileam
1465 3866 1513 3916 θ’
1560 3867 1633 3918 Et

568 3934 765 3987 dicitur
782 3938 892 3988 hoec
914 3937 1080 4003 figura
1102 3939 1310 4001 ἐπιμονή.
1345 3941 1497 3992 Idem.

633 4012 736 4067 Hei
765 4015 908 4080 mihi]
947 4017 1084 4067 Mire
1127 4018 1437 4083 interposuit
1479 4036 1630 4085 σχετ-

566 4088 785 4150 λιασμόν.
811 4091 962 4142 Idem.

634 4169 666 4213 8
697 4167 759 4215 Id
779 4170 901 4229 qaod
940 4182 1013 4217 me
1041 4170 1257 4237 repente]
1291 4173 1460 4223 Deest
1488 4188 1631 4238 prop·

571 4243 666 4288 ter.
705 4249 764 4292 ut
789 4245 875 4301 sit,
892 4246 1123 4311 Propter
1155 4249 1252 4299 id·
1290 4265 1352 4300 ac
1393 4265 1488 4314 per
1510 4252 1630 4315 hoc,

571 4313 719 4366 Ideo.
734 4317 904 4374 Idm.

1272 421 1495 497 *NOTAE
1543 422 1950 474 vammum
1999 423 2077 474 m

1711 592 1721 601 ·
1777 568 1841 616 Id
1859 569 2068 632 qudme
2079 573 2273 632 repente
2281 560 2768 632 adspexemtIOau‘·

1711 659 1770 696 sa
1792 660 1884 695 cur
1904 647 2039 696 laetae
2062 647 2492 697 exclamaverint.
2544 647 2610 695 Id
2632 659 2773 709 ergo,

1711 720 1776 771 ob
1794 722 1861 772 id.
1896 723 2047 774 Idem·
2081 728 2084 733 ’

1713 800 1808 847 -9
1840 797 1938 848 Sed
1974 799 2195 849 continuo
2225 796 2626 849 volumem-sun
2655 796 2782 846 sessi

1707 874 1952 925 immori
2007 875 2236 939 omnium]
2287 875 2425 924 Mire
2474 873 2778 938 Pamphilus

1709 952 1871 1000 etiam
1894 952 2201 1001 ancillarum
2221 957 2367 1001 metu
2387 952 2707 1016 impellitur,
2725 958 2781 1000 ut

1709 1027 1936 1078 alienum
1982 1030 2125 1078 nasci
2151 1034 2380 1093 'puerum
2444 1028 2777 1091 suspicetur:

1709 1119 1808 1156 nec
1833 1107 1938 1155 ullo
1959 1106 2115 1155 modo
2143 1107 2196 1155 in
2239 1104 2548 1154 memoriam
2590 1103 2780 1166 redeat,

1708 1177 1842 1229 lianc
1880 1194 1938 1230 se
1962 1174 2211 1244 pu'ellsm,
2235 1180 2319 1229 vel
2340 1178 2650 1243 hujusmodi
2670 1176 2780 1227 viti-

1709 1267 1844 1305 asse.
1882 1256 2036 1307 Idem.

1780 1331 1968 1381 voum
1986 1332 2172 1396 em]
2206 1334 2340 1385 Quae
2365 1331 2621 1382 viderint.
2657 1333 2735 1381 Id.

1745 1442 1752 1447 -
1774 1410 1838 1456 1⁰
1856 1408 1993 1458 Fors
2013 1409 2271 1473 obtulerat]
2326 1409 2519 1474 offerri
2538 1409 2777 1460 dicuntur

1709 1487 1815 1547 tam
1858 1483 1995 1534 bona
2026 1500 2181 1550 quam
2216 1486 2375 1551 mala,
2427 1487 2474 1535 si
2511 1484 2778 1551 insperata

1708 1558 2030 1623 objiciantur
2050 1563 2370 1627 aspectibus.
2406 1564 2568 1613 Idm.

1777 1636 2052 1701 Oet-zera]
2070 1639 2297 1689 Oblatas·
2310 1639 2509 1689 dicitur
2521 1640 2578 1688 in
2596 1644 2779 1687 utram·

1707 1725 1808 1776 que
1830 1720 2057 1775 partem,
2080 1714 2331 1781 quidquid
2353 1714 2776 1780 expectationem

1707 1789 1987 1852 pravenit.
2017 1789 2170 1842 Idem.

1774 1868 1838 1914 12
1870 1866 1979 1928 1330
2013 1867 2117 1928 <ius
2157 1867 2353 1916 vindendi
2384 1867 2620 1931 cupidus]
2666 1868 2775 1918 Non

1708 1939 1810 1991 erit
1853 1941 2008 2004 plena
2045 1943 2125 1992 vis
2177 1943 2442 2007 repentini
2482 1943 2700 2006 doloris,
2735 1943 2775 1992 si

1707 2017 1904 2083 aliquid
1961 2020 2306 2082 praesentiens
2363 2020 2686 2084 suspicatur.
2721 2026 2775 2089 et

1707 2093 1826 2145 ideo
1848 2095 2076 2159 addidit,
2107 2098 2124 2126 ⁴
2142 2095 2257 2160 Ego
2288 2096 2406 2161 ejus
2446 2096 2669 2199 videndi
2701 2111 2777 2148 cu-

1708 2170 1897 2235 pidus.'
1932 2173 2087 2223 Iden.

1712 2288 1718 2295 .
1776 2250 1930 2301 Recta
1961 2250 2235 2316 consequor]
2271 2251 2553 2317 Absolute,
2585 2260 2645 2304 et
2676 2252 2774 2302 sme

1710 2327 2045 2392 adjectione·
2031 2363 2045 2377 .
2079 2342 2183 2377 non
2206 2329 2345 2378 enim
2367 2329 2523 2380 addit
2537 2331 2643 2381 ui«.
2675 2330 2766 2380 Iu.

1775 2409 1837 2454 18
1874 2407 2133 2470 Extemplo
2154 2405 2255 2467 qius
2288 2404 2527 2469 morbum]
2563 2406 2783 2457 Morbu-

1709 2481 1918 2533 mitiore
1955 2484 2147 2541 animo,
2181 2496 2336 2548 quam
2380 2483 2577 2533 vitium
2637 2482 2783 2546 dixit,

1711 2564 1801 2608 aut
1822 2559 2086 2623 probrum.
2154 2560 2228 2609 Et
2251 2565 2435 2610 recte:
2473 2562 2604 2625 quia
2639 2561 2786 2623 dixit,

1706 2634 1865 2686 ‘Alio
1903 2651 1988 2686 me
2033 2637 2303 2701 suspicans
2339 2636 2523 2687 morbo
2560 2639 2781 2688 visurum

1710 2713 1975 2781 affectam,
1990 2730 2055 2767 ac
2077 2717 2237 2779 sensi,
2262 2731 2379 2767 esse
2393 2717 2653 2770 uxorem!
2684 2718 2779 2769 Do·

1706 2798 1870 2843 nam.

1774 2874 1841 2921 14
1871 2868 2116 2933 Spatium]
2147 2870 2374 2920 Moram.
2412 2870 2571 2920 Idem.
2643 2887 2650 2892 ·

1719 2981 1726 2986 -
1773 2951 1835 2998 15
1870 2949 1945 2998 Ac
1966 2962 2044 2997 res
2060 2946 2302 3011 monebat]
2340 2947 2560 2998 Partus.
2599 2948 2750 3000 Idm.

1774 3028 1840 3075 16
1878 3026 1925 3073 Ο
1970 3022 2173 3086 facinus
2229 3023 2508 3086 indignum]
2574 3023 2774 3074 Facinus

1704 3102 1974 3165 indignam,
1996 3115 2099 3151 non
2123 3100 2188 3151 ad
2210 3100 2370 3164 illam,
2391 3100 2492 3151 hoc
2526 3108 2636 3158 est.
2657 3101 2774 3151 ‘Phi-

1705 3178 1985 3238 lumenam,
2020 3176 2116 3226 sed
2155 3174 2222 3226 ad
2257 3176 2532 3227 authorem
2558 3178 2676 3227 vitii
2703 3188 2773 3226 re·

1705 3254 1898 3305 fertur.
1934 3255 2089 3304 Idem.

1773 3333 1846 3382 Et
1880 3329 2093 3393 corripui
2133 3327 2272 3393 ilico]
2322 3327 2537 3379 Ardens
2583 3329 2774 3380 scilicet

1707 3406 1907 3458 dolore.
1962 3408 2035 3458 Et
2056 3412 2141 3457 est
2158 3420 2315 3456 causa
2331 3420 2430 3456 cur
2451 3406 2566 3457 cito
2579 3405 2776 3457 exierit·

1710 3484 1863 3534 Idm.

1773 3564 1836 3610 1⁷
1868 3559 2219 3623 Lachanna]
2275 3557 2400 3609 Non
2437 3558 2645 3617 furens,
2693 3556 2772 3607 sed

1706 3635 2038 3686 hchrumm:
2074 3649 2177 3686 non
2214 3635 2402 3698 iratus,
2425 3636 2522 3686 sed
2545 3636 2773 3685 miseren.

1707 3712 1878 3764 Idem.

1715 3829 1720 3834 .
1771 3790 1934 3853 Atque
1974 3788 2154 3853 atroci]
2197 3786 2264 3837 Id
2319 3793 2423 3851 est,
2466 3786 2774 3839 vehementi.

1774 3946 1838 3993 18
1871 3944 2042 3994 Mater
2071 3943 2389 4008 consequitur.
2404 3940 2519 4003 jum
2546 3948 2608 3993 ut
2644 3943 2777 3993 unes

1705 4021 1912 4085 exirm]
1968 4019 2240 4072 Ostendit,
2280 4017 2534 4072 affectum
2586 4019 2775 4069 miseri-

1705 4098 1900 4147 cordiae
1938 4113 2068 4160 suae,
2101 4103 2306 4147 matrem
2336 4098 2516 4161 potius
2539 4096 2774 4156 dicendo,

1708 4189 1861 4240 quam
1895 4176 2225 4241 Myrrhinam,
2268 4182 2327 4226 et
2361 4175 2609 4226 addendo
2645 4175 2773 4225 ¹⁸²·ae-

1703 4266 1826 4301 roem.
1860 4252 2032 4304 Idem.

1767 4329 1884 4378 Jam
1925 4334 1980 4380 ut
2018 4329 2163 4380 limen
2202 4328 2409 4393 exirem]
2460 4328 2584 4379 Jam
2625 4326 2678 4377 in
2712 4340 2767 4375 eo
