3035 4941
769 373 1130 426 TEREN'rn
1180 380 1415 435 ANDR.
1463 388 1629 438 Ac'r.
1677 393 1757 441 11.
1803 395 1912 446 SC.
1961 400 2008 447 1.

283 507 540 574 pitantur,
573 524 674 564 nec
714 513 960 569 dicuntur
1001 535 1104 573 nno
1141 524 1347 588 spiritu.

286 586 535 638 Donatus.

349 663 417 711 Tc
451 663 541 712 im·
574 664 734 716 vim
773 669 856 732 do]
923 670 1165 737 Apparet
1208 678 1347 742 quod

273 736 472 799 junctis
483 741 689 792 dextris
710 744 827 795 haec
849 745 1092 799 dicebat:
1127 751 1247 802 ideo
1269 761 1343 812 et,

282 815 525 866 Per-,hanc
546 821 769 870 dextram
792 827 841 873 te
861 839 957 876 oro.
992 825 1160 878 Idem.

300 928 312 948 ,
343 897 594 962 Audenam]
631 900 818 952 Potest
857 906 992 955 enim
1035 916 1090 959 et
1126 912 1342 964 maritus

280 981 413 1031 esse,
437 981 623 1022 ernon
644 977 860 1036 amicus,
898 981 1212 1041 sedaffectu
1235 1002 1342 1038 ma-

275 1048 361 1097 riti
383 1051 572 1102 retulit
595 1056 832 1107 amicum.
868 1059 1018 1110 Idem.

347 1127 544 1192 Virum]
577 1131 662 1181 Ne
685 1148 939 1200 segreges.
971 1139 1122 1190 Idm.

334 1203 587 1270 Amicum]
620 1209 705 1258 Ne
723 1212 948 1263 deseras.
981 1217 1133 1268 Idem.

336 1282 588 1347 Tutorem]
624 1285 789 1349 Quasi,
810 1290 970 1341 orbae.
1006 1294 1156 1344 Idem.

333 1359 563 1424 Patrem]
598 1365 756 1416 Quasi
776 1381 966 1430 parva.
1000 1371 1154 1423 Idem.

294 1464 301 1469 —
335 1436 563 1503 Patrem]
595 1440 679 1491 Ad
722 1443 848 1493 illud
880 1447 1019 1510 quod
1058 1450 1149 1515 ait,
1185 1452 1338 1504 Etaa

266 1513 569 1573 pudicitiam.
603 1518 771 1570 Idem.

292 1632 297 1637 .
336 1590 404 1639 Te
422 1591 513 1641 isti
552 1594 707 1645 tirum
743 1599 820 1661 do,
852 1602 1073 1665 amicum,
1110 1610 1332 1671 morem,

265 1667 476 1731 patrem]
514 1670 757 1722 Donatus
794 1676 1027 1728 erudite:
1063 1680 1080 1708 ⁶
1102 1680 1238 1731 Haec
1277 1692 1335 1735 et

267 1740 509 1806 singula,'
543 1749 642 1797 ὅτε.
694 1746 920 1802 oratorie
962 1762 1134 1806 autem
1177 1774 1339 1809 unum

266 1817 345 1868 hic
369 1835 468 1882 per
492 1825 661 1873 multa
676 1825 898 1878 dicitur:
920 1833 1171 1891 ⁸maritum
1195 1837 1333 1886 enim

264 1896 427 1946 voluit
444 1900 685 1963 signare..
738 1905 928 1957 Similis
952 1910 1095 1960 locus
1118 1919 1233 1964 act.
1249 1928 1341 1965 rvae

260 1985 328 2035 sc.
350 1977 402 2022 8.
442 1989 520 2023 vs.
543 1980 592 2024 2.
612 1981 664 2028 3.
686 1987 741 2030 et
761 1985 810 2031 4.
843 1999 960 2048 qnae
995 2001 1062 2036 ex
1097 1988 1329 2041 Homero

260 2057 474 2114 sumpta
502 2052 746 2106 Donatus
768 2057 840 2108 ibi
876 2070 1110 2115 annotat.
1145 2066 1329 2117 Boecle-

258 2139 352 2175 ras.

316 2207 381 2253 61
419 2204 570 2256 Bona
589 2215 753 2260 nostra
771 2212 863 2262 tibi
883 2213 984 2263 lucc
1002 2218 1247 2281 permitto,
1279 2226 1328 2271 et

256 2285 348 2329 tnoe
378 2285 557 2333 mando
572 2285 725 2350 fidei]
759 2289 1032 2342 Conclusio
1058 2308 1152 2356 per
1184 2310 1326 2345 marm·

256 2356 436 2409 datum
460 2367 521 2411 et
547 2362 944 2416 obtestationem
974 2368 1161 2422 efficax
1181 2374 1337 2423 satis..

258 2435 498 2490 Donatus.

314 2516 462 2565 Bona
514 2519 706 2583 caustro]
775 2522 907 2574 Haec
972 2524 1136 2576 verba
1178 2527 1326 2593 quasi

255 2594 644 2655 supellectilem
667 2612 809 2649 suam
841 2602 1164 2655 ostendentis
1187 2612 1324 2658 sunt.

312 2746 459 2797 Bona
478 2751 670 2815 noum]
689 2751 806 2803 Hoc
828 2756 1019 2820 est,Ad
1042 2772 1139 2807 rem
1160 2764 1322 2812 tuton-

251 2822 375 2871 don.
406 2825 585 2876 Idem.

310 2900 456 2951 Boua
479 2909 647 2954 nostra
677 2906 800 2970 ἠως]
832 2908 1124 2971 Peculium,
1146 2915 1321 2979 supel-

248 2974 501 3028 lectilem.
549 2982 835 3033 Far-nabin.

311 3054 427 3103 wa·
458 3058 710 3121 permitto,
744 3059 853 3122 ξω]
885 3061 1147 3127 Tanquam
1174 3064 1320 3128 justo

245 3135 414 3198 utque¹
462 3132 705 3196 legitimo
763 3135 961 3203 heredi,
1024 3139 1314 3195 fiduciario.

302 3290 370 3335 62
408 3285 561 3334 Hanc
581 3286 700 3336 milti
729 3288 782 3338 in
811 3305 1002 3342 nmmum
1032 3293 1141 3357 dot]
1176 3296 1311 3346 Con.-

243 3357 464 3411 firmatae
488 3368 616 3412 sunt
635 3364 868 3427 legitime
890 3369 1088 3433 nuptie
1125 3385 1219 3434 per
1258 3375 1311 3423 in

243 3449 451 3486 manum
474 3440 892 3492 conventionem.
926 3446 996 3494 Et
1010 3446 1137 3495 mire
1160 3447 1320 3500 Inmc:⁴

243 3525 357 3574 non,
389 3513 539 3575 liujus
553 3529 757 3567 manum.
789 3520 1050 3571 Donatus.

302 3589 447 3638 Mors
483 3593 707 3641 continuo
745 3593 891 3666 ipsunt
930 3597 1146 3662 occupat]
1192 3602 1311 3653 Quo

245 3665 406 3728 magis
437 3681 722 3717 memorem
744 3683 856 3719 esse
881 3680 1091 3735 oportet
1113 3689 1310 3740 eorum,

246 3749 362 3802 post
377 3756 499 3806 quae
523 3743 613 3791 illa
632 3743 757 3794 nihil
792 3746 966 3797 locuta
990 3756 1090 3799 est.
1128 3751 1278 3805 Idem.

294 3825 367 3871 ’63
401 3821 607 3886 Accepi]
643 3824 885 3889 Proprie,
906 3828 1056 3893 quasi
1079 3845 1310 3885 uxorem.

2315 390 2485 457 HVb

1431 532 1581 584 laem.

1450 650 1453 653 ,
1489 610 1744 676 Acceptum
1783 619 1998 684 servabo]
2046 622 2314 678 Conclusit
2365 644 2488 694 par—

1428 692 1533 736 tem
1573 688 1965 745 deliberationis
2009 713 2115 750 suae
2139 716 2233 765 per
2268 705 2484 758 electio-

1426 775 1559 814 nem.
1589 765 1740 817 Idem.

1483 843 1549 889 64
1573 841 1671 891 Sed
1684 859 1769 892 cur
1790 846 1867 911 tu]
1891 848 2139 918 Corripit,
2158 856 2296 918 quod
2322 858 2484 910 abeat

1422 916 1488 967 ab
1512 917 1614 970 illa.
1683 924 1800 984 Car,
1838 940 1939 977 non
1962 929 2353 1000 interrogantis,
2385 940 2486 989 sed1

1421 996 1750 1060 corripientis
1783 1010 1863 1053 est
1894 1012 1949 1055 et
1981 1006 2301 1074 increpantis
2339 1016 2476 1080 quod

1422 1068 1719 1135 Glycerium
1746 1076 1968 1132 deserat.
2004 1085 2153 1136 Idem.

1490 1152 1824 1220 Obstetricem]
1860 1158 1991 1211 Quae
2016 1177 2166 1228 opem
2191 1168 2370 1220 tulerit
2388 1185 2479 1235 pa·

1420 1227 1591 1292 rienti,
1609 1230 1841 1283 obstetrix
1863 1235 2089 1291 dicitur:
2126 1244 2261 1295 unde
2282 1254 2337 1295 et
2360 1263 2480 1312 par·

1418 1307 1691 1373 turientes,
1714 1311 1810 1360 Fer
1829 1328 1976 1379 opem,
1996 1318 2236 1371 clamant.
2271 1325 2422 1374 Idem.

1482 1383 1584 1434 Sed
1600 1401 1684 1435 cur
1704 1393 1758 1437 tu
1778 1390 1880 1441 abis
1899 1392 1961 1440 ab
1979 1394 2064 1443 iun
2079 1394 2105 1446 11
2152 1398 2227 1446 Μ.
2259 1399 2479 1453 obstetri-

1415 1475 1514 1509 cem
1548 1477 1746 1514 accerso.
1797 1468 1866 1518 P.
1896 1473 2121 1537 propera]
2156 1475 2353 1527 Versus
2390 1489 2475 1532 est

1415 1537 1656 1590 trimeter
1674 1542 1921 1596 iambicus
1939 1564 1953 1597 :
1979 1548 2068 1597 sed
2085 1565 2149 1599 ex
2158 1551 2259 1601 nbis
2277 1555 2478 1609 eliden-

1413 1613 1534 1665 dum
1557 1624 1641 1667 est
1662 1634 1704 1682 s,
1739 1629 1798 1670 et
1819 1622 2069 1688 in-quinta
2088 1628 2212 1679 sede
2233 1630 2471 1696 dactylus

1412 1693 1763 1749 collocandus.
1797 1700 2028 1753 Fa’e'mna.

1476 1775 1539 1820 65
1578 1773 1807 1837 Propero,
1837 1782 1975 1840 atque
2010 1780 2235 1846 andin’?]
2293 1785 2363 1834 Et
2395 1785 2473 1834 in·

1414 1850 1700 1912 terrogatio
1722 1867 1824 1917 quo
1855 1862 1957 1917 eat,
1994 1863 2050 1906 et
2085 1861 2368 1924 revocatio,
2404 1862 2480 1911 ad·
2573 1866 2576 1871 ’
2658 1867 2662 1871 ’

1412 1934 1778 1987 argumentum
1817 1933 1989 1995 magni
2029 1935 2215 1984 amoris
2250 1938 2476 1989 accedit.

1411 2000 1653 2054 Donum.

1483 2078 1687 2129 Verbum
1707 2095 1851 2133 tuum
1866 2099 1978 2134 cave
1997 2086 2056 2135 de
2070 2089 2272 2153 nupt-iis]
2296 2091 2476 2140 Deest

1407 2154 1538 2204 dicos
1557 2173 1574 2204 .-
1607 2155 1772 2221 figura
1806 2157 2024 2224 ἔλλεψς.
2059 2165 2206 2214 Idem.

1475 2230 1551 2280 Dc
1590 2234 1790 2298 meptiis]
1833 2237 1947 2285 Non
1975 2239 2110 2301 quod
2146 2240 2300 2291 hodie
2326 2239 2476 2292 futu·.

1406 2320 1492 2355 ras
1531 2309 1781 2361 nescierit
1821 2312 2156 2375 Glycerium:
2194 2316 2283 2366 sed
2328 2318 2472 2383 quod·

1406 2382 1524 2431 illas
1545 2384 1699 2435 hodie
1733 2385 1982 2440 indixerit
2015 2399 2167 2454 pater
2195 2392 2325 2456 filio,
2348 2410 2467 2447 cum

1406 2474 1565 2524 supra
1588 2468 1645 2511 et
1680 2462 1960 2529 Pamphilo
1996 2475 2052 2517 et
2088 2468 2335 2535 Glycerio
2369 2473 2475 2521 ‹lis-

1405 2539 1630 2589 turbatae
1680 2539 2000 2606 viderentur,
2030 2547 2151 2610 quia
2184 2557 2307 2600 sunt
2342 2564 2471 2599 con-

1404 2616 1604 2666 stitutae
1628 2617 1679 2667 in
1705 2619 1838 2669 hunc
1863 2619 2019 2670 diem.
2054 2623 2205 2673 Idem.
2255 2645 2256 2648 ¹

1473 2692 1624 2756 Cave]
1676 2692 1949 2746 Annotant
1984 2697 2194 2761 quidam
2228 2716 2338 2750 cave
2378 2701 2464 2751 hic

1401 2769 1786 2834 corripiendum
1808 2786 1953 2822 esse..
1973 2774 2125 2823 Idem.

1464 2849 1532 2895 66
1568 2847 1648 2896 Ne
1682 2850 1747 2896 ad
1783 2848 1995 2898 morbum
2031 2852 2116 2900 hoc
2149 2852 2319 2916 eliam]
2353 2852 2461 2904 Ite-

1400 2936 1514 2971 rum
1560 2921 1807 2987 ἔλλειψιςε
1861 2925 2011 2977 deest
2060 2929 2214 2992 enim,
2256 2932 2474 2982 accedat.

1399 2997 1567 3049 Idem.

1467 3075 1550 3125 Ns
1563 3077 1628 3125 ad
1646 3076 1853 3126 morbum
1872 3079 1956 3128 hoc
1974 3079 2134 3130 etiarn.
2200 3081 2278 3130 M.
2303 3087 2435 3132 teneo

1395 3151 1589 3202 Versus
1613 3162 1698 3202 est
1718 3154 1971 3205 iambicus
1993 3148 2219 3205 dimeter
2237 3160 2493 3207 catalec-‘

1396 3225 1558 3277 tiens:
1598 3243 1715 3278 nam
1739 3231 1874 3295 quod
1910 3231 1996 3279 alii
2035 3230 2170 3282 hunc
2214 3234 2461 3297 supplent

1394 3319 1458 3354 ex
1474 3305 1766 3371 insequenti
1781 3314 2035 3371 scena,ut,
2046 3309 2158 3372 quid
2170 3309 2244 3358 ais
2255 3310 2471 3376 Byrria,

1393 3380 1637 3445 perficiat
1672 3384 1948 3445 senarium,
1970 3385 2189 3447 primum
2224 3385 2335 3437 haec
2380 3403 2462 3437 or·

1393 3455 1601 3508 dinatio
1637 3473 1877 3508 versuum
1912 3460 1968 3508 in
1996 3461 2140 3511 nullo
2168 3461 2297 3512 libro
2321 3463 2461 3513 iuve-

1391 3535 1565 3584 nitur:
1602 3535 1795 3586 deinde
1833 3552 2007 3587 versus
2046 3539 2133 3603 qui
2157 3546 2461 3603 sequuntur,

1391 3609 1630 3674 impediti
1695 3621 1985 3675 remanent,
2037 3621 2095 3664 ut
2146 3631 2248 3665 nou
2305 3615 2458 3671 facile

1392 3694 1592 3736 certum
1639 3688 1715 3738 eis
1770 3704 1932 3753 genus
1984 3691 2148 3755 possit
2189 3693 2461 3758 assignari.

1393 3762 1627 3814 Faernus.

1106 3994 1415 4066 AcTUs
1505 4001 1634 4067 IL.

301 4131 489 4182 Sonus
512 4146 554 4183 1.
579 4133 715 4185 Haec
731 4152 935 4204 quoque
954 4154 1110 4192 scena
1127 4151 1306 4194 satura
1383 4145 1659 4199 ordinato:
1693 4149 1748 4198 in
1785 4166 1885 4216 qua
1922 4164 1996 4212 re,
2014 4146 2232 4199 Mureto
2258 4149 2449 4198 iterum

246 4214 320 4256 est
356 4223 423 4259 ex
459 4210 710 4261 Iambicis
751 4221 808 4265 et
846 4217 1140 4282 trochaicis,
1162 4226 1304 4271 cata·
1385 4213 1612 4287 palmam
1670 4221 1844 4277 defert
1895 4226 1982 4276 Fr.
2024 4225 2331 4280 Fabricius:
2388 4240 2452 4278 eo

244 4280 437 4336 lecticis
461 4295 520 4339 et
543 4289 933 4344 acatalecticis:
968 4302 1138 4348 metro
1159 4298 1303 4349 varie
1384 4300 1521 4368 quod
1540 4301 1752 4365 optimis
1771 4302 1918 4354 libris
1951 4303 2039 4382 ille
2061 4317 2180 4354 usus
2203 4303 2290 4354 sit.
2354 4302 2450 4355 At-
