3035 4941
740 410 1100 465 Tannum
1149 405 1385 459 A‘Nnn.

297 558 423 624 fuit,
445 563 545 609 nee
559 571 675 608 esse
689 555 895 623 quidem
906 559 1097 620 potest.
1115 559 1206 603 aut
1222 548 1360 618 quod

304 638 445 700 eripi
484 641 685 700 potest,
722 646 825 682 non
863 638 946 681 est
975 636 1230 679 nostrumx
1263 627 1361 676 nisi

300 712 396 764 illa
432 727 547 778 qun
593 710 730 774 eripi
771 723 873 758 nou
913 714 1146 771 possunt,
1190 711 1250 755 ut
1282 718 1362 753 sa-

236 831 242 838 .
301 790 528 855 pientia,
543 787 778 852 justitia,
798 784 1097 849 prudentiat
1124 797 1237 846 quae
1259 779 1363 829 for-

302 873 434 917 tuna
455 880 625 930 neque
649 864 789 923 dare,
820 876 989 926 neque
1019 861 1221 923 eripere
1256 856 1366 907 cui-

304 956 464 1007 quam
489 947 681 1004 potest.
747 939 817 988 Et
839 937 988 986 simui
1008 936 1105 985 hoc
1127 935 1293 997 ipsum
1309 938 1366 982 et

302 1034 339 1069 a
362 1034 437 1074 re,
480 1023 537 1067 et
575 1032 606 1066 a
635 1028 856 1080 persona
885 1014 971 1062 hic
1006 1011 1252 1062 ostendit.
1316 1009 1367 1059 A

301 1107 388 1156 re,
405 1093 605 1143 Nihilne
627 1106 724 1141 esse
740 1089 1018 1154 propriam?
1060 1086 1106 1136 Α
1129 1100 1368 1151 persona,

309 1172 568 1235 Cuiquam,
608 1168 865 1233 proprium,
900 1169 1230 1230 perpetuum,
1262 1176 1366 1211 non

303 1247 606 1311 temporale
630 1260 690 1295 ac
712 1249 958 1294 mutuum.
991 1242 1141 1290 Idem.

376 1323 639 1387 Proprium
667 1319 903 1384 cuiquam]
936 1317 1232 1379 Peculiare,
1252 1330 1368 1380 per-

306 1405 553 1465 petuum,
588 1400 863 1447 sincerum.
905 1403 963 1445 ut
999 1392 1134 1444 infra
1171 1400 1274 1444 act.
1312 1407 1368 1442 v.

302 1491 394 1548 pc.
414 1483 463 1527 6.
495 1479 512 1505 ⁸
540 1476 667 1528 Cum
703 1475 883 1534 sciam,
901 1471 1026 1522 nibil
1048 1485 1162 1521 esse
1185 1470 1237 1520 in
1261 1470 1370 1520 vita

233 1549 240 1550 ’
309 1552 583 1620 proprium
601 1551 808 1604 mortali
823 1548 1036 1599 datum.'
1054 1547 1220 1598 Lucil.
1230 1546 1369 1611 apud

275 1623 461 1683 “Non.
482 1629 571 1679 lib.
597 1641 783 1678 xxvn.
817 1626 1013 1684 Βέβαιον
1032 1625 1164 1675 οὐδὲν
1199 1625 1250 1674 ἐν
1280 1623 1370 1687 βίᾳ

307 1708 454 1758 δοκεῖ
469 1703 649 1755 πέλευ.
697 1704 1002 1754 Menander.
1035 1702 1315 1753 Fan-abias.

383 1784 481 1833 DI
494 1787 701 1833 vestram
724 1780 900 1846 fidem]
929 1779 1249 1829 Admirautis
1279 1777 1368 1827 ad-

312 1860 554 1911 verbium
596 1874 711 1910 cum
752 1858 1139 1922 exclamatione.
1202 1855 1373 1904 Fidem

311 1938 455 1989 dixit
498 1953 652 2002 opem
695 1941 752 1986 et
790 1934 1066 1985 auxilium:
1098 1940 1178 1998 ut,
1205 1934 1223 1961 ‘
1245 1935 1373 1998 Tyr·

313 2016 636 2078 rhenamque
660 2010 850 2063 fidem.'
881 2012 1117 2062 Donatus.

382 2096 417 2141 2
449 2090 701 2141 Summum
738 2090 903 2139 boum
935 2086 1053 2150 esse]
1094 2086 1249 2149 Mire,
1278 2100 1373 2151 pro

316 2170 496 2234 pleno.
578 2170 666 2219 Et.
688 2173 874 2219 neutro
911 2165 1118 2228 extulit,
1149 2179 1376 2215 muman

317 2246 507 2297 Mum.
538 2244 707 2296 Idem.

384 2327 418 2373 3
451 2324 690 2385 Amicum,
715 2328 990 2384 amatorem,
1027 2319 1206 2383 υἰηιηι]
1240 2318 1376 2369 Ani-

320 2416 426 2474 eus,
463 2399 621 2450 animi
642 2406 754 2450 est:
787 2399 986 2449 Amator
1017 2412 1158 2461 vero,
1191 2413 1378 2463 corpo-

319 2478 414 2529 ris.
453 2491 558 2528 non
596 2477 737 2527 euim
767 2476 1012 2527 continuo
1040 2481 1243 2525 amator
1273 2480 1374 2539 est,

320 2557 410 2622 qui
451 2556 585 2605 bene
623 2555 750 2604 vult.
783 2560 863 2616 ut,
890 2552 1029 2602 Dido
1051 2553 1243 2602 amavit
1263 2553 1376 2617 qui-

319 2632 444 2684 dem
468 2633 711 2682 AEneam:
748 2629 839 2683 sed
865 2643 969 2679 non
989 2636 1046 2679 et
1067 2630 1234 2679 amica
1259 2628 1379 2693 fuit,

318 2724 440 2776 quae
474 2708 571 2771 ait,
602 2710 619 2734 ‘
645 2706 765 2756 Non
788 2705 935 2770 potui
957 2705 1190 2754 avulsum
1214 2696 1378 2757 divel-

318 2788 431 2837 lere
457 2799 662 2850 corpus,
680 2791 737 2835 et
763 2784 912 2833 undis
947 2782 1243 2847 Spargere!
1307 2785 1379 2834 Et

318 2867 453 2918 item
476 2863 735 2921 Catullus,
766 2862 783 2890 ‘
806 2860 962 2924 Cogit
998 2874 1171 2909 amare
1200 2860 1381 2924 magis,

321 2944 417 2996 sed
460 2942 597 2992 bene
633 2940 768 2990 velle
803 2935 1010 2989 minus.'
1075 2939 1147 2988 Et
1178 2944 1261 2988 est
1297 2938 1382 2987 hic

320 3018 558 3072 officium
591 3022 648 3067 et
674 3015 1103 3066 blandimentum.
1166 3012 1382 3063 Amato-

319 3113 435 3149 rem
458 3102 518 3147 et
541 3095 705 3145 virum
728 3093 863 3143 dixit
896 3091 963 3141 ad
986 3090 1381 3141 discretionem:

317 3184 382 3229 nt
425 3190 527 3242 per
562 3189 625 3225 ea
664 3188 780 3238 quae
823 3177 1108 3233 enumerat,
1143 3169 1383 3218 maritum

316 3253 646 3306 ostenderet.
677 3250 830 3299 Idem.

388 3335 426 3381 4
459 3327 723 3390 Paratum]
756 3327 990 3376 Paratum
1020 3323 1156 3373 dixit
1183 3321 1249 3372 ad
1282 3336 1387 3372 om-

321 3424 422 3460 nes
455 3405 700 3467 affectus,
731 3404 1024 3469 quicunque
1056 3401 1121 3450 de
1151 3400 1386 3465 proximo

327 3502 451 3540 esse
483 3490 719 3551 possunt,
736 3489 794 3532 et
812 3480 1032 3530 maxime
1056 3477 1123 3527 ad
1148 3476 1391 3527 Homeri-

324 3582 448 3618 eam
460 3561 778 3616 sententiam
792 3558 1024 3622 respexit
1040 3553 1259 3619 :¹'Em-op,
1271 3553 1389 3618 ἄτὰρ

329 3643 394 3694 σύ
413 3661 493 3704 μοι
514 3641 621 3690 ἐσσι
641 3636 798 3700 πατὴρ
817 3633 897 3685 καὶ
912 3632 1079 3683 πότνια
1092 3631 1263 3696 μήτηρ,
1278 3628 1390 3680 Ἢδὲ

330 3718 639 3781 κασίγνητος,
652 3711 784 3764 σὺ.δέ
796 3730 874 3775 μοι
886 3710 1078 3776 θαλερὸς
1095 3707 1389 3774 παρακοίτης.

330 3799 487 3848 Idem.
857 3828 862 3833 -

409 3875 590 3925 Verum»
606 3886 670 3922 ex
687 3869 764 3933 eo]
785 3866 850 3918 Id
873 3872 974 3930 est,
998 3862 1290 3926 Pamphilo.
1314 3863 1391 3913 Id.

405 3954 548 4002 Nunc
593 3950 769 3999 msera
821 3959 957 4009 quem
999 3941 1126 4005 capit
1165 3934 1392 4002 laborem]

338 4031 468 4080 Cum
488 4024 830 4078 admiratione
852 4018 1153 4084 pronuntiat
1168 4031 1319 4079 quem,
1335 4022 1393 4064 et

339 4121 460 4158 cum
480 4099 858 4152 exclamatione
880 4094 1116 4160 quadam.
1149 4092 1296 4141 Idem.

405 4183 560 4241 Quem
600 4175 730 4240 cupit
782 4171 1005 4234 ἀοὶοηηι]
1056 4168 1212 4218 Multi
1273 4165 1395 4216 libri

344 4255 545 4322 scripti,
580 4253 739 4304 etiam
764 4247 979 4312 antiqui,
1019 4243 1227 4306 habent,
1260 4257 1396 4307 quem

343 4336 468 4400 eqait
510 4326 748 4383 laborem?
780 4327 857 4377 ita
889 4323 1019 4388 legit
1053 4326 1112 4371 et
1141 4320 1399 4383 Donatus,

2313 375 2484 451 1131

1432 549 1559 600 licet
1598 548 1795 599 variare
1838 543 2099 606 videatur,
2154 542 2256 595 ita·
2284 543 2485 607 Eugra·

1433 625 1603 691 phiris,
1637 626 1725 692 qui
1742 626 1825 675 hic
1844 624 2046 673 laborem
2066 620 2261 684 accipit
2280 633 2376 683 pro
2398 618 2489 666 do·-

1436 705 1564 760 lore,
1605 703 1682 753 sio
1719 707 1777 751 ut
1814 700 2098 765 periculum
2131 709 2227 762 pro
2264 701 2491 758 tempta·

1434 787 1626 829 mento.
1660 777 1894 828 Fu'e'raus.
2050 783 2055 790 ·
2310 789 2313 792 ’
2486 775 2495 788 ’

1500 862 1532 905 5
1567 855 1811 919 Dolorem]
1848 852 2075 902 Dolorem
2101 846 2342 899 distinxit
2370 858 2490 909 pro-

1436 932 1536 982 be:
1573 939 1629 982 et
1666 938 1785 995 post
1823 929 1999 981 intulit
2037 925 2316 991 separatim
2351 920 2489 987 quod

1440 1011 1693 1076 sequitur,
1726 1011 1742 1039 ‘
1769 1009 1942 1058 Facile
1978 1005 2063 1056 hic
2095 1005 2211 1069 plus
2233 997 2353 1054 mali
2374 997 2491 1060 est,’

1439 1088 1492 1136 in
1516 1087 1694 1136 dolore
1717 1094 1772 1135 et
1794 1092 1936 1135 metu
1968 1083 2169 1133 scilicet
2199 1074 2490 1138 amittendi,

1440 1164 1625 1227 ‘quam
1647 1161 1753 1212 illic
1788 1158 1944 1222 boni‚’
1979 1157 2032 1208 in
2071 1158 2338 1207 voluntate
2370 1151 2495 1202 reti·

1440 1241 1616 1290 nendi.
1653 1242 1896 1290 Donatus.

1507 1319 1672 1369 Facile
1707 1318 1784 1367 hic
1810 1319 1920 1382 plus
1949 1315 2068 1364 mli
2097 1317 2187 1376 est,
2218 1325 2358 1376 qum
2393 1307 2496 1358 illic

1442 1396 1573 1460 boni]
1606 1395 1790 1459 Facile,
1823 1392 2123 1444 adverbium
2146 1386 2499 1439 confirmantis

1444 1482 1544 1537 est,
1569 1473 1621 1522 id
1644 1481 1745 1530 est,
1765 1470 1959 1537 liquido
1980 1475 2037 1518 et
2057 1464 2369 1517 manifesto.·
2394 1462 2498 1511 Ve-

1443 1557 1583 1601 teres
1607 1548 1877 1609 dicebant,
1892 1545 2060 1608 facile,
2083 1558 2178 1608 pro
2199 1547 2364 1591 certo.
2418 1538 2498 1588 Ut

1445 1628 1649 1693 Cicero,
1679 1628 1697 1655 ‘
1720 1626 1868 1676 Illius
1905 1621 2135 1674 civitatis
2168 1617 2320 1669 facile
2357 1615 2499 1681 prin-

1445 1704 1605 1771 ceps.'
1641 1705 1791 1754 Idem.
1902 1737 1903 1740 ,

1513 1780 1680 1831 Facile
1712 1779 1790 1828 hie
1813 1778 1922 1842 plus
1946 1774 2060 1825 muli
2089 1772 2184 1836 est]
2217 1771 2340 1822 Plus
2366 1767 2502 1829 mli,

1444 1858 1499 1909 in
1521 1857 1700 1907 dolore
1722 1861 1778 1905 et
1796 1860 1960 1915 metu,
1982 1857 2043 1901 ut
2077 1848 2313 1898 diximus.
2347 1844 2499 1894 Idm.

1510 1935 1675 1985 Facile
1701 1933 1779 1983 laic
1804 1933 1912 1996 plus
1938 1926 2054 1978 mali
2073 1925 2168 1988 est]
2203 1924 2358 1973 Certe
2383 1921 2501 1984 plus

1447 2012 1640 2063 doloris
1682 2011 1914 2062 exoritur
1956 2020 1990 2055 a
2026 2009 2169 2052 metu
2205 1994 2500 2055 amittendi,

1448 2105 1599 2156 quam
1638 2087 1740 2137 fuit
1778 2083 2019 2149 gaudium
2052 2080 2107 2129 in
2147 2076 2408 2138 voluptate
2444 2077 2502 2119 et

1450 2180 1546 2231 spe
1568 2160 1823 2229 potiundi.
1859 2155 2144 2208 Famem.

1520 2242 1677 2299 Quam
1712 2238 1811 2288 illic
1846 2233 1977 2297 boni]
2014 2232 2080 2281 In
2116 2238 2314 2280 summo
2347 2223 2501 2274 bono.

1451 2318 1601 2370 Dicit
1619 2316 1774 2377 enim,
1794 2328 1862 2364 ex
1883 2309 2028 2361 bouis
2045 2321 2159 2372 quae
2176 2304 2311 2355 bona
2325 2299 2505 2351 existi-

1450 2408 1669 2454 mamus,
1703 2393 1819 2456 plus
1859 2401 1952 2437 nos
1985 2384 2108 2435 mali
2138 2392 2346 2445 capere,
2383 2387 2504 2425 cum

1454 2481 1549 2523 aut
1559 2472 1832 2534 amissuros
1850 2481 1941 2516 nos
1958 2461 2236 2522 credimus,
2255 2462 2346 2507 aut
2361 2452 2509 2504 amit-

1454 2551 1646 2601 timusz
1698 2559 1848 2612 quam
1886 2540 2030 2604 boni,
2070 2551 2189 2589 cum
2241 2532 2506 2584 habemus.

1454 2626 1693 2677 Βοπαὴιε.

1526 2702 1682 2758 Quam
1715 2698 1819 2748 illic
1850 2693 1979 2757 boni]
2013 2690 2080 2741 Id
2113 2694 2215 2750 est,
2246 2686 2302 2736 in
2323 2683 2506 2744 amico,

1457 2785 1708 2837 amatore,
1732 2782 1789 2824 et
1808 2773 1936 2823 viro.
1970 2771 2120 2819 Idem.

1521 2855 1669 2905 6Μί
1704 2854 1858 2912 homo,
1893 2833 2511 2912 quidistucobseeroest]

1459 2933 1542 2983 Ex
1561 2930 1777 2997 Mysidis
1794 2926 1986 2986 verbis,
2004 2920 2124 2988 quid
2138 2919 2318 2968 Davus
2330 2911 2512 2972 faciat,

1458 3010 1859 3061 demonstratur.
1893 3003 2044 3052 Idem.

1527 3086 1659 3143 Quia
1691 3084 1816 3133 istac
1851 3079 2036 3128 obsecro
2074 3071 2170 3135 est]
2211 3068 2508 3121 Involutum

1459 3176 1677 3228 puerum
1714 3157 1957 3224 portabat
1977 3155 2182 3204 Davus:
2219 3153 2275 3196 et
2292 3145 2410 3195 ideo
2432 3141 2513 3190 di-

1460 3241 1537 3291 cit
1550 3238 1734 3288 mulier
1749 3251 1763 3285 2
1798 3237 1816 3264 ‘
1834 3230 1973 3285 Quid
1997 3230 2129 3278 istuc
2144 3223 2366 3274 obsecro
2381 3224 2462 3268 est
2474 3215 2512 3266 Ρ

1463 3317 1601 3367 Tum
1640 3315 1728 3363 ille
1773 3308 1967 3361 evolvit
2019 3314 2253 3369 puerum,
2294 3302 2351 3346 et
2385 3308 2511 3360 pro-

1465 3393 1604 3445 fert:
1629 3405 1780 3458 quem
1794 3392 2072 3451 postquam
2095 3373 2384 3442 expedivit,
2401 3377 2512 3421 tum

1464 3476 1554 3526 illa
1574 3473 1726 3533 dixit,
1756 3471 1774 3498 ‘
1792 3468 1912 3519 Quo
1934 3468 2113 3528 portas
2135 3469 2352 3523 puerum
2371 3451 2408 3500 ³⁹
2429 3451 2514 3501 la.

1528 3556 1560 3602 ’1
1597 3551 1702 3606 Quo
1718 3549 1883 3610 portas
1915 3535 2135 3605 pueram]
2157 3529 2410 3597 Glycerii
2434 3527 2515 3577 in-

1463 3626 1665 3677 fantem
1706 3620 1992 3672 involutum
2031 3609 2234 3676 profert
2266 3607 2320 3656 in
2359 3617 2518 3655 scena

1463 3704 1663 3763 Davus,
1690 3695 1949 3758 traditque
1971 3686 2190 3746 ancille,
2214 3682 2359 3749 quasi
2390 3693 2519 3745 pue-

1465 3796 1579 3831 rum
1600 3781 1766 3828 mater
1787 3780 1905 3822 ante
1924 3765 2144 3819 Simonis
2165 3761 2305 3812 fores
2326 3758 2519 3825 exponi

1466 3859 1722 3907 curasset.
1753 3845 2038 3900 Fun-nabin.

1531 3931 1708 3996 Mysis,
1741 3939 1865 3976 nanc
1901 3935 2016 3986 opas
2056 3915 2151 3979 est]
2189 3914 2323 3964 Haec
2359 3922 2518 3962 scena

1467 4015 1679 4059 actuosa
1719 4008 1820 4052 est.
1864 3995 2025 4060 magis
2067 3994 2217 4044 enim
2248 3991 2300 4039 in
2346 3995 2518 4052 gestu,

1468 4099 1621 4152 quam
1644 4083 1699 4133 in
1718 4078 1953 4130 oratioue
1972 4077 2056 4122 est
2086 4068 2381 4120 constituta.
2415 4063 2520 4112 Do-

1464 4168 1709 4301 matam,
1743 4244 1866 4281 nuuc
1903 4240 2016 4290 opus
2047 4220 2142 4286 est]
2178 4215 2518 4281 Properantis

1470 4321 1528 4367 et
1547 4315 1778 4378 impense
1800 4303 2002 4372 agentis
2038 4297 2178 4352 Davi
2200 4295 2358 4348 verba
2378 4307 2520 4346 mon·

1430 405 1599 458 Ao‘r.
1642 400 1748 459 1V.
1792 399 1899 456 ΒΟ.
1943 402 2058 452 111.
