3035 4941
687 379 1053 433 TEREN'rn
1104 378 1388 432 HBCYR.
1437 384 1605 432 ACT.
1656 383 1726 432 Va·
1766 385 1871 433 SC·
1922 384 2019 432 tv.

256 538 375 588 rem,
394 523 447 574 in
466 523 766 609 utilitatem,
782 526 835 577 id
855 532 955 589 est,
972 540 1068 591 pro
1090 540 1313 581 commo·

261 596 344 651 do.
378 596 526 649 Idem.

322 680 388 726 38
418 677 502 726 Λᾶ
532 677 680 725 malm
707 678 935 727 adducam
963 676 1145 742 partes]
1179 676 1315 727 vide

260 766 433 816 supra,
456 757 601 802 sc.·l.
634 754 763 803 Mer.
791 755 1108 805 Cosuubonus.

326 831 393 877 39
425 828 555 889 Ego,
597 831 709 877 dum
749 829 831 877 i110
873 830 1059 878 licitum
1098 829 1192 893 est]
1228 828 1314 879 An

259 904 511 952 meruerit
529 905 850 968 Pamphilus.
882 907 1122 956 Donatus.

328 979 463 1028 Dum
486 980 569 1028 illo
588 981 782 1030 licitum
803 988 893 1044 est,
922 998 1010 1032 usu
1029 998 1133 1033 sum
1153 982 1315 1046 benig-

259 1044 346 1117 no]
388 1055 525 1105 Dum
563 1055 760 1106 licitum
800 1066 900 1121 est,
941 1074 1037 1108 usa
1074 1074 1186 1109 sum
1227 1060 1315 1110 illo

258 1128 502 1196 benigno,
538 1136 637 1183 διο.
668 1134 922 1198 trajectio,
946 1135 1053 1185 sive
1079 1142 1317 1201 transpo-

258 1205 399 1272 sitio,
418 1209 594 1273 quales
629 1210 765 1273 apud
788 1211 1013 1272 optimos
1036 1212 1319 1276 scriptores

263 1296 369 1332 non
389 1298 587 1347 paucae.
621 1287 750 1335 Mer.
776 1287 1093 1336 Cusoubonus.

328 1365 395 1410 40
429 1361 724 1411 Incommode
756 1363 873 1431 mihi
916 1364 1102 1427 nuptiis
1142 1364 1322 1430 evenit]

259 1435 352 1486 Sic
393 1436 549 1498 dixit,
603 1438 1028 1502 quemadmodum
1085 1441 1321 1503 dicimus,

259 1512 278 1540 ‘
298 1512 366 1562 Ei
388 1515 521 1562 male
547 1514 758 1577 evenit,'
775 1523 866 1565 aut
888 1517 903 1543 ‘
918 1517 1062 1566 Bene
1086 1517 1134 1567 ei
1158 1518 1321 1567 conti-

262 1586 378 1657 git.'
411 1591 653 1639 Donatus.

328 1665 627 1717 Incommode
646 1667 764 1717 mihi
784 1669 966 1732 nuptiis
979 1668 1155 1733 evenit]
1190 1668 1319 1721 Ἀνθ-

262 1738 496 1807 νποφορᾶ.
565 1745 632 1793 Et
676 1755 756 1794 est
801 1746 949 1807 ordo,
988 1747 1321 1798 Incommode

259 1819 388 1869 mihi
410 1822 587 1869 evenit
608 1835 672 1870 ex
696 1822 891 1886 nuptiis
909 1839 923 1873 e
947 1831 1003 1873 et
1024 1824 1322 1884 incommode,

261 1910 361 1961 pro
380 1897 719 1948 incommodo.
752 1898 902 1948 Idem.

332 1971 560 2035 Nuptiis]
594 1974 756 2024 Deest
787 1990 866 2024 ex.
906 1982 965 2025 nt
996 1975 1085 2039 sit,
1120 1991 1183 2026 ea:
1202 1991 1321 2042 nup-

259 2047 370 2099 tiis.
404 2049 571 2100 Idem.

306 2178 319 2187 g
331 2123 626 2174 Incommode
642 2123 761 2174 milti
780 2122 960 2190 nuptiis
977 2125 1155 2189 evenit]
1172 2128 1224 2177 N
1229 2142 1322 2192 up

262 2198 357 2251 t'iae
382 2200 483 2250 illae
508 2215 607 2250 non
643 2201 693 2248 in
721 2215 830 2250 rem
864 2217 1064 2252 meam:
1106 2202 1227 2252 mihi
1251 2204 1325 2252 in-

262 2277 582 2328 commodae:
623 2275 812 2340 fateor,
836 2278 927 2327 sed
963 2278 1018 2328 id
1050 2280 1192 2329 nulla
1213 2294 1330 2331 mea

262 2353 445 2416 culpa,
468 2368 582 2418 quae
608 2353 862 2418 impedire
885 2368 988 2403 non
1011 2358 1175 2418 potui.
1198 2356 1328 2419 Mer.

266 2429 594 2481 casaubonus.
773 2488 779 2494 ἰ

278 2501 283 2504 ’
336 2506 752 2575 Factumjdeor]
785 2506 1120 2573 Ἀνθυποφορά.
1161 2508 1327 2560 Donu-

259 2588 365 2635 tus.

332 2664 398 2712 41
441 2662 520 2712 Ne
542 2664 594 2712 id
614 2663 783 2713 merito
802 2663 920 2713 mihi
936 2663 1166 2728 eveniret]
1187 2664 1330 2729 Ergo

263 2742 385 2792 hoec
403 2740 655 2805 dolemus,
673 2757 787 2819 quae
805 2742 988 2816 merito
1002 2742 1330 2807 contingunt.

266 2818 425 2868 Idem.

334 2899 404 2945 42
437 2893 601 2944 Multa
639 2909 703 2944 ex
737 2910 826 2959 quo
850 2892 1041 2954 fuer-int
1075 2897 1331 2962 commoda,

264 2965 398 3035 ejus]
434 2972 587 3023 Ratio
621 2987 715 3022 cur
756 2986 889 3021 nova
909 2971 1076 3021 omnia
1098 2973 1247 3034 fiant,
1276 2979 1333 3023 et

266 3058 460 3101 eontra
481 3048 706 3099 officium
731 3049 1036 3098 meretricis.
1069 3049 1219 3098 Idem.

286 3117 295 3122 ’
340 3127 507 3176 Multo
543 3142 606 3176 ex
627 3142 717 3189 quo
734 3124 927 3185 suerint
957 3127 1215 3188 commoda,
1236 3125 1336 3186 <ius

270 3203 568 3252 incommoda
602 3218 788 3267 oequum
827 3206 897 3253 est
919 3200 1079 3268 serre]
1120 3202 1238 3252 Hoc
1271 3217 1333 3253 eo

272 3288 454 3331 tractu
480 3281 642 3340 vociS,
677 3286 729 3329 et
765 3294 829 3328 ea
851 3279 1232 3343 aequanimitate
1258 3279 1334 3328 di·

270 3357 524 3420 cendum,
542 3359 691 3422 quale
715 3357 766 3406 in
785 3353 1058 3420 Adelphis,
1079 3357 1094 3384 ‘
1116 3355 1338 3408 Quando

269 3450 396 3486 eum
431 3440 686 3499 quaestum
721 3434 1024 3498 occoeperis,
1057 3432 1338 3497 Accipien-

275 3512 351 3561 da
385 3515 440 3561 et
462 3510 783 3560 mussitanda
812 3509 1003 3575 injuria
1040 3507 1337 3560 adolescen-

185 3608 189 3613 ·
272 3590 410 3639 tium
432 3587 546 3639 est?
580 3589 729 3637 Idem.

346 3666 467 3727 Eius
506 3663 816 3729 incommoda]
850 3663 987 3713 Vide
1038 3678 1194 3728 supra
1234 3669 1338 3714 act.

274 3757 359 3794 ιν.
379 3759 453 3791 sc.
475 3744 523 3791 2.
555 3744 570 3768 ⁸
588 3740 918 3789 Incommoda
941 3740 1083 3805 ejus‚'
1104 3753 1199 3802 pro
1219 3745 1234 3767 ‘
1253 3739 1340 3788 In·

274 3818 548 3871 commoda
570 3833 686 3884 quae
712 3832 777 3866 ex
800 3817 895 3867 eo!
947 3816 1085 3865 Vide
1105 3816 1263 3866 Phor.
1283 3830 1338 3865 v.

275 3902 331 3948 8.
365 3897 380 3924 ‘
400 3895 537 3945 Odio
575 3894 701 3956 tu0,’
723 3898 824 3945 &c.
859 3895 990 3944 Mer.
1020 3894 1338 3944 Cusuubonus.

346 3974 534 4023 Scmu
557 3986 632 4022 ιν.
665 3972 854 4021 Satura
887 3977 969 4019 est
1002 3971 1112 4021 haec
1136 3985 1341 4036 quoque

275 4064 455 4106 scena,
473 4064 537 4096 ex
553 4048 853 4097 Trochaicis
871 4047 1184 4097 tetrametris
1199 4056 1341 4098 cata·

276 4128 491 4178 lecticis
515 4132 569 4175 et
592 4125 865 4174 acatalect.
900 4123 1128 4187 itemque
1152 4123 1340 4173 lambi-

277 4195 360 4253 c‘is
383 4218 486 4253 non
522 4202 668 4251 unius
690 4201 907 4264 generis.
945 4199 1061 4248 vide
1088 4198 1341 4249 Faernum

277 4282 594 4347 praesertim.
642 4280 835 4332 Omnes
857 4279 1053 4334 addunt
1076 4277 1342 4329 Gramma-

1385 525 1481 577 tici
1501 526 1822 588 recensentis
1838 539 2063 587 nomen
2100 525 2346 591 ennepius
2361 543 2443 580 re·
2513 584 2519 589 ,

1384 603 1565 653 censui.
1597 602 1883 653 Boeclerus.

1453 683 1479 727 l
1525 679 1664 742 Vide,
1693 679 2033 741 nuiPonneno,
2053 677 2444 745 omnim-ut

1385 752 1503 803 ηιίΙιί
1524 755 1623 804 Ιιιεσ
1644 755 1802 820 certa]
1825 756 1971 804 Bene
1993 754 2094 803 hoec
2116 756 2331 819 repetit.
2356 772 2444 815 ve·

1387 844 1497 878 rum
1540 837 1620 880 est
1657 831 1812 894 enim,
1849 837 1909 880 ut
1930 830 2066 895 quod
2088 832 2276 882 misere
2299 833 2443 896 cupi·

1388 921 1525 967 mus,
1556 908 1608 956 id
1647 908 1805 957 etiam
1851 907 2052 958 tardius
2074 908 2344 960 credamus
2366 908 2445 960 ef·

1388 980 1601 1032 fectum.
1681 983 1771 1033 Sic
1819 991 1875 1033 et
1924 983 1977 1032 ἰιι
2027 983 2446 1039 Heautontimor.

1384 1059 1401 1086 ⁴
1418 1060 1534 1122 Ego
1558 1074 1741 1109 vereor
1764 1061 1944 1124 magis.
1947 1059 2232 1111 'Donatus-

1462 1136 1583 1186 Vide
1618 1136 1687 1186 mi
1719 1134 1981 1198 Parmeno]
2021 1137 2215 1187 Versus
2249 1136 2302 1186 hi
2341 1143 2480 1188 tro-ff

1390 1212 1556 1281 chaici
1599 1219 1721 1262 sunt
1759 1212 2087 1263 tetrametri.
2134 1212 2230 1263 sed
2271 1213 2359 1264 lu'c
2389 1220 2449 1262 et

1390 1290 1662 1353 septimus.
1685 1289 2030 1341 acatalectici.
2062 1289 2151 1339 alii
2173 1290 2449 1341 catalecti-

1392 1365 1460 1417 ci.
1497 1365 1731 1416 Faernus.

1428 1445 1488 1490 -2
1525 1442 1604 1490 Ne
1642 1457 1715 1491 me
1752 1441 1807 1491 in
1844 1440 1981 1492 breve
2013 1440 2452 1507 ωηίἰείηίηψη

1388 1518 1572 1577 gaudio
1590 1517 1675 1565 hoc
1685 1516 1817 1576 salso
1831 1515 1967 1580 frui]
1992 1515 2075 1566 Au
2094 1517 2222 1567 ordo
2245 1526 2346 1580 cst,
2369 1521 2451 1569 Nc

1391 1607 1466 1643 mc
1506 1593 1734 1654 conjicias
1757 1593 1871 1653 frui
1906 1594 1990 1644 Ιιοε
2017 1594 2148 1654 fulco
2187 1596 2367 1657 gandi·
2396 1596 2450 1647 in

1393 1671 1531 1720 breve
1564 1674 1779 1732 tempus?
1814 1669 1890 1719 ita
1926 1670 2123 1719 volunt.
2192 1671 2331 1721 Miro
2365 1686 2455 1735 ge.

1395 1760 1521 1801 nere
1579 1745 1887 1809 ὕπφβατυιῆς
1927 1743 2221 1809 συλλήψεις,
2270 1754 2330 1796 ut
2377 1749 2453 1798 sie

1398 1836 1665 1885 vocemus,
1701 1824 1892 1879 extulit
1935 1823 2071 1873 liunc
2116 1837 2341 1887 sensum,
2372 1824 2454 1876 Nc

1395 1914 1469 1967 me
1487 1898 1709 1960 conjicias
1729 1900 1974 1960 insalsum
1991 1904 2039 1949 et
2055 1898 2190 1949 breve
2202 1900 2453 1961 gaudium.

1395 1988 1463 2022 ne
1499 1989 1581 2024 me
1620 1976 1867 2039 conjicias
1902 1976 1952 2025 in
1985 1973 2169 2026 falsum
2192 1976 2457 2041 gaudium,

1394 2064 1497 2114 quo
1552 2051 1596 2099 si
1651 2051 1807 2101 breve
1858 2051 1922 2100 ad
1973 2056 2177 2114 tempus
2230 2049 2466 2111 fruerer,

1394 2132 1754 2175 evanesceret.
1820 2122 2088 2175 Affectus·
2075 2140 2185 2195 ipse
2205 2140 2321 2175 cum
2336 2125 2455 2191 φρά-

1396 2216 1470 2248 σει
1493 2202 1800 2264 exprimitur
1831 2201 1885 2251 ἐκ
1921 2200 2230 2290 τιιριζίώκου
2262 2203 2458 2255 Heaut.

1397 2291 1460 2328 ιι.
1481 2282 1531 2329 3.
1550 2283 1635 2330 51.
1681 2280 1802 2329 ‘Ne
1837 2294 1919 2329 mc
1958 2279 2009 2328 iu
2049 2272 2283 2329 laetitiam
2322 2279 2456 2331 frns

1401 2362 1482 2405 tra
1504 2355 1785 2420 conjicias!
1815 2363 1870 2405 et
1887 2370 1961 2406 vs.
1975 2359 2056 2407 61.
2079 2356 2253 2405 ‘Cave
2275 2369 2342 2404 ne
2359 2354 2455 2407 fal-

1399 2445 1505 2481 sam
1535 2433 1755 2496 gratiam
1790 2429 1998 2483 studeas
2034 2429 2203 2481 inire.’
2271 2431 2458 2483 Latine

1402 2508 1605 2558 scilicet
1645 2508 1856 2570 dicitur,
1899 2509 1962 2557 In
2000 2506 2240 2572 gandium
2279 2507 2457 2573 breve,

1403 2584 1469 2635 Iu
1516 2585 1759 2636 laetitiam
1803 2583 2009 2635 brevem
2062 2583 2324 2647 conjicere
2365 2584 2459 2633 ali·

1406 2678 1584 2734 quem..
1618 2678 1773 2729 quam
1807 2662 2036 2727 phrasin,
2073 2674 2178 2709 non
2221 2660 2464 2725 simplici,

1405 2749 1464 2791 ut
1487 2742 1733 2804 diximus,
1754 2741 1937 2805 figura,
1951 2741 2017 2790 ad
2035 2744 2217 2803 tempus
2230 2747 2461 2799 transtu·

1405 2819 1468 2868 lit
1510 2818 1700 2883 poeta·
1739 2819 1817 2867 Ne
1859 2833 1932 2866 me
1971 2817 2025 2865 in
2061 2816 2198 2868 breve
2238 2816 2482 2882 οοιῠίείη

1408 2901 1606 2960 tempus,
1625 2894 1957 2955 adfrumdum
1979 2893 2110 2953 salso
2127 2895 2322 2954 gaudio.
2344 2907 2462 2944 nam
2491 2953 2494 2958 g

1406 2982 1462 3025 et
1484 2977 1561 3024 ita
1583 2979 1774 3038 potest,
1799 2988 1860 3023 ac
1881 2972 2105 3023 fortasse
2123 2966 2301 3070 debet,
2321 2971 2462 3022 ordi-

1408 3052 1541 3102 nari.
1575 3051 1830 3101 Boeclerus.
2469 3115 2472 3120 Γ

1481 3127 1647 3195 Visum
1661 3128 1755 3191 est]
1775 3126 2004 3194 Dinerat
2024 3124 2348 3187 Pamphilus,
2373 3124 2458 3176 Vi-

1408 3206 1486 3266 de,
1500 3206 1568 3253 mi
1585 3205 1842 3266 Parmeno,
1867 3204 1950 3266 ὅτ.
1989 3201 2041 3251 id
2066 3208 2165 3261 est,
2201 3215 2328 3251 cave
2351 3203 2464 3253 dili-

1410 3287 1614 3344 genter,
1633 3279 1865 3343 provide,
1867 3282 1965 3327 διο.
1981 3275 2264 3341 respondet
2277 3277 2462 3327 eodem

1411 3356 1572 3406 verbo
1594 3356 1873 3418 Parmeno,
1906 3354 2057 3402 visum
2078 3356 2166 3402 est.
2200 3352 2235 3401 i.
2255 3360 2463 3408 cautum

1411 3448 1443 3482 a
1479 3447 1563 3481 me
1598 3438 1700 3495 est,
1736 3430 1997 3494 provisum
2037 3428 2334 3491 diligenter,
2363 3432 2484 3490 δια,

1410 3510 1485 3560 ita
1507 3523 1648 3570 mox,
1668 3508 1924 3557 Manedum
1945 3522 1962 3556 .-
1994 3501 2173 3555 moneo.
2208 3505 2348 3556 Mer.
2366 3507 2468 3556 Ga·

1410 3575 1691 3635 saubonus.

1476 3659 1615 3712 Deus
1654 3661 1783 3725 sum]
1820 3659 2015 3709 Heaut.
2050 3665 2151 3717 act.
2188 3671 2268 3708 ιν.
2305 3673 2384 3709 sc.
2416 3664 2467 3711 3.

1411 3738 1427 3766 ‘
1454 3737 1682 3786 Deorum
1693 3735 1859 3802 „vitam
1884 3734 2060 3798 adepti
2079 3732 2295 3784 sumus!
2317 3734 2470 3783 Idem.

1475 3818 1507 3862 4
1563 3811 1844 3875 Manedum]
1892 3811 2024 3861 Dum
2066 3809 2313 3860 abundat.
2362 3809 2470 3859 Do-

1410 3898 1576 3942 mus.

1478 3969 1638 4018 Timeo
1681 3981 1741 4015 ne
1776 3955 1909 4015 uliud
1944 3979 2044 4014 esse
2080 3965 2288 4024 credam,
2330 3969 2473 4027 utque

1411 4046 1546 4095 uliud
1587 4041 1804 4105 nuncies]
1843 4042 2169 4105 insperatum
2206 4040 2471 4104 gaudium,

1415 4122 1611 4172 somnio
1637 4120 1820 4168 simile.
1855 4119 1986 4167 Mer.
2014 4115 2326 4168 Casaabonm.

1479 4205 1508 4248 5
1547 4197 1631 4247 Sic
1658 4202 1706 4246 te
1727 4195 1909 4245 dixisse
1923 4192 2116 4259 opinor]
2151 4193 2288 4242 Miro
2311 4191 2470 4260 affec·

1418 4282 1475 4344 tu
1496 4274 1784 4336 inducitur,
1810 4273 1894 4322 vix
1927 4270 2116 4323 adduci
2152 4269 2219 4322 ad
2255 4271 2471 4321 creden·
