3035 4941
737 383 1107 435 'rssltssn'rn
1156 383 1483 434 ADBLPH.
1531 383 1697 433 Ac'r.
1745 386 1793 431 Ι.
1841 385 1949 434 SC.
1990 384 2071 434 11.

325 533 440 590 tur,
469 525 618 592 qnasi
651 527 988 577 confessionls
1012 541 1174 592 genus
1195 527 1279 590 ιιι,
1302 525 1391 576 sd·

323 605 616 653 versarium
639 606 888 667 tacuisse.
919 608 1150 655 Donatus.

332 709 343 717 -
397 680 476 730 ‘8²⁸³
494 681 605 744 quid
645 687 825 745 peccat,
864 680 1068 744 Demea]
1121 680 1392 731 Conclusio

327 753 507 806 dubia»,
530 759 605 806 rei
623 773 652 806 a
675 772 775 807 non
793 759 960 807 dubiis
981 765 1200 821 sumpta.
1239 759 1390 807 Idem:

336 865 341 868 -
397 832 457 882 Si
473 835 586 897 quid
601 839 784 897 peccat,
808 834 1008 898 Demea]
1041 836 1117 897 Τῷ·
1146 833 1394 897 ἰδιωτισμῷ

326 909 645 974 interposuit
677 912 890 961 Demea.-
924 919 978 961 et
999 912 1279 976 'repetitum
1295 918 1394 974 εις

323 992 512 1053 peccat.
546 986 715 1036 Idem.

368 1066 464 1110 36
498 1063 605 1124 Ego
628 1062 704 1112 illi
725 1064 983 1114 maximum
1007 1070 1187 1129 partem
1204 1064 1391 1142 seram]

324 1136 543 1198 Errant,
554 1137 670 1216 qui
708 1147 895 1201 putant
937 1142 1015 1190 iai
1051 1156 1167 1191 esse
1210 1156 1393 1206 prono·

326 1226 470 1276 men,
504 1229 659 1279 quum
702 1216 769 1264 sit
805 1217 1111 1267 adverbium
1144 1218 1278 1267 loci·
1314 1223 1392 1278 ιιι,

325 1292 347 1320 “
370 1290 463 1339 Illi
486 1306 600 1341 mea
623 1292 794 1342 tristia
816 1292 941 1355 fata,
962 1295 1392 1357 Degeneremque

327 1367 732 1430 Neoptolemum
751 1363 961 1417 narrare
980 1369 1274 1419 memento.’
1306 1370 1394 1418 Ina·

327 1456 458 1505 ergo
493 1441 582 1505 ibi,
613 1443 696 1491 nbi
728 1444 811 1493 ille
841 1451 1018 1509 peccat.
1082 1447 1261 1498 Quare
1285 1447 1394 1511 qui·

326 1518 477 1571 dam;
499 1521 656 1569 etiam
701 1522 739 1569 12·
774 1522 1019 1585 syllabam
1060 1523 1392 1573 discretionis

326 1607 509 1656 caiisa,
527 1605 585 1647 ut
602 1599 766 1648 locum
788 1600 1068 1664 significet,
1085 1602 1391 1666 corripiunt.

328 1672 407 1723 Et
450 1687 720 1724 mamam
775 1684 961 1740 partem
1003 1679 1202 1743 optime
1242 1678 1390 1728 dicit.-

327 1750 456 1800 Non
479 1753 614 1801 enim
647 1753 1088 1820 universam,'quia
1121 1771 1224 1805 non
1257 1758 1392 1805 solus

325 1833 483 1891 pater
495 1828 719 1879 AEs'chini
735 1839 840 1880 est:
864 1832 956 1882 sed
971 1847 1258 1896 maxumam,
1272 1834 1394 1897 quia

326 1904 445 1969 ejus
469 1906 628 1970 magis
651 1915 751 1970 est,
770 1909 915 1972 cujus
940 1909 1074 1959 filius
1096 1910 1255 1975 coepit
1277 1923 1390 1959 esse

325 1996 429 2048 per
453 1983 806 2046 adoptionem.
838 1988 988 2038 Idem.

397 2059 597 2123 Fctum]
615 2061 925 2121 ,Sustinebm
952 2064 1201 2115 tolerabo.
1242 2066 1391 2116 Idem.

398 2136 509 2198 Ego
521 2138 595 2187 tui
611 2140 868 2190 maximam
881 2141 1261 2205 parlemsemm]
1284 2143 1392 2192 Do·

325 2219 507 2274 natus,
523 2215 718 2276 ini,i.e.
745 2217 838 2278 ibi,
859 2218 941 2267 ubi
959 2228 1163 2281 peccat,
1181 2219 1390 2283 accipit.

326 2302 437 2338 non
471 2296 645 2341 tamen
679 2293 794 2343 haec
825 2295 932 2344 sola
967 2298 1100 2345 ratio
1130 2294 1267 2346 forte
1290 2303 1394 2359 est‘,

325 2366 658 2429 explicandae
704 2371 866 2434 vocis,
907 2373 952 2421 si
991 2373 1106 2437 quis
1164 2374 1393 2436 cogitare

328 2443 476 2493 velit.
512 2443 658 2496 addit
692 2447 928 2499 Donatus
965 2456 1250 2514 praeterea:
1284 2451 1300 2479 ‘
1324 2451 1395 2501 Et

325 2519 606 2570 maximam
649 2524 888 2588 partem,'
922 2529 1023 2577 ἄιε.
1088 2528 1246 2576 »Nunc
1283 2527 1394 2591 qui-

327 2595 472 2660 dem,
495 2599 807 2651 nniversam.
875 2603 958 2653 Ita
997 2604 1134 2653 enini
1172 2619 1289 2653 mox
1320 2604 1395 2654 di·

328 2674 436 2725 citt
474 2678 531 2724 de
561 2692 677 2728 meo.
741 2679 868 2742 Sed,
903 2680 945 2729 si
976 2694 1145 2730 sermo
1174 2681 1295 2745 hinc
1329 2681 1393 2730 ad

327 2752 583 2801 ulteriora
616 2756 916 2818 porrigitur,
950 2757 1220 2806 AEschiuus
1253 2759 1397 2806 here

328 2826 808 2894 ditatevaemeae,
841 2847 906 2882 ex
946 2848 1046 2898 qno
1083 2841 1232 2883 natus
1267 2841 1398 2896 erat,

328 2904 456 2953 olim
483 2920 599 2955 cum
631 2908 944 2972 ctesiphone
981 2909 1147 2960 fratre
1167 2910 1395 2960 debebat

330 2995 568 3033 cernere.
631 2984 778 3034 Sicut
802 2985 1024 3035 habetur
1046 2986 1184 3036 infra
1213 2995 1317 3037 act.
1343 2992 1398 3036 γ’.

329 3073 410 3109 sc.
433 3063 485 3110 3.
507 3074 583 3109 vs.
602 3064 687 3110 28.
711 3064 814 3114 &c.
848 3063 1107 3114 Boecterus.

399 3137 510 3198 Ego
531 3126 631 3200 illi]
670 3138 775 3187 Pro
797 3138 885 3201 ibi,
904 3148 974 3188 ut·
983 3141 1034 3189 in
1058 3155 1120 3191 ea
1145 3155 1201 3190 re
1219 3140 1397 3192 obser·

328 3212 478 3264 vavit
502 3214 814 3279 Excerptor.
849 3218 1021 3268 Faber.

397 3294 464 3340 37
519 3292 752 3356 Οόεοιιαι,
802 3300 960 3357 potat,
1003 3296 1100 3345 olet
1138 3300 1397 3357 unguenta,

326 3364 442 3431 afa]
464 3369 705 3418 Πυκνόσει
727 3371 947 3434 quadam
972 3371 1084 3422 haec
1107 3378 1398 3424 coacervat.

328 3442 523 3491 Varro‘
547 3444 639 3494 lib.
679 3458 755 3494 νι.
798 3446 866 3494 de
905 3449 964 3496 L.
1000 3448 1060 3498 L.
1118 3448 1194 3498 ita
1230 3448 1395 3499 citat:

331 3518 667 3583 ‘Scor-tatur,
712 3529 882 3587 potat,
925 3513 1033 3574 olet
1076 3523 1397 3590 unguentum

331 3596 400 3645 de
423 3596 576 3660 meo‚'
597 3598 647 3646 in
670 3615 774 3665 qno
796 3616 897 3650 non
927 3602 1270 3653 dubitandum
1295 3610 1401 3665 est,

331 3673 461 3737 quin
503 3688 620 3723 eum
663 3678 914 3727 memoria
948 3678 1215 3747 fefellerit.
1270 3681 1397 3730 Nec

332 3759 549 3801 movent
570 3767 653 3802 me
687 3755 773 3806 Fr.
808 3757 1002 3807 Floridi
1036 3757 1216 3806 Sabini
1239 3758 1398 3808 ratio·

329 3840 449 3889 nea,
470 3835 527 3876 ut
560 3842 735 3879 omnes
770 3833 940 3896 potius
975 3834 1184 3884 codices
1207 3835 1398 3884 Teren·

332 3904 506 3953 tianos
543 3907 894 3970 corrigendos,
943 3926 1095 3974 quam
1149 3908 1401 3975 ἁμάρτημα

330 3981 619 4042 μνημονικὸν
664 3986 882 4035 Varroni
928 3987 1260 4037 tribuendum
1306 4003 1399 4052 pu-

333 4050 463 4107 tem.
506 4057 645 4106 Alias
669 4059 804 4108 euim
829 4069 885 4110 et
908 4068 1205 4124 unguentum
1223 4065 1398 4126 legere

333 4131 661 4198 deberemus,
684 4135 820 4187 sicut
837 4144 920 4186 est
940 4138 1077 4201 apud
1095 4140 1401 4215 Varronem,

332 4222 438 4257 non
460 4215 720 4273 unguoenta,
743 4221 800 4261 ut
831 4213 1025 4264 liabent
1058 4204 1282 4279 codices,
1313 4217 1401 4265 In·

339 4293 562 4352 terpres,
606 4295 662 4339 et
691 4289 995 4363 Priscianus
1037 4292 1129 4344 lib.
1173 4307 1299 4343 vm.
1342 4300 1398 4344 et

2352 369 2524 434 1405

1466 525 1556 576 lib.
1586 540 1663 579 tx.
1731 528 1847 580 Jam
1882 527 1927 577 sl
1958 527 2195 577 monetur
2231 526 2399 578 Po‘e'ta
2434 541 2523 593 po·

1466 604 1674 665 suisset,
1697 619 1847 669 quam
1880 602 2080 667 frigide
2097 602 2381 655 inferretur
2403 620 2522 656 mox

1466 694 1621 729 versu
1653 688 1929 745 sequente:
1962 683 2124 730 aaut?
2162 679 2356 730 dabitur
2386 697 2417 729 a
2448 687 2522 732 m'e

1465 771 1573 818 arg.
1594 771 1710 821 quae
1737 757 1818 805 vel
1845 757 2123 806 sola'ratio
2145 757 2403 806 neminem
2427 758 2530 808 du&

1468 832 1637 882 bitare
1681 832 1805 882 sinit
1858 833 1925 881 de
1969 833 2191 883 verita'te
2240 835 2519 942 scriptum

1467 910 1685 961 usitate.
1717 911 1972 961 Boecleus.
2515 929 2521 936 ·

1472 1015 1481 1021 -
1535 987 1649 1035 Olet
1682 986 1946 1049 unguenta]
1981 984 2029 1035 A
2050 1001 2244 1046 summo
2270 986 2336 1036 ad
2366 986 2525 1036 imum

1468 1064 1733 1127 proposita
1756 1065 2045 1114 solvuntur.
2113 1065 2186 1114 Et
2206 1065 2342 1113 mira
2359 1063 2525 1113 varie

1468 1146 1549 1190 tas
1582 1149 1682 1202 est,
1729 1141 1838 1189 Olet
1878 1143 2150 1203 euwain.-
2198 1155 2263 1190 ne
2306 1140 2525 1203 diceret,

1467 1215 1706 1277 obsonat,
1740 1222 1908 1279 potat,
1951 1218 2178 1281 ungitur,
2221 1232 2287 1268 ne
2317 1218 2528 1268 ’scilieet

1466 1293 1580 1342 haec
1622 1293 2009 1343 exercitationis
2053 1295 2383 1358 palaestricae,
2420 1307 2528 1343 non

1468 1370 1685 1419 lu‘xnriae
1709 1369 2027 1420 dicerentur.
2062 1372 2303 1421 Donatius.

1533 1450 1598 1495 38
1627 1444 1799 1507 Amol]
1832 1445 1953 1510 Πρὸς
1972 1445 2048 1508 τὸ,
2075 1447 2370 1497 Curamat?
2414 1448 2494 1500 Id.

1533 1524 1667 1572 Dum
1686 1525 1780 1571 erit
1802 1524 2109 1587 commodum]
2142 1526 2285 1574 Dar'e
2307 1524 2530 1628 scilicet

1470 1599 1644 1650 Idem.

1519 1675 1667 1725 Dum
1684 1676 1778 1725 erit
1798 1675 2106 1739 commodum]
2147 1676 2400 1728 Asconius
2424 1679 2526 1730 Pe·

1469 1752 1653 1803 dianus
1709 1753 1762 1801 in
1806 1754 2011 1803 Veri-in.
2056 1767 2134 1802 iv.
2224 1757 2239 1783 ‘
2266 1754 2371 1803 Aut
2422 1770 2528 1804 eun

1455 1831 1686 1893 judicem,
1735 1845 1872 1894 quem
1904 1833 2192 1880 commodum
2226 1835 2370 1881 erati*
2424 1833 2526 1881 Ve-

1467 1913 1620 1957 n'uste
1645 1907 1826 1970 ‘posuit
1849 1922 1962 1971 :pro
1993 1921 2080 1967 eo,
2111 1922 2262 1972 quem
2295 1908 2525 1958 volebata

1378 2001 1387 2026 ι
1466 1985 1555 2035 Sic
1577 1984 1881 2034 Terentius:
1916 1985 2118 2034 ιιιιιιιι.ρ
2155 1985 2526 2035 dabitur-'ame

1469 2070 1761 2126 argentum,
1787 2080 1794 2086 ·
1821 2062 1939 2111 dum
2002 2064 2104 2112 erit
2166 2057 2527 2112 commodum!

1470 2139 1606 2188 Nam
1664 2137 1924 2187 meretrici
1996 2138 2120 2186 dare
2181 2139 2398 2201 quando
2445 2145 2528 2188 e'st

1467 2213 1822 2276 commodum?
1855 2212 1948 2262 sed
1972 2221 2056 2263 est
2079 2214 2303 2277 positum
2325 2229 2420 2278 pro
2442 2229 2526 2278 eo,

1468 2289 1996 2355 qnam-diu·libuerit.’
2047 2291 2305 2342 Boecle'm.
2413 2321 2418 2326 -

1540 2366 1636 2416 Ubi
1670 2367 1767 2416 erit
1800 2367 2105 2430 commodum]
2149 2367 2404 2417 Asconius
2427 2366 2530 2416 Pe·-

1469 2444 1653 2495 diauus
1685 2444 1750 2494 in·
1772 2445 2043 2495 Verrinam
2078 2459 2155 2497 iv.
2195 2445 2328 2495 male
2363 2445 2530 2509 expli·

1469 2531 1579 2584 cat,
1621 2530 1682 2573 ut
1730 2522 1786 2572 'et
1838 2523 2218 2572 Taubmannus
2258 2522 2311 2571 in
2356 2523 2531 2575 Planta

1472 2614 1594 2664 pag.
1615 2603 1729 2650 914.
1763 2599 1937 2649 faber.
1960 2621 1966 2632 =
2153 2628 2174 2635 ..

1502 2681 1601 2726 39
1637 2677 1736 2726 Ubi
1775 2692 1869 2726 non
1908 2676 2028 2740 erit]
2067 2676 2355 2741 Argentum
2390 2676 2530 2727 scili·

1470 2761 1588 2805 cet:
1624 2752 1717 2804 sed
1749 2757 2035 2809 commodam
2065 2757 2199 2818 dare,
2220 2754 2531 2843 subaudien

1470 2831 1592 2880 dum
1616 2838 1713 2881 est.
1747 2830 1982 2882 Donatus.
2026 2858 2030 2863 -
2105 2853 2124 2865 ··

1536 2908 1761 2955 Fortasse
1789 2907 2065 2955 excludetur
2086 2904 2252 2969 foras]
2302 2906 2422 2956 Hoc
2458 2908 2533 2956 ita
2616 2914 2628 2931 ⁰

1471 2981 1712 3045 protulit,
1729 2980 2058 3046 quasidicat,
2083 2981 2205 3030 nihil
2227 2981 2328 3031 sibi
2371 2982 2528 3044 depe·

1472 3058 1620 3121 risse,
1642 3060 1685 3108 si
1709 3059 1869 3123 gratis
1891 3058 2027 3109 forte
2048 3057 2208 3108 fuerit
2224 3058 2292 3108 ad
2308 3059 2527 3108 amicam

1472 3134 1741 3186 admissus.
1790 3136 1861 3185 Et
1884 3143 2045 3186 totum
2071 3136 2168 3184 lioc
2187 3137 2257 3199 ‘rq‘i
2277 3135 2530 3196 ἐξουθενισ·

1470 3214 1544 3277 μῷ·
1586 3211 1860 3277 legendum
1895 3220 1993 3262 est.
2059 3213 2132 3261 Et
2170 3213 2297 3261 mire
2318 3212 2532 3271 sortasse

1473 3290 1625 3352 dicit,
1649 3297 1710 3339 ut
1729 3296 1879 3352 pater
1913 3289 2204 3352 indulgens,
2224 3297 2292 3339 et'
2309 3287 2529 3338 credens

1473 3368 1854 3418 adolescentem
1895 3382 2045 3431 posse
2083 3367 2237 3415 etiam
2273 3367 2430 3415 amari
2462 3364 2529 3415 ab

1464 3440 1670 3497 amica:
1710 3459 1814 3494 non
1836 3444 1971 3494 enim
1994 3441 2287 3505 affirmavit,
2313 3451 2370 3492 ut
2394 3443 2532 3493 dice·

1470 3532 1575 3584 ret,
1594 3520 2043 3579 excludetursoras.
2079 3519 2247 3569 Idem.

1537 3602 1762 3651 Fortasse
1780 3597 2225 3660 excludeturfvros]
2262 3595 2343 3647 Ab
2366 3597 2533 3651 amica

1471 3693 1547 3728 sc.
1583 3691 1677 3727 seu
1714 3676 2008 3726 meretrice.
2093 3675 2331 3724 Donatus
2363 3689 2532 3725 mores

1450 3754 1718 3809 ,Micionis
1759 3753 1814 3805 in
1854 3766 1981 3800 voce
2013 3750 2226 3811 fortasse
2270 3752 2523 3859 agnoscit.

1475 3832 1644 3884 Quem
1668 3830 1802 3880 vide.
1837 3829 2099 3878 Boeczerus.
2141 3844 2144 3847 ·

1547 3907 1642 3958 Ubi
1670 3922 1761 3956 non
1794 3906 1906 3968 erit,
1929 3903 2144 3964 sortasse
2169 3905 2443 3955 excludetur
2453 3903 2534 3964 fo-

1472 3986 1579 4050 ras]
1641 3980 2104 4077 Elegantissimus
2126 3980 2395 4045 Interpres
2456 3983 2533 4033 sic

1476 4062 1636 4128 vertit
1655 4077 1670 4109 ε
1697 4060 1870 4115 Quand
1878 4057 1934 4117 je
1952 4073 1986 4106 ιι
1986 4054 2151 4120 ’courcy
2171 4059 2279 4120 plus
2298 4057 2346 4107 α’
2347 4065 2536 4123 argent,

1470 4138 1713 4204 peut-ecre
1724 4152 1809 4201 que
1823 4136 1875 4197 je
1896 4135 1938 4183 le
1954 4133 2195 4197 chmeray
2216 4148 2279 4183 au
2298 4136 2438 4196 logis.
2456 4134 2531 4185 At

1474 4218 1630 4281 longe
1653 4215 1791 4265 aliud
1819 4211 2011 4262 Micio:
2048 4224 2151 4260 non
2179 4212 2317 4260 enim
2343 4211 2409 4261 de
2439 4226 2532 4261 ex·

1468 4293 1702 4351 clusione
1727 4306 1792 4341 ex
1814 4287 2012 4341 aedibus
2041 4285 2146 4337 suis
2181 4287 2396 4352 cogitat,
2417 4288 2533 4355 ,sed
