3035 4941
781 370 1147 422 'rmum'rn
1195 371 1431 421 ANDR·
1480 371 1644 420 AGT.
1693 371 1771 421 11.
1817 372 1924 422 SC·
1972 373 2020 421 Ι.

308 516 420 566 dee
435 530 642 580 opum,
664 515 769 573 Qui
787 517 938 568 &aas
955 530 1160 568 moran
1186 531 1250 567 e:
1269 516 1369 567 cni·

306 607 381 641 aa
423 607 637 642 emmas
673 598 776 644 tuo.
862 594 974 643 Hos
1017 593 1146 643 duos
1190 608 1365 643 versus

305 682 463 718 unum
485 675 686 719 tautam
719 670 1033 721 trochaicum
1063 670 1367 721 acatalecti-

304 759 423 795 cum
468 754 711 811 putamus
764 761 897 810 esse,
949 750 1146 812 rejecta
1201 748 1368 812 prima

302 822 421 886 ejus
465 824 671 887 syllaba
713 824 769 873 in
817 823 971 874 finem
1017 825 1366 889 precedentis

304 915 508 964 versus,
526 901 867 967 detractoque
885 903 938 952 in
955 901 1221 953 scansione
1247 918 1364 967 pro·

310 977 520 1027 nomine
556 982 669 1028 tao:
697 979 835 1043 quod
854 978 1184 1029 subditicium
1217 987 1367 1043 puta-

300 1071 437 1120 mus,
469 1063 529 1107 et
550 1063 725 1111 tamen
745 1057 814 1108 oh
837 1059 1182 1108 reverentiam
1203 1059 1366 1109 omni·

299 1149 389 1185 um
416 1135 689 1198 librorum,
725 1136 779 1184 in
815 1135 1153 1199 impressione
1175 1135 1365 1185 retine·

299 1225 450 1262 mus:
484 1211 640 1262 aliter
658 1212 712 1262 hi
735 1212 838 1261 dno
862 1225 1037 1263 versus
1053 1210 1186 1261 adeo
1204 1211 1366 1276 impe-

301 1286 402 1338 diti
445 1296 587 1352 sunt,
632 1296 690 1338 nt
733 1303 835 1338 non
879 1288 1033 1339 facile
1076 1288 1221 1353 cnjus
1263 1289 1369 1339 sint

299 1368 534 1433 generis,
552 1376 881 1432 agnoscatur.
924 1368 1151 1418 Faernus.

370 1443 506 1502 Quid
527 1445 620 1507 nis,
638 1443 880 1509 Hya-hia]
925 1445 1206 1495 Consilium
1230 1443 1367 1494 senis

301 1521 371 1573 de
411 1523 687 1588 Pamphilo
722 1524 789 1575 ad
822 1539 1033 1575 uxorem
1073 1523 1365 1574 ducendam

302 1598 584 1664 adigendo,
628 1601 787 1651 etiam
823 1601 1045 1652 Charino
1068 1610 1270 1652 mature
1293 1602 1369 1651 in·

300 1687 603 1742 notescere,
615 1679 902 1744 argumenti
914 1695 1092 1742 causa,
1111 1679 1331 1730 debehat
1352 1695 1366 1729 ε

302 1755 348 1804 is
381 1769 529 1820 ergo,
552 1763 612 1805 ut
643 1757 863 1821 primum
893 1771 959 1805 ex
991 1770 1142 1805 servo
1178 1769 1368 1820 coguo-

298 1832 488 1894 visset,
530 1832 656 1897 quid
690 1839 979 1897 pararetur,
1009 1832 1190 1883 anxius
1213 1832 1368 1883 animi

300 1907 368 1957 ad
396 1909 727 1972 Pamphilum
758 1918 1039 1974 properat3
1088 1923 1189 1974 quo
1220 1907 1368 1959 fami-

298 1984 780 2037 liariterutebatur.
803 1987 1059 2040 Quaerunt
1073 2001 1195 2050 ergo
1209 1984 1366 2050 aliqui

293 2075 399 2110 cnr
438 2062 694 2112 Charinus
730 2077 980 2129 nusquam
1009 2078 1065 2114 se
1104 2064 1365 2114 conscium

296 2139 492 2188 amoris
533 2139 789 2205 Pamphili
819 2156 943 2205 erga
966 2141 1267 2206 Glycerium
1288 2156 1366 2190 os-

296 2214 511 2274 tendat,
539 2215 694 2265 homo
729 2215 919 2266 sodalis
952 2225 1011 2267 et
1046 2218 1271 2267 amicus:
1312 2225 1369 2267 et

300 2300 592 2356 propterea
612 2293 912 2343 existimant
928 2291 1147 2358 factum,
1167 2302 1224 2344 ut
1243 2294 1369 2344 nihil

298 2383 365 2418 ex
410 2370 684 2419 anxietate
732 2368 945 2420 Charini
1002 2372 1364 2421 relaxareturz

301 2447 441 2512 qnod
481 2445 716 2498 futurum
747 2456 880 2512 erat,
912 2448 956 2498 si
994 2449 1045 2499 ei
1087 2455 1370 2514 constaret,

298 2523 634 2590 Pamphilum
673 2525 778 2575 alio
836 2539 1008 2575 amore
1051 2534 1369 2591 occupatum

298 2614 420 2651 esse
442 2619 456 2651 z
492 2603 760 2667 possitque
783 2604 848 2653 ad
877 2604 1011 2653 hunc
1033 2617 1238 2653 sensum
1264 2610 1370 2653 tra-

292 2677 371 2741 -hi,
410 2679 553 2743 quod
599 2685 703 2729 act.
745 2693 809 2729 ιι.
842 2670 918 2729 sc.
952 2684 1002 2730 6.
1029 2695 1104 2731 vs.
1139 2685 1218 2733 18.
1251 2682 1372 2730 clam

302 2754 500 2805 dicitur
522 2770 744 2816 amasse,
777 2763 832 2807 et
867 2772 928 2807 ae
957 2758 1171 2818 infamia
1190 2758 1283 2808 sibi
1304 2773 1370 2807 es-

294 2832 606 2894 senonense.
673 2834 754 2882 Ex
796 2833 1032 2897 divers03
1075 2849 1175 2884 non
1200 2836 1371 2900 potuit

303 2907 474 2957 latere
524 2907 823 2972 Charinum,
869 2924 1022 2975 quam
1067 2910 1274 2961 assidue
1318 2911 1370 2960 in

304 2983 511 3034 domum
535 2985 806 3049 Chrysidis
829 2987 1101 3037 ventitarit
1128 2989 1371 3052 Pamphi-

293 3061 399 3123 ·lus,
420 3076 594 3126 eaque
629 3061 896 3126 defuncta,
929 3077 1154 3113 amorem
1179 3064 1374 3129 Glyce-

301 3140 363 3189 rii
386 3141 438 3189 in
461 3138 649 3191 funere
672 3141 785 3205 ipse
807 3143 1123 3208 prodiderit=
1157 3143 1289 3192 adeo
1311 3151 1371 3193 ut

293 3211 553 3266 'Chremes
589 3231 728 3278 mox,
761 3219 903 3268 velut
927 3233 991 3268 ex
1016 3219 1273 3268 communi
1295 3217 1373 3268 fa·

303 3307 402 3356 ms,
418 3293 699 3357 comperisse
714 3308 770 3343 se
786 3294 948 3358 dicat,
965 3296 1272 3360 Pamphilum
1282 3310 1372 3359 pro

301 3384 448 3419 uxore
464 3370 636 3419 habere
652 3371 772 3440 hanc
783 3374 1115 3435 peregrinam.-
1134 3371 1252 3421 vide
1270 3388 1373 3422 om·

303 3446 425 3496 nino
466 3448 734 3496 Donatum
762 3448 826 3497 ad
864 3449 953 3498 illa
990 3448 1193 3499 verba.-
1229 3449 1373 3512 Jam,

288 3524 511 3588 *quando
535 3524 789 3574 Charinus
811 3523 864 3574 in
888 3525 1089 3574 Davum
1131 3526 1373 3589 increpat

288 3608 406 3649 act.
429 3614 513 3651 ιν.
534 3614 614 3651 sc.
648 3606 693 3651 1.
717 3615 792 3651 vs.
809 3604 895 3652 42.
927 3603 943 3630 ‘
964 3603 1096 3663 Eho,
1119 3602 1203 3651 dic
1229 3601 1373 3665 mihi,

303 3674 344 3724 si
369 3690 549 3726 omnes
582 3677 718 3727 hunc
751 3680 1041 3742 conjectum
1076 3678 1128 3727 iu
1163 3679 1372 3742 nuptias

303 3753 498 3804 inimici
534 3754 749 3817 vellent,
783 3756 923 3819 quod
954 3754 1053 3804 nisi
1080 3755 1178 3805 hoc
1200 3755 1370 3805 consi·

292 3830 427 3880 lium
466 3831 656 3882 darent
669 3831 707 3881 Ρ
740 3832 955 3882 multum
980 3832 1205 3882 decedet
1228 3832 1296 3881 de
1320 3833 1369 3881 vi

303 3907 702 3972 objurgationis,
743 3908 785 3957 si
818 3907 884 3958 ab
924 3910 1107 3973 ignaro
1139 3923 1371 3958 amorum

293 3984 572 4050 Pamphili
603 3985 721 4035 haec
754 3984 915 4034 verba
937 3984 1369 4049 proficiscantur:

305 4067 359 4110 et
383 4075 543 4111 scena
577 4060 907 4125 insequente,
942 4062 1192 4110 Charinus
1224 4060 1373 4110 audit

305 4137 569 4202 Pamphili
603 4138 869 4202 querelam
906 4144 962 4188 et
995 4152 1111 4188 cum
1141 4137 1371 4203 Myside,

290 4214 371 4263 ·de
394 4215 666 4278 Glycerio,
689 4229 970 4277 sermones,
996 4230 1099 4265 non
1126 4224 1372 4281 tanquam

305 4303 415 4341 rem
460 4305 670 4354 novam,
704 4291 795 4341 scd
838 4292 1004 4357 probe
1049 4291 1145 4346 sibi
1179 4301 1371 4348 notam.

2335 361 2505 448 ¹07⁷

1444 515 1703 568 videatur
1745 519 1922 583 itaque
1955 518 2277 573 id·timuisse
2324 519 2506 570 Chari-

1444 609 1560 659 nus,
1592 598 1691 646 vim
1731 607 1789 648 ut
1829 608 1999 663 posset
2020 598 2159 649 ferre
2182 600 2506 665 Pamphilus,

1441 680 1498 724 ct
1520 675 1685 738 patris
1723 675 1991 740 imperium
2030 676 2355 727 detrectare:
2390 685 2503 728 tum

1440 764 1540 800 nec
1564 751 1690 819 illud
1712 750 1780 802 ad
1799 751 1956 803 fidem
1980 751 2188 804 difficile
2211 760 2327 804 erat
2348 753 2504 804 Pam·

1444 827 1634 892 philum
1676 827 1882 892 fecisse,
1923 838 2015 881 aut
2056 828 2318 881 facturum
2362 844 2502 894 esse,

1441 904 1577 968 quod
1635 896 1778 969 saepe
1823 906 2185 957 adolescentes
2228 907 2502 969 solebant;

1438 986 1501 1029 nt
1540 980 1605 1031 ah
1647 982 1900 1046 ejusmodi
1940 998 2132 1046 amore,
2180 983 2247 1034 ad
2289 984 2500 1047 nuptias

1441 1065 1550 1109 tum
1570 1059 1883 1110 auctoritate
1917 1061 2106 1125 patria,
2130 1069 2239 1111 tum
2261 1076 2355 1112 sno
2378 1076 2504 1126 quo-

1440 1136 1559 1186 dam
1582 1137 1816 1199 consilio,
1859 1139 2096 1189 revocari
2116 1153 2173 1188 se
2196 1146 2501 1204 pateretur:

1440 1213 1555 1263 haec
1588 1213 1652 1264 ad
1683 1214 1998 1266 auxietatem
2033 1215 2244 1266 Charini
2266 1217 2500 1266 excitan-

1442 1291 1561 1341 dam
1606 1297 1662 1341 et
1699 1292 1936 1343 alendam
1975 1293 2104 1345 satis
2136 1294 2382 1343 momenti
2413 1293 2505 1343 ha·

1430 1367 1574 1418 -bere
1601 1374 1904 1433 potuerunt.
1971 1370 2124 1422 Quod
2147 1370 2284 1419 enim
2307 1369 2501 1419 nullam

1441 1444 1588 1508 hujus
1625 1446 1700 1495 rei
1737 1447 2043 1497 mentionem
2081 1445 2228 1509 facit,
2257 1460 2426 1511 neque
2447 1446 2504 1494 ln

1443 1523 1609 1585 primo
1626 1522 1906 1587 colloquio,
1918 1537 2085 1588 neque
2103 1522 2361 1587 injurgio,
2378 1522 2503 1573 dua-

1444 1597 1538 1648 bus
1559 1598 1626 1648 de
1644 1600 1838 1649 caussis
1872 1598 2068 1650 factum
2105 1600 2269 1651 videri
2293 1605 2501 1664 potest=

1430 1690 1660 1739 ,quarum
1696 1677 1863 1727 altera
1896 1676 1962 1727 ad
1993 1675 2054 1725 τὸ
2092 1674 2238 1728 advos
2271 1675 2504 1741 Charini,

1443 1753 1530 1802 cui
1552 1751 1677 1802 nihil
1716 1752 1854 1803 aliud
1885 1753 1985 1804 nisi
2006 1753 2312 1804 Philumena
2336 1753 2388 1802 in
2410 1765 2503 1802 ore

1443 1835 1578 1893 erat,
1613 1830 1781 1880 altera
1814 1830 1880 1881 ad
1925 1831 2176 1881 rationem
2221 1831 2453 1895 pertinet
2487 1844 2504 1881 z

1441 1905 1639 1957 nullum
1666 1906 1805 1955 enim
1837 1906 1957 1956 hinc
1993 1914 2352 1970 argumentum
2391 1903 2505 1971 peti

1432 1989 1671 2046 poterat,
1713 1997 1817 2047 quo
1868 1974 2166 2047 Pamphilus
2223 1996 2256 2031 a
2306 1982 2504 2044 nuptiis

1443 2059 1786 2108 avelleretur:
1822 2072 1922 2109 nec
1956 2058 2182 2109 decebat
2204 2057 2503 2121 Charinum,

1442 2135 1719 2198 ingenuum
1733 2143 1789 2184 et
1804 2135 2077 2186 honestum
2101 2134 2507 2196 adolescentem,

1443 2218 1630 2275 aperte
1665 2210 1884 2260 suadere
1916 2209 2209 2275 Pamphilo,
2245 2218 2308 2259 ut
2339 2208 2506 2259 amori

1444 2289 1620 2353 potius
1658 2303 1810 2352 quam
1844 2289 2028 2353 pudori
2058 2287 2222 2351 patris
2252 2286 2507 2350 obseque-

1445 2372 1608 2415 retur.
1652 2364 1836 2415 Fiebat
1857 2366 1991 2414 enim
2011 2378 2174 2428 saepe,
2188 2371 2247 2413 ut
2263 2363 2507 2427 diximus,

1443 2452 1497 2495 et
1520 2444 1635 2495 fieri
1659 2445 1850 2496 debere
1873 2443 2171 2506 videbatur,
2193 2449 2252 2494 ut
2278 2442 2346 2491 ab
2365 2455 2505 2491 amo-

1443 2522 1587 2573 ribus
1612 2523 1676 2572 ad
1700 2521 1929 2586 nuptias,
1952 2521 2306 2572 adolescentes
2331 2518 2508 2568 tradu-

1442 2605 1706 2649 cerentur.
1773 2599 1873 2648 Sed
1926 2597 2036 2647 haec
2090 2603 2354 2661 utcunque
2397 2593 2506 2644 ani-

1442 2675 1717 2726 madversa
1754 2682 1809 2725 et
1841 2674 2139 2725 existimata
2167 2678 2338 2732 erunt,
2367 2668 2506 2720 hand

1443 2753 1495 2803 in
1523 2768 1709 2817 magno
1730 2751 1971 2818 equidem
1989 2764 2174 2816 ponant
2189 2748 2505 2800 discrimine.

1444 2829 1703 2880 Boeotem.

1509 2907 1573 2957 C.
1600 2907 1732 2963 Quia
1752 2908 1846 2966 ais,
1874 2903 2108 2971 Byr-thia]
2143 2903 2227 2953 Ne
2249 2901 2515 2951 Philume-

1444 2996 1533 3042 na,
1572 2996 1604 3031 a
1648 2981 1923 3045 Pamphilo
1967 2978 2263 3044 repudiata,
2302 2977 2509 3027 omnino

1443 3065 1625 3123 spreta
1663 3065 1719 3107 et
1748 3058 1958 3107 deserta
1991 3055 2279 3117 videretur,
2311 3054 2378 3103 ad
2403 3054 2511 3115 ple·

1444 3150 1562 3185 nam
1602 3134 1883 3185 Comoediae
1924 3130 2307 3195 Catastrophen
2345 3130 2510 3178 intro-

1445 3212 1657 3262 ducitur
1680 3214 1813 3260 alter
1836 3217 2050 3260 amator.
2090 3205 2378 3258 Fan-namus.
2509 3273 2512 3276 Δ

1511 3288 1597 3337 Sic
1617 3286 1713 3350 est]
1746 3286 1864 3336 Hoc
1887 3300 2005 3335 cnm
2027 3283 2386 3348 indignatione
2407 3287 2512 3329 sto·

1443 3364 1611 3413 machi
1635 3362 1785 3412 dicit.
1819 3362 2057 3411 Donatus.

1510 3446 1543 3491 2
1581 3441 1680 3498 Qui
1701 3440 1816 3504 scis]
1865 3439 1987 3489 Non
2024 3438 2138 3488 vult
2170 3436 2306 3486 enim
2331 3449 2508 3485 verum

1446 3533 1578 3569 esse.
1615 3514 1750 3574 Qui?
1775 3516 2069 3581 quatenus?
2094 3514 2232 3564 unde
2255 3516 2350 3563 hoc
2375 3512 2511 3561 scis?

1445 3597 1600 3646 Idm.

1509 3675 1655 3739 Apud
1684 3672 1874 3736 sorum]
1927 3669 2009 3719 De
2052 3671 2186 3719 loco.
2254 3666 2337 3716 De
2379 3674 2510 3715 tem·

1447 3768 1597 3817 pore,
1638 3752 1793 3801 modo.
1860 3749 1947 3798 De
1986 3760 2226 3813 persona,
2262 3747 2322 3794 dc
2352 3745 2510 3794 Dum.

1446 3832 1617 3883 Idem.

1509 3908 1662 3972 ,Apud
1672 3906 1839 3967 soram
1860 3921 1886 3956 e
1910 3905 2052 3954 Davo
2065 3900 2255 3964 audivi]
2276 3897 2512 3949 Plurima

1448 3985 1584 4035 dixit
1606 3983 1673 4033 ad
1696 3981 2103 4032 confirmandum
2125 3978 2333 4043 Byrria,
2351 3988 2514 4040 quan·

1448 4062 1519 4112 do
1557 4062 1909 4122 interrogatus
1942 4065 2042 4119 est,
2082 4072 2115 4107 a
2148 4057 2281 4115 loco,
2312 4067 2340 4104 a
2380 4059 2512 4102 tem-

1447 4152 1602 4205 pore,
1623 4153 1653 4185 a
1675 4150 1916 4200 persona.
1954 4135 2105 4183 Idem.

1512 4215 1656 4279 Apud
1685 4217 1852 4277 forum
1892 4213 2027 4262 modo
2070 4224 2097 4261 ο
2141 4207 2284 4258 Davo
2325 4206 2512 4270 audivi]

1450 4294 1692 4348 Donatus
1712 4295 1845 4350 bene
1867 4293 2023 4359 jubet
2043 4288 2309 4346 observari
2329 4285 2512 4340 Poeta
