3035 4941
183 3917 188 3921 -
291 3883 386 3941 cis,

440 395 443 398 -
486 362 851 415 TERENTH
907 325 1542 422 HBaU'roN'rlunR.
1588 364 1752 413 Ao‘r.
1800 364 1902 412 tv.
1950 364 2054 413 SC.
2103 365 2216 413 111.

285 511 508 557 tractum
528 521 596 559 ex
627 508 812 560 itinere
833 523 1021 573 parens
1038 508 1214 560 necari
1227 508 1339 573 jus-

283 584 385 634 sit!
452 585 639 634 Salust.
675 586 958 637 Farnobius.

351 662 611 710 Retraham
635 662 909 723 fugitivum
940 660 1218 723 argentum]
1256 661 1341 710 De

280 738 381 788 hoc
425 739 540 788 loco
566 738 616 785 in
639 739 739 789 vol.
760 752 827 789 ιι.
879 739 1223 802 Epistularum
1256 751 1342 787 ac-

280 821 390 866 tum
409 822 509 864 est.
543 815 718 866 Faber.

342 895 528 943 semu
569 907 658 943 nr.
713 893 932 944 Iambici
974 900 1029 943 et
1071 892 1343 944 Trochaici

276 970 595 1023 Tetrametri
619 971 931 1022 Catalectici
962 978 1103 1034 sunt,
1123 985 1240 1019 cum
1264 985 1343 1021 se·

279 1050 425 1100 uario
450 1048 737 1099 horizonte.
785 1064 859 1100 vs.
894 1054 972 1098 14.
996 1063 1173 1099 ornnes
1213 1050 1343 1104 Mss-

279 1125 484 1176 nostri:
508 1127 623 1189 quid
644 1126 831 1184 facim
863 1127 929 1174 ma·
967 1121 1129 1188 Syre?
1162 1140 1236 1175 vs.
1262 1129 1341 1176 19.

280 1215 499 1251 omnes:
532 1206 694 1251 noster
714 1216 833 1251 reso.
866 1200 918 1251 il.
959 1215 1032 1252 vs.
1049 1204 1130 1250 35.
1164 1214 1341 1250 omnes

277 1278 621 1341 interponunt
656 1277 775 1325 nmilia·
814 1283 937 1326 ante
975 1275 1032 1324 τὸ
1060 1276 1224 1340 eripis.
1265 1291 1341 1326 vs.

278 1358 362 1403 3⁷.
396 1369 549 1416 nnus,
574 1359 633 1403 ut
661 1353 935 1414 edidimus,
960 1351 1057 1402 nisi
1093 1352 1227 1417 quod
1253 1353 1340 1401 ad·

276 1430 453 1481 ditde.
474 1429 608 1480 duo:
629 1430 936 1493 parnieni-as.
954 1445 1028 1480 vs.
1044 1433 1126 1480 38.
1143 1445 1342 1495 omnes,

277 1509 472 1556 tandem
493 1520 586 1569 pro
607 1511 815 1555 etatem.

366 1580 563 1632 Confer
595 1583 693 1632 hoc
725 1584 1014 1670 exemplum
1040 1582 1220 1633 Cliniae
1260 1584 1344 1633 lae-

280 1659 460 1723 tantis,
482 1674 601 1709 cum
625 1661 842 1710 Chaerea
882 1675 934 1710 tn
970 1662 1250 1710 Eunucho.
1285 1666 1343 1709 et

282 1736 423 1800 vide,
451 1753 608 1802 quam
647 1737 736 1787 illa
769 1738 1000 1788 Chaereae
1034 1737 1223 1788 laetitia
1272 1738 1369 1789 sit·

280 1823 531 1878 proterva
553 1820 610 1863 et
631 1816 778 1878 levis,
800 1816 991 1880 quippe
1012 1815 1079 1865 oh
1101 1813 1304 1865 facinus
1322 1832 1339 1867 z

281 1892 403 1941 haec.
437 1891 619 1942 Cliniae
652 1893 853 1943 sincera
884 1899 941 1944 et
974 1894 1215 1953 honesta,
1251 1908 1344 1958 spe

280 1970 510 2020 innocua
529 1970 767 2034 exoptati
799 1970 1121 2020 matrimonii.
1188 1971 1345 2020 Utra-

282 2062 384 2112 que
402 2047 707 2097 immodica:
743 2045 832 2095 sed
854 2047 1015 2095 altera
1033 2046 1238 2096 invidioe
1258 2061 1345 2095 ex·

282 2124 491 2187 posita3
526 2123 694 2172 altera
716 2120 881 2170 favori
915 2129 972 2171 et
1007 2120 1345 2185 indulgentiae

282 2199 515 2264 propior.
549 2199 808 2248 Boeclerus.

349 2281 376 2325 1
414 2276 566 2325 Nulla
590 2276 698 2337 jam
728 2275 848 2325 mihi
882 2274 985 2338 res]
1015 2274 1253 2325 Alloeutio
1274 2280 1346 2326 est

284 2353 466 2404 Clinia*
485 2353 747 2403 exultantis
762 2351 959 2413 gaudio,
981 2352 1102 2416 quod
1127 2366 1212 2401 sua
1231 2351 1348 2401 anti·

280 2445 338 2483 ea
356 2431 427 2480 sit
447 2430 656 2492 cognitu.
697 2428 784 2478 Ita
804 2428 933 2478 dicit
955 2437 1181 2478 mentem
1205 2442 1347 2478 suam

283 2511 551 2555 oneratam
573 2505 786 2568 gaudio,
819 2512 879 2554 ut
902 2506 1043 2554 nulla
1075 2519 1157 2555 res
1182 2505 1347 2568 possit

280 2580 632 2642 intercedere,
675 2597 791 2646 quae
825 2580 1031 2631 adferat
1081 2582 1347 2645 aegritudi-

282 2674 424 2710 nem.
486 2658 847 2721 AEgritudinem
876 2658 1029 2720 dixit,
1067 2673 1162 2722 pro
1200 2658 1347 2721 aegri-

283 2735 478 2797 monia,
517 2734 570 2782 id
608 2740 710 2796 est,
754 2734 972 2783 tristitia
1014 2736 1096 2784 vel
1137 2734 1347 2784 infirmi-

284 2822 419 2866 tate.
453 2814 783 2877 Bag-raphim.

348 2896 381 2941 3
417 2891 556 2941 Dedo
574 2890 705 2953 patri
726 2889 821 2953 me]
854 2889 950 2940 Uti
974 2888 1345 2953 frugalitatem,

281 2969 339 3019 id
360 2976 465 3031 est,
483 2969 809 3033 parcitatem,
826 2983 977 3032 quam
997 2967 1050 3016 in
1065 2982 1147 3016 me
1169 2968 1350 3031 voluit,

283 3045 616 3108 compleam3
669 3044 863 3108 quippe
906 3057 1025 3092 cum
1066 3042 1196 3091 velit
1235 3057 1348 3092 eam

284 3138 370 3174 me
402 3121 597 3172 habere
638 3134 870 3184 uxorem,
889 3136 1002 3186 quae
1024 3121 1094 3170 sit
1121 3120 1350 3169 honestis

284 3200 536 3260 moribus,
583 3199 789 3249 scilicet
842 3197 1132 3249 Chremetis
1173 3195 1349 3248 filiam.

285 3275 446 3325 Unde
481 3289 584 3325 non
614 3289 730 3323 mea
750 3288 907 3323 causa
928 3274 1097 3334 laetor,
1129 3272 1221 3322 sed
1256 3287 1350 3335 po-

286 3354 395 3404 tius
419 3353 583 3416 ipsius
605 3352 816 3415 puellae,
833 3365 984 3415 quam
1009 3349 1184 3412 diligo.
1218 3349 1298 3399 Id.

352 3429 495 3478 Dedo
527 3428 659 3492 patri
688 3427 784 3489 me]
818 3427 993 3476 Patris
1015 3441 1098 3475 me
1131 3426 1351 3489 imperio

287 3512 343 3555 et
368 3505 627 3554 voluntati
645 3503 833 3553 dehinc
851 3501 1120 3552 submitto.
1182 3503 1196 3528 ‘
1213 3500 1352 3563 Tibi,

288 3587 460 3645 pater,
490 3574 574 3629 ine
620 3577 775 3635 dedo,
822 3578 1023 3643 quidvis
1059 3576 1231 3627 oneris
1256 3576 1354 3626 im·

289 3671 464 3721 pone3
497 3654 732 3719 impera.’
796 3653 960 3705 Andr.
992 3661 1097 3704 act.
1119 3668 1172 3704 v·
1211 3668 1284 3704 sc.
1308 3659 1355 3704 3.

286 3732 303 3795 ‘‚
329 3729 502 3782 Dare’
525 3739 605 3781 est
619 3729 753 3796 quod
778 3740 1008 3795 repetas.
1069 3731 1087 3760 ⁴
1108 3730 1348 3780 Dedere’

292 3816 379 3863 ,est
421 3808 486 3859 ad
522 3816 851 3872 perpetuum.
916 3810 931 3836 ‘
959 3809 1186 3857 Damus'
1234 3806 1356 3856 ami·

461 3886 477 3911 ‘
498 3882 784 3934 Dedimus'
849 3891 1054 3934 tantum
1107 3882 1355 3933 hostibus.

295 3959 585 4029 anabius.
752 4000 756 4005 ,

296 4098 301 4105 .
354 4040 392 4086 Δ
434 4037 575 4086 Nihil
613 4051 687 4086 me
709 4036 919 4100 fifellz't]
975 4037 1109 4087 Haec
1151 4051 1357 4102 quoque

294 4113 565 4178 pertinent
587 4113 651 4162 ad
673 4113 1029 4177 explicandum
1054 4128 1256 4165 versum
1277 4117 1359 4164 46.

301 4204 376 4239 sc.
399 4194 444 4239 1.
467 4189 619 4253 hujus
640 4198 806 4240 actus.
841 4191 1100 4240 Boeclerus‘.

361 4270 395 4317 6
422 4267 468 4333 Q
491 4266 558 4315 mi
580 4266 718 4335 Syre,
737 4267 947 4319 audistin
967 4265 1175 4330 obsecro]
1201 4266 1361 4321 Liber

2302 350 2476 416 1359

1420 505 1723 569 Bembinus,
1765 508 1958 559 madi-sti.
2002 508 2081 559 ita
2116 508 2222 560 erit
2270 510 2473 560 iambus

1417 583 1469 633 in
1491 589 1692 649 quarta.
1726 585 1957 635 Faernus.
2549 593 2558 600 ‘

1484 662 1582 717 Qui
1614 676 1756 725 unque
1797 677 1892 712 una
1933 662 2187 725 adfuerim]
2239 615 2474 727 Scilicet,

1418 752 1538 787 cum
1557 739 1794 787 Sostrata
1817 739 2001 788 marito
2034 749 2478 801 commemoraret,

1418 829 1534 879 quae
1557 814 1625 864 ad
1660 815 1973 876 agnitionem
2002 814 2288 926 Antiphilae
2323 832 2474 880 spec·

1418 898 1552 941 tant.
1587 892 1845 942 Bructerus.

1483 973 1516 1019 9
1553 969 1706 1026 Quam
1735 984 1823 1031 ego
1861 970 1956 1019 scio
1990 984 2087 1020 esse
2120 921 2293 1019 honore
2312 970 2478 1035 quovis

1417 1045 1635 1109 dig-mn]
1672 1046 1809 1100 Quid
1837 1048 2148 1111 Calphurnio
2172 1048 2380 1112 accidit,
2416 1056 2476 1099 ut

1419 1126 1726 1174 annotaret?
1795 1123 2031 1183 ‘Amica‚
2082 1126 2176 1175 etsi
2220 1118 2480 1190 impudica

1420 1207 1523 1259 est,
1542 1199 1662 1249 dum
1679 1200 1832 1250 modo
1848 1202 2068 1252 amatori
2086 1203 2306 1266 placeat,
2328 1203 2392 1253 ab
2411 1218 2478 1254 eo

1420 1275 1825 1340 commendatur,
1845 1291 2018 1326 amore
2055 1292 2171 1327 eum
2209 1278 2480 1342 impellen-

1421 1351 1510 1402 te.'
1575 1353 1790 1403 Scilicet
1825 1361 2174 1416 opportunum
2221 1359 2352 1417 erat,
2395 1355 2479 1404 hie

1420 1427 1488 1477 de
1531 1429 1807 1492 impudicis
1852 1430 2149 1479 mulieribus
2192 1431 2351 1495 loqui,
2389 1432 2479 1481 ubi

1422 1504 1485 1554 de
1523 1504 1794 1570 Antiphila
1827 1506 2018 1570 agitur,
2046 1508 2187 1571 cujus
2214 1510 2479 1571 pudicitia

1419 1587 1474 1629 et
1497 1580 1753 1630 honestati
1776 1581 1949 1630 Poeta
1983 1589 2130 1632 tanto
2168 1583 2337 1633 studio
2359 1598 2481 1634 cau-

1421 1666 1526 1706 tum
1585 1656 1777 1722 ubique
1820 1664 1878 1707 et
1915 1665 2247 1723 prospectum
2289 1660 2473 1712 voluit·

1421 1734 1576 1784 Idem·

1485 1811 1646 1872 Illius,
1661 1809 1766 1874 ζα]
1799 1810 2108 1875 Antiphilae.
2146 1813 2432 1865 Far-nabitu.

1487 1892 1548 1937 10
1603 1888 1688 1936 Da
1729 1893 1777 1937 te
1831 1888 1949 1937 milti
2003 1889 2233 1953 vicissim]
2289 1890 2483 1940 Id·est

1418 1963 1846 2029 quemadmodum
1883 1979 2020 2013 nunc
2060 1979 2159 2028 ego
2197 1967 2356 2015 verba
2394 1973 2486 2020 tua

1421 2040 1613 2097 audivi,
1648 2041 1724 2089 ita
1763 2041 1987 2096 vicissim
2028 2049 2082 2091 te
2114 2042 2236 2091 mihi
2259 2042 2365 2102 da;
2399 2044 2480 2093 uti

1421 2117 1559 2182 quod
1592 2119 1939 2167 necessarium
1964 2128 2044 2167 est
2080 2117 2259 2179 facias,
2296 2133 2362 2168 ne
2398 2134 2480 2169 re-

1421 2194 1615 2246 sciscat
1634 2203 1785 2258 pater
1803 2197 2017 2245 amicam
2032 2195 2126 2246 filii
2149 2197 2223 2246 sui
2245 2211 2358 2246 esse
2375 2212 2483 2248 me·

1423 2271 1682 2324 retricem.
1717 2274 2048 2336 Eugraphius.

1486 2348 1572 2398 Da
1613 2355 1661 2398 te
1703 2350 1820 2399 mihi
1851 2349 2082 2412 vicissim]
2114 2352 2190 2400 Ut
2223 2349 2393 2413 modo,
2429 2351 2483 2400 in
2579 2404 2590 2413 ,

1424 2425 1756 2477 distinctione
1780 2427 1973 2478 usitata
1993 2428 2288 2490 verborum,
2324 2428 2340 2455 ‘
2361 2427 2449 2478 Do
2467 2427 2482 2451 ’

1423 2513 1475 2555 et
1511 2511 1527 2533 ³
1548 2504 1729 2555 Dedo!
1764 2506 2046 2557 Famabius.

1492 2585 1546 2630 11
1572 2580 1734 2630 Amici
1756 2581 1953 2646 quoque]
1977 2582 2304 2646 Clitiphonis.
2329 2582 2482 2634 Idem.

1424 2708 1431 2713 .
1490 2664 1553 2710 12
1591 2661 1672 2710 Ne
1709 2662 1922 2723 quidde
1954 2662 2104 2711 amica
2146 2677 2275 2711 nunc
2316 2660 2486 2724 senex]

1423 2733 1889 2798 Argentoratensis
1928 2736 2096 2786 codex
2132 2738 2353 2801 glossam
2390 2736 2481 2786 ad·

1411 2812 1575 2877 jicit:
1609 2813 1741 2862 aliud
1782 2814 2061 2876 suspicetur.
2093 2814 2126 2863 i.
2145 2827 2191 2863 e.
2227 2829 2292 2863 ne
2327 2824 2487 2863 senex

1423 2894 1598 2938 noster
1612 2888 1679 2938 de
1699 2890 1864 2938 amica
1882 2889 2075 2952 Clitiph
2084 2889 2217 2950 onie,
2234 2903 2349 2954 quae
2366 2890 2489 2940 hac·-

1430 2973 1582 3015 tenus
1605 2964 1747 3015 dicta
1781 2971 1863 3016 est
1903 2972 2010 3028 tua,
2033 2966 2171 3014 aliud
2199 2981 2353 3031 quam
2378 2966 2490 3017 dic-

1426 3047 1535 3090 tum
1580 3051 1662 3091 est
1698 3042 2006 3105 suspicetur.
2052 3041 2189 3104 vide,
2232 3044 2489 3105 quomode

1427 3119 1665 3182 Guyetus
1689 3119 1934 3183 suppleat
1965 3118 2177 3182 ἔλλειψιν
2208 3117 2397 3169 decore
2430 3135 2490 3169 u·

1427 3202 1712 3258 surpatam.
1747 3196 2008 3247 Boeccem.

1493 3273 1573 3321 Ne
1603 3274 1733 3335 quid,
1756 3271 1864 3335 Sym]
1892 3273 1973 3321 Ne
1998 3269 2121 3334 quid
2143 3270 2205 3319 dc
2228 3269 2492 3323 Bacchide

1428 3348 1679 3397 resciscat
1697 3348 1960 3398 Chremes.
1993 3347 2280 3398 Fambtus.

1450 3462 1453 3469 ,
1497 3427 1544 3473 0
1564 3423 1817 3488 Juppiter]
1849 3424 1954 3473 Per
1985 3423 2317 3488 προσφώνησιν
2341 3423 2492 3475 ornis-

1429 3499 1498 3549 sis
1524 3499 1738 3550 vocibus
1762 3499 1919 3562 servi,
1961 3513 2135 3549 secum
2171 3500 2337 3549 Clinia
2369 3515 2494 3563 gau-

1431 3578 1543 3628 det.
1611 3576 1804 3626 Parum
1831 3576 2012 3635 ¹credit
2055 3575 2154 3624 sibi
2199 3577 2493 3639 contigisse,

1432 3654 1570 3720 quod
1612 3651 1831 3702 efficitur
1864 3653 1917 3702 in
1962 3652 2150 3716 gaudio
2201 3653 2494 3716 repentino,

1432 3733 1528 3782 nisi
1550 3732 1741 3797 aliquid
1765 3738 2090 3794 procreatur.
2129 3731 2453 3793 Eugraphius.

1500 3812 1547 3858 Ο
1567 3810 1797 3873 Juppiter
1819 3807 1843 3858 ,Ι
1880 3806 1985 3871 ξω]
2016 3807 2236 3856 Suavem
2261 3807 2394 3857 hunc
2416 3805 2495 3857 fe·

1433 3886 1700 3938 citfludum
1725 3883 1913 3946 Poeta,
1934 3884 2072 3932 inter
2093 3881 2496 3944 adolescentem,

1433 3962 1642 4024 laetitia,
1677 3970 1733 4011 et
1773 3974 1975 4010 servum
2013 3957 2359 4019 solicitudine,
2383 3971 2497 4007 cor-

1435 4045 1626 4102 reptos.
1692 4036 1984 4099 Clinia‚qui
2009 4034 2093 4082 vix
2118 4034 2253 4098 apud
2278 4049 2334 4083 se
2359 4040 2500 4084 esset

1435 4116 1701 4178 insperato
1757 4128 1817 4162 ac
1869 4110 2144 4175 repentino
2184 4108 2393 4172 gaudio,
2436 4116 2499 4160 ut

1437 4191 1557 4255 Syri
1583 4189 1801 4239 orationi
1824 4201 2032 4251 operam
2059 4185 2226 4249 daret,
2264 4201 2423 4251 oegre,
2442 4193 2498 4238 et

1434 4271 1707 4333 postquam
1768 4265 2010 4316 iterasset
2048 4261 2293 4315 affectum
2332 4277 2503 4329 snum,
