3035 4941
546 377 722 445 1618

549 550 606 593 et
627 537 1007 590 illum'dixerat.
1050 535 1203 585 Idem,

612 619 721 670 Hoc
740 614 1007 669 consilium,
1022 615 1141 676 quod
1161 612 1334 670 dicam
1345 609 1500 674 dedit]
1524 609 1616 660 Se-

546 695 773 745 cundum
815 691 1065 756 quosdam
1098 688 1225 739 ordo
1258 695 1354 746 est,
1389 688 1491 739 Qui
1515 688 1615 736 hoc

548 771 839 830 consilinm,
863 766 1001 832 qnod
1025 767 1212 828 dicam,
1234 765 1395 815 dedit.
1430 765 1581 813 Idem.

615 853 678 898 75
713 848 822 896 Lex
861 844 957 907 est]
1013 845 1137 900 Lex,
1180 851 1237 892 nt
1282 843 1334 891 in
1378 842 1612 906 palliata,

544 932 689 976 recte
714 924 923 988 ponitur
946 940 957 969 :
1006 936 1125 970 nam
1153 921 1455 970 Graecorum
1480 917 1612 968 snite

543 1004 663 1052 ideo
681 1008 737 1051 et
770 1001 823 1049 in
857 998 1054 1050 Andria
1077 999 1155 1047 sie
1178 999 1271 1059 ait,
1311 999 1326 1026 ‘
1345 996 1533 1060 Inopia
1557 1002 1612 1045 et

544 1085 883 1143 cognatorum
909 1075 1226 1138 negligentia
1249 1071 1467 1122 coacta?
1496 1073 1577 1122 Id.

607 1157 715 1205 Lex
735 1156 830 1219 est]
853 1153 975 1204 Alia
993 1152 1219 1201 narratio
1242 1150 1610 1214 interponitur,

544 1240 600 1283 et
622 1232 814 1281 dicitur
836 1227 1165 1292 παρεξήγησις.
1198 1228 1350 1277 Idem.

609 1310 716 1359 Lex
730 1306 822 1370 est]
854 1306 902 1356 A
926 1320 1084 1355 causa
1106 1306 1239 1355 litis:
1280 1304 1450 1367 potuit
1472 1305 1610 1354 enim

542 1386 664 1441 dici,
682 1398 784 1433 non
804 1383 963 1432 habes
980 1396 1207 1431 causam.
1243 1382 1392 1430 Idem.

617 1463 683 1510 Ut
705 1459 853 1522 orboe,
885 1460 967 1522 qui
986 1458 1083 1507 sint
1100 1473 1275 1520 genere
1301 1457 1528 1522 proximi,
1542 1457 1612 1507 eis

540 1537 743 1601 nubant]
776 1536 926 1587 Orba
964 1537 1199 1600 proximo
1229 1535 1412 1597 nubat,
1432 1535 1610 1584 orbam

543 1617 809 1682 proximus
833 1613 1011 1677 ducat,
1035 1613 1305 1664 Atticum
1281 1628 1374 1677 Jus
1395 1619 1495 1662 est:
1540 1614 1610 1662 Et

541 1696 690 1758 ordo,
736 1695 848 1743 Lex
887 1698 1002 1780 est,·
1027 1698 1085 1741 ut
1113 1690 1257 1740 orbae
1296 1691 1375 1740 eis
1410 1689 1610 1740 nubant

542 1772 630 1838 qui
654 1770 762 1819 sint
783 1768 1023 1833 proximi.
1062 1768 1216 1817 Idem.

604 1853 671 1898 76
709 1848 774 1894 Et
797 1847 904 1894 illos
936 1844 1129 1906 ducere]
1164 1844 1311 1892 Bene
1335 1842 1605 1892 additum:

539 1924 668 1974 nihil
690 1923 827 1972 enim
850 1921 916 1971 ad
938 1936 1065 1981 rem,
1098 1921 1141 1969 si
1181 1919 1406 1969 ducendi
1428 1932 1608 1969 neces-

538 2002 667 2053 sitas
690 2015 792 2049 non
814 1998 1017 2050 fuisset.
1063 1997 1215 2046 Idem.

608 2080 678 2127 Et
707 2078 816 2127 illos
834 2079 1000 2126 ducere
1021 2078 1191 2125 eadem.
1215 2076 1317 2124 hoec
1346 2076 1425 2124 lex
1442 2072 1607 2136 jubet]

538 2156 675 2206 vide
701 2155 768 2204 ad
790 2152 1019 2217 Adelph.
1042 2159 1144 2203 act.
1180 2166 1262 2203 ιν.
1283 2166 1357 2202 sc.
1380 2157 1430 2201 5.
1480 2152 1608 2201 Mer.

543 2234 864 2284 casaubonus.

539 2341 546 2347 -
603 2313 788 2360 Eadem
808 2309 907 2357 hoec
937 2306 1189 2371 lexjubet]
1224 2307 1344 2357 Non
1368 2306 1495 2357 duas
1523 2323 1606 2358 res

529 2390 689 2453 jubet
709 2389 822 2437 haec
859 2401 962 2436 una
985 2387 1102 2436 lex.
1138 2385 1230 2435 sed
1265 2385 1450 2449 puellis
1489 2399 1607 2448 per-

538 2466 703 2518 mittit
725 2464 959 2525 nubere;
1004 2469 1252 2528 cognatos
1283 2463 1424 2566 cogit
1445 2462 1604 2514 duce-

538 2559 616 2594 re.
652 2544 894 2593 Donatus.

544 2648 549 2655 ·
604 2622 791 2672 Eadem
827 2619 928 2668 boee
965 2619 1044 2667 lex
1057 2617 1220 2680 jubet]
1268 2618 1415 2666 Bene
1432 2616 1606 2678 J‘ubet:

537 2698 788 2747 minorem
812 2696 948 2744 enim
971 2695 1073 2744 vim
1096 2695 1254 2744 liabet
1274 2709 1335 2742 ea
1358 2696 1462 2753 lex,
1483 2708 1601 2758 quae

535 2773 734 2838 aliquid
758 2772 1036 2835 permittit,
1057 2785 1211 2836 quam
1234 2770 1324 2819 illa
1345 2786 1461 2835 quae
1492 2771 1599 2819 ali-

533 2849 657 2917 quid
668 2848 839 2913 jubet.
876 2849 1028 2897 Idem.

596 2931 660 2976 77
696 2926 803 2987 Ego
842 2928 890 2972 te
930 2926 1184 2985 'cognatam
1206 2924 1380 2980 dicam,
1417 2930 1464 2974 et
1509 2925 1601 2976 tibi

528 3005 734 3056 scribam
774 3001 953 3063 dicam]
990 3002 1035 3049 A
1073 3015 1299 3065 persona
1332 3002 1444 3065 ejus
1482 3018 1600 3052 cum

535 3097 637 3147 qno
660 3080 852 3144 agitur.
911 3078 1096 3129 Potuit
1119 3079 1254 3128 enim
1273 3078 1407 3141 dici‚‘
1423 3086 1438 3107 ‘
1458 3080 1599 3132 Quid

534 3173 732 3210 mecum
758 3163 845 3206 est
865 3155 1028 3205 tibi?'
1058 3157 1210 3205 Idem.

599 3238 708 3298 Ego
728 3241 777 3284 te
799 3238 1054 3295 cognatum
1087 3233 1261 3295 dicam,
1298 3238 1347 3282 et
1371 3233 1461 3283 tibi
1479 3234 1599 3284 seri-

533 3313 640 3363 bam
681 3310 858 3374 dicam]
898 3308 1206 3374 Ἀποστροφὴ
1266 3316 1322 3358 et
1363 3306 1599 3367 ἠθοπόιῖα.

535 3390 668 3438 Haec
692 3386 923 3437 narratio
948 3391 1049 3448 est,
1071 3401 1223 3451 quam
1247 3385 1379 3436 dicit
1399 3387 1599 3438 Tullius

534 3465 907 3514 constitutama
945 3464 1154 3527 etipse,
1187 3463 1336 3512 ‘Tibi
1360 3465 1448 3513 uni
1485 3480 1600 3529 par-

533 3541 681 3604 cam,’
716 3541 880 3607 inquit
910 3542 965 3590 in
996 3541 1257 3590 Verriuis:
1293 3548 1512 3606 repente
1546 3558 1599 3593 e-

534 3618 639 3667 nim
668 3619 918 3668 transitur
950 3615 1020 3668 ad'
1053 3619 1216 3668 verba
1260 3634 1597 3682 personarum

428 3748 429 3755 χ
534 3695 602 3745 ab
625 3710 803 3745 earum
840 3695 1221 3759 descriptione.
1259 3696 1351 3746 sed
1385 3698 1482 3747 hoc
1520 3698 1597 3762 ip·

528 3789 643 3826 euni
666 3773 744 3822 ad
754 3773 1151 3823 commovendos
1174 3773 1436 3824 auditores
1456 3776 1598 3825 valet

535 3851 832 3914 plurimum.
859 3850 1019 3898 Idem.

599 3929 668 3977 Et
690 3927 783 3976 tibi
810 3927 1015 3976 scribam
1031 3926 1210 3990 dicam]
1244 3925 1295 3976 A
1322 3927 1595 3978 denuntia·

532 4003 672 4053 tione
697 4003 748 4053 in
776 4012 1082 4067 personam·
1071 4039 1083 4051 .
1117 4017 1184 4052 ne
1218 4003 1439 4066 diceret,
1475 4005 1596 4061 Non

533 4079 656 4127 mihi
682 4078 1025 4131 denuntiasti..
1052 4080 1203 4129 Idem.

595 4156 668 4203 Et
719 4155 811 4208 tibi
860 4156 1067 4206 scribam
1118 4157 1296 4221 dicam]
1368 4157 1551 4209 Cicero
1575 4176 1589 4209 t

533 4230 548 4257 ‘
573 4229 834 4280 scribitur
858 4233 1101 4283 Heraclio
1127 4235 1278 4286 dica.’
1311 4236 1463 4286 Idem.

600 4307 798 4372 Dicam]
833 4309 1006 4360 Dicam
1037 4327 1211 4375 supra,
1238 4313 1480 4377 verbum3
1516 4314 1592 4364 in·

1258 388 1475 438 NoTAE
1523 385 1930 436 vAmoRUM
1981 386 2064 436 ΙΝ

1690 530 1789 596 fra,
1813 535 1998 582 nomen
2022 533 2109 582 est'
2125 530 2353 582 totidem
2380 530 2569 592 literis,
2585 528 2769 579 diver.

1691 622 1750 658 so
1769 616 2007 659 accentu.
2038 609 2188 658 Idem.

1755 687 1866 747 Ego
1888 693 1935 735 te
1969 690 2220 749 cognatum
2250 685 2427 741 dicam,
2450 691 2499 734 et
2534 684 2627 733 tibi
2647 685 2770 732 scri-

1691 762 1797 811 bam
1833 762 2011 824 dicam]
2041 761 2107 810 'rb
2126 762 2298 824 dicam,
2320 762 2485 825 priua,
2509 760 2730 809 verbnm
2755 777 2767 804 ε

1689 840 1792 901 hic,
1815 855 2024 902 nomeu,
2054 839 2177 900 δίκη,
2211 841 2336 895 dica,
2376 839 2462 901 lis,
2485 854 2663 888 cansa.
2691 841 2770 887 in-

1688 914 1789 978 fra,
1816 923 1919 966 act.
1942 930 2005 966 11.
2029 932 2101 966 sc.
2125 921 2173 965 3.
2210 918 2225 944 ⁴
2242 916 2432 965 Dicam
2475 915 2771 978 impingam

1689 993 1783 1042 tibi
1816 994 2103 1057 grandem.'
2133 994 2264 1044 Mer.
2285 993 2616 1043 Casaubonus.

1750 1074 1815 1119 78
1848 1072 2109 1121 Paternum
2138 1071 2340 1119 amicum
2363 1086 2439 1119 me
2470 1069 2772 1119 adsimulabo

1685 1147 1912 1211 virginis]
1936 1146 1984 1196 A
2018 1161 2239 1210 persona
2257 1146 2513 1209 litigantis
2536 1162 2551 1194 ε
2591 1148 2774 1208 potuit

1687 1227 1821 1274 enim
1865 1225 2077 1289 opponi,
2105 1225 2385 1273 Personam
2431 1238 2536 1273 non
2580 1224 2772 1272 habes.

1687 1302 1928 1351 Donatus.

1750 1382 1816 1428 79
1854 1378 2118 1439 Quifuerit
2135 1377 2299 1442 pater]
2336 1378 2435 1432 Qui
2456 1378 2542 1425 liic
2571 1392 2770 1441 prono-

1686 1471 1817 1513 men
1849 1463 1961 1506 est:
1997 1456 2134 1506 infra
2174 1457 2431 1521 quomodo
2474 1454 2773 1519 significat.

1687 1534 1841 1583 Idem.

1749 1613 1852 1658 80
1868 1610 1988 1667 Quoe
2028 1608 2204 1672 mater]
2258 1608 2489 1673 Virginis
2533 1610 2782 1664 scilicet.

1681 1685 1838 1735 Idem.
1967 1700 1974 1710 “

1754 1762 1852 1817 Qui
1871 1767 2073 1824 cognata
2101 1762 2202 1812 tibi
2213 1762 2305 1827 sit]
2342 1764 2459 1823 Qui,
2478 1764 2774 1827 quomodo,

1685 1846 1741 1889 et
1761 1855 1863 1903 qna
1877 1841 2095 1889 ratione.
2126 1841 2275 1890 Idem.

1754 1916 1930 1966 Omnia
1965 1916 2066 1966 h'aec
2096 1917 2383 1982 confingam]
2425 1918 2608 1967 Omnia
2639 1919 2767 1983 haec,

1684 2011 1789 2046 non
1825 2012 1892 2046 ex
1931 1997 2218 2047 abundanti
2254 1999 2463 2061 poenita
2500 1998 2608 2046 sed·
2641 2014 2765 2048 ora-

1686 2075 1837 2137 torie,
1860 2075 2002 2139 quasi
2017 2082 2121 2124 tani
2145 2077 2337 2126 multa:
2365 2085 2420 2126 et
2444 2085 2530 2126 est
2557 2078 2772 2141 ἀρχαῖσ-

1682 2151 1785 2212 ucis.
1812 2168 1925 2202 nam
1948 2159 2068 2217 post
2083 2155 2531 2204 enumerationem
2552 2164 2766 2206 veteres

1683 2229 1780 2279 hoc
1823 2229 2091 2280 dicebant.
2155 2231 2430 2281 Sallustius
2471 2233 2524 2281 in
2564 2232 2766 2297 Jngnr·

1682 2308 1806 2356 tha:
1859 2311 1874 2336 ‘
1902 2308 2034 2357 Haec
2066 2307 2239 2357 omnia
2260 2309 2502 2372 praesidio
2526 2310 2768 2361 adsunt!

1682 2385 1833 2434 Idem.

1746 2465 1809 2512 81
1848 2462 1987 2520 Quod
2006 2464 2123 2528 erit]
2160 2465 2293 2514 Tuto
2315 2462 2637 2527 confingam.
2685 2468 2765 2517 Id.

1745 2539 1888 2596 Quod
1924 2541 2020 2590 erit
2039 2542 2158 2591 mihi
2187 2542 2356 2591 bonum
2390 2548 2535 2607 atque
2555 2559 2763 2594 commo·

1679 2619 1815 2682 dum]
1873 2617 2103 2682 Εὖφημία.
2170 2620 2325 2673 Quod
2375 2620 2521 2678 mihi,
2570 2621 2765 2686 inquit,

1681 2693 1910 2744 faustum
1935 2711 1996 2746 ac
2030 2695 2177 2745 foelix
2209 2697 2347 2759 erit;
2381 2698 2478 2747 hoc
2508 2706 2615 2760 est,
2628 2712 2762 2749 con-

1678 2770 1877 2835 fingere
1899 2778 2059 2837 atque
2076 2774 2302 2823 mentiri.
2334 2774 2486 2824 Idem.

1748 2845 1885 2906 Quod
1906 2851 2000 2900 erit
2019 2851 2138 2900 mihi
2157 2852 2354 2914 bonum,
2378 2857 2522 2916 atque
2554 2869 2761 2903 comno-

1678 2925 1812 2988 dum]
1866 2928 2057 3000 Totum
2085 2911 2398 2991 jociilariter
2441 2930 2758 2993 parasitus:

1677 3003 1870 3067 quippe
1893 3002 1981 3068 qui
2002 3006 2275 3070 confingam
2297 3005 2497 3069 dicens„
2536 3022 2640 3056 non
2677 3023 2760 3057 so-

1676 3079 1782 3129 lum
1828 3094 1946 3129 non
1973 3082 2243 3132 erubuerit
2299 3080 2616 3147 falsiloquio,
2657 3085 2756 3134 sed

1677 3156 1825 3219 quasi
1850 3159 2091 3221 praeclari
2122 3157 2369 3209 facinoris
2394 3158 2755 3223 inceptionem

1676 3230 1832 3283 etiam
1857 3236 2156 3299 auspicatus
2189 3237 2276 3300 sit,
2295 3251 2554 3302 omenque
2577 3253 2751 3289 susce·

1677 3309 1835 3373 perit,
1871 3310 2113 3376 dicendo,
2151 3314 2291 3370 Quod
2317 3314 2415 3363 erit
2436 3315 2559 3364 mihi
2581 3315 2754 3365 bonum

1673 3393 1811 3451 atque
1837 3392 2140 3440 commodum.
2205 3391 2294 3441 Sic
2340 3392 2479 3441 enim
2520 3394 2753 3454 veteres,

1673 3466 1861 3518 ‘Quod
1907 3469 2160 3519 Faustum
2182 3467 2418 3534 felixque
2459 3470 2566 3532 sit,’
2611 3470 2752 3521 dice·

1674 3543 1822 3607 bant,
1838 3545 2034 3610 aliquid
2057 3548 2371 3611 aggressuri.
2407 3549 2650 3598 Donatum

1742 3622 1882 3677 Quod
1902 3623 1999 3672 erit
2017 3623 2153 3672 mihi
2170 3623 2339 3673 bouum
2371 3630 2516 3687 atque
2552 3639 2749 3673 eommo-

1670 3698 1808 3760 dum]
1841 3699 1965 3749 Non
1988 3714 2083 3763 per
2103 3698 2336 3762 εὐφημίαν
2351 3700 2461 3750 ίεῐα
2480 3700 2747 3762 dicuntur,

1671 3782 1730 3824 ut
1747 3777 1894 3825 Bon.
1918 3781 2183 3826 autumat:
2221 3777 2335 3839 sed,
2360 3780 2486 3841 quod
2505 3778 2606 3826 erit
2627 3778 2748 3827 mihi

1671 3851 1842 3902 bonum
1861 3858 1909 3902 et
1930 3868 2097 3903 comm.
2128 3854 2165 3903 i.
2190 3869 2236 3902 e.
2260 3853 2398 3918 quod
2423 3856 2525 3904 erit
2554 3855 2606 3904 in
2635 3868 2746 3904 rem

1671 3943 1858 3994 meam,
1890 3937 1947 3980 et
1988 3931 2123 3996 quod
2163 3945 2260 3995 pro
2302 3947 2363 3982 re
2396 3939 2526 3982 nata
2550 3947 2746 3990 cause,

1670 4021 1823 4070 quam
1869 4009 2100 4072 suscepi,
2143 4009 2247 4057 erit
2284 4009 2449 4059 utile:
2501 4016 2563 4058 ut
2603 4008 2745 4072 apud

1671 4083 1976 4137 Ciceronem
1997 4099 2159 4150 saepe.
2194 4086 2326 4135 Mer.
2352 4087 2680 4136 casaubonus.

1699 4165 1799 4212 ,82
1848 4163 2008 4218 Quum
2051 4168 2107 4212 tu
2149 4163 2319 4212 horum
2364 4163 2491 4212 nihil
2528 4161 2742 4224 refelles]

1670 4236 1789 4288 Hoc
1845 4239 2223 4304 interrogative
2293 4239 2738 4304 pronuntiandum

1668 4322 1771 4365 est.
1808 4317 2053 4369 Donatus.
