3035 4941
541 410 712 478 1072

607 572 742 622 Bm
764 576 812 623 et
828 568 1020 636 pudice]
1043 569 1127 621 Ab
1148 571 1384 625 honesto.
1418 572 1569 623 Idem.

546 664 553 671 ’
608 651 744 701 Bene
778 655 828 700 et
867 651 1034 714 pudice
1074 650 1173 712 ejus
1208 651 1419 716 doctum]
1455 651 1606 700 Hanc

543 727 855 777 sententiam
874 727 1021 793 quasi
1039 726 1105 777 de
1121 728 1361 791 exemplo
1380 727 1569 790 probat
1589 742 1604 776 ε

424 820 437 831 ·
543 819 662 858 nam
703 804 836 855 bene
874 804 1100 854 educata
1140 813 1221 855 est
1259 821 1291 855 a
1328 803 1608 868 Chryside,

545 898 661 947 quae
698 884 866 947 primo
902 882 1093 947 pudice
1132 883 1310 948 vitam,
1359 898 1520 948 parce
1554 888 1608 933 et

543 959 745 1026 duriter
766 959 974 1022 agebat.
1008 960 1161 1010 Idm.

608 1040 676 1085 40
738 1036 967 1085 Coactum
1023 1037 1256 1100 egestate]
1313 1036 1610 1099 Propterea

547 1112 687 1177 quod
708 1112 934 1176 Chrysis,
966 1113 1144 1178 inopia
1179 1120 1235 1164 et
1268 1119 1608 1178 cognatorum

546 1190 863 1255 negligentia
884 1199 1080 1242 coacta.
1113 1194 1265 1242 Idem.

612 1269 840 1317 Coactum
867 1268 1103 1332 egestate]
1127 1270 1251 1320 Non
1277 1274 1609 1332 paupertate,

546 1344 640 1393 sed
659 1352 903 1410 egestate
919 1362 933 1397 ε
958 1346 1043 1396 cui
1063 1347 1402 1409 contrarium,
1416 1345 1609 1409 Inopia,

543 1424 591 1469 et
611 1425 916 1482 cognatorum
936 1422 1250 1484 negligentia.
1287 1421 1454 1471 Idem.

614 1497 840 1546 Coactum
881 1499 1115 1562 egestate]
1147 1498 1314 1562 Inopia
1350 1503 1398 1547 et
1436 1513 1611 1561 cogna-

544 1578 703 1623 torum
753 1570 1047 1638 neglig-entia
1112 1580 1373 1637 coactum,
1424 1581 1484 1625 ut
1538 1573 1607 1623 de

543 1649 796 1713 Chryside
817 1650 1016 1700 dictum
1040 1665 1181 1701 scen.
1204 1655 1254 1701 1.
1289 1650 1577 1701 Farnobium.

545 1755 552 1763 ·
611 1731 674 1777 41
702 1728 852 1777 Haud
884 1729 1070 1792 vereor]
1108 1729 1270 1780 Acuit
1307 1730 1532 1780 animum
1555 1745 1608 1779 a·

544 1804 858 1856 dolescentis
910 1813 1095 1857 contra
1164 1814 1389 1871 patrem,
1455 1807 1606 1871 cujus

546 1881 702 1930 etiam
725 1896 911 1933 nomen
930 1898 1088 1948 grave
1109 1891 1209 1934 est.
1244 1885 1477 1935 Donatus.
1573 1916 1576 1923 ‹

614 1960 765 2010 Haud
785 1975 966 2024 vereor,
1001 1962 1048 2011 si
1080 1963 1133 2012 in
1164 1967 1212 2013 te
1232 1964 1329 2012 solo
1349 1965 1417 2013 stt
1436 1963 1607 2026 situm]

547 2039 708 2102 Lego,
728 2052 910 2103 verear,
942 2039 992 2087 id
1014 2047 1113 2102 est,
1132 2053 1319 2090 vererer
1331 2053 1351 2099 ,-
1374 2040 1610 2105 sequitur

544 2116 682 2164 enim
705 2125 809 2178 sir,
834 2131 928 2179 pro
956 2121 1093 2168 esset.
1160 2116 1247 2167 Ita
1281 2131 1488 2182 semper
1508 2117 1606 2167 Te-

548 2194 766 2244 rentius.
805 2192 975 2244 Faber.

544 2286 547 2287 ⁷
613 2267 677 2318 42
713 2268 808 2318 Sed
844 2271 944 2319 vim
985 2275 1038 2320 ut
1075 2271 1241 2334 queas]
1289 2269 1414 2333 Hic,
1447 2284 1609 2320 vereor

549 2344 878 2395 subauditur.
952 2347 1041 2409 Ut,
1078 2362 1170 2411 pro
1201 2363 1262 2397 ne
1282 2362 1376 2397 nou
1395 2347 1604 2412 posuit.

546 2426 609 2468 ut
632 2419 718 2481 sit,
738 2420 841 2469 Sed
867 2436 1048 2473 vereor
1082 2437 1148 2473 ue
1187 2437 1289 2474 non
1311 2437 1472 2489 queas
1503 2423 1610 2474 vim

548 2498 714 2561 patris
738 2498 894 2549 ferre.
959 2502 1029 2550 Et
1065 2516 1131 2551 ne
1165 2516 1268 2552 non
1296 2502 1482 2567 possis,
1504 2515 1610 2552 non

547 2574 811 2624 damnatio
866 2582 966 2640 est,
1022 2592 1203 2627 verum
1255 2579 1608 2629 adolescentis

549 2652 854 2714 provocatio
907 2652 961 2702 in
1016 2660 1376 2720 contemptum
1421 2656 1610 2720 patris.

542 2726 785 2778 Donatus.

615 2802 796 2854 Adeon'
836 2821 910 2855 me
952 2806 1197 2871 ignavum]
1237 2806 1287 2858 A
1326 2808 1610 2860 verisimili.

615 2907 874 3022 Ignavum]
913 2959 1066 3012 Quod
1089 2960 1362 3012 adversum
1387 2963 1610 3013 necessi·

548 3039 711 3083 tatem
746 3034 1114 3099 proferendum
1144 3035 1265 3101 fuit,
1300 3039 1354 3088 id
1385 3039 1609 3104 primum

551 3110 702 3174 dixit,
725 3111 907 3162 adesse
936 3113 1035 3162 sibi
1060 3113 1340 3164 vi'rtutemt
1377 3130 1492 3181 quoe
1529 3129 1610 3165 se·

549 3197 795 3253 quuntnr,
849 3190 915 3239 ad
958 3190 1113 3242 fidem
1171 3193 1456 3255 pertinent.
1521 3192 1610 3241 Ita

549 3280 646 3329 pro
672 3274 908 3331 tempore
943 3276 1299 3333 contemptum
1325 3270 1491 3335 patris
1515 3283 1609 3334 pro

547 3348 857 3402 fortitudine
881 3354 1057 3405 habet.
1095 3356 1247 3405 Idem.

619 3429 875 3493 Ignavum]
908 3431 1119 3491 Ignavus
1141 3439 1242 3494 est,
1277 3431 1363 3496 qui
1386 3431 1486 3481 vim
1507 3446 1610 3482 non

549 3512 727 3568 potest
743 3503 903 3568 ferre,
919 3507 1006 3571 qui
1025 3521 1130 3555 non
1150 3515 1234 3557 est
1250 3522 1609 3571 perseverans.

549 3580 699 3630 Idem.

611 3660 676 3705 43
719 3656 900 3706 Αάεοπ’
960 3673 1103 3722 porro
1144 3659 1409 3723 ingratum]
1457 3660 1611 3711 Porro

549 3733 843 3797 conjunctio
888 3741 970 3784 est
1007 3736 1293 3800 expletiva,
1344 3737 1472 3787 alias
1513 3737 1608 3794 ,ad-

548 3807 784 3859 verbium
811 3812 1076 3874 temporis.
1110 3813 1261 3863 Idem.
1298 3833 1307 3838 ·

613 3886 849 3949 Ignavum
886 3894 934 3937 et
968 3888 1234 3954 ingratum]
1268 3889 1465 3952 Αὔξησις
1497 3898 1607 3942 estt

546 3960 878 4012 inhumanum
902 3971 991 4013 aut
1014 3964 1180 4015 ferum
1218 3974 1338 4031 post
1370 3968 1622 4033 subjecta¹

547 4036 701 4089 dixit.
736 4037 885 4088 Idem.

609 4114 793 4163 Adeon'
816 4130 955 4178 porro
987 4116 1249 4181 ingratum,
1277 4124 1362 4168 aut
1390 4119 1608 4169 inhuma-

547 4190 681 4254 num]
730 4190 868 4241 Mira
908 4194 1073 4242 omnis
1126 4197 1409 4246 conversio.
1485 4197 1609 4247 Non

551 4266 686 4313 enim
711 4266 863 4330 dixit,
890 4267 1091 4318 Adeon'
1120 4286 1203 4321 me
1233 4272 1609 4337 obsequentem

549 4341 687 4404 patri
724 4344 1004 4408 existimas,
1042 4346 1171 4398 adeo
1215 4355 1439 4413 gratum,
1473 4347 1607 4401 adeo

1247 425 1462 477 nom
1502 394 1912 477 *namnum

1967 427 2045 476 m

1683 572 1841 645 pium,
1872 573 2004 624 adeo
2040 577 2362 623 mansuetum
2382 574 2414 629 ἓ,
2435 572 2522 623 Ita
2546 578 2740 625 amato·-

1682 648 1755 699 ris
1776 665 1871 713 per
1893 649 2063 699 omnia
2087 657 2265 700 servat
2303 649 2647 708 conditione&
2681 658 2740 701 ut

1680 726 1907 775 oratorie
1931 727 2025 776 hoe
2062 734 2301 789 cogatur,
2340 727 2508 776 scelus
2547 724 2663 777 esse
2697 726 2741 776 si

1682 808 1895 865 pareret
1917 816 2050 851 nunc
2076 802 2228 865 patri.
2265 802 2415 851 Idem.

1745 883 1811 928 44
1850 880 1918 928 Ut
1937 894 2085 942 neque
2101 894 2174 928 me
2193 879 2495 943 consuetudo]
2520 879 2642 929 Non
2660 893 2743 930 or-

1681 955 1858 1005 dinem
1884 955 2093 1016 reddit,
2080 968 2093 984 ·
2118 956 2284 1006 ferum
2309 956 2448 1007 enim
2470 955 2650 1006 reddit
2675 955 2742 1005 ad

1682 1039 1996 1094 mansuetum,
1993 1032 2139 1098 quod
2159 1030 2319 1084 etiam
2336 1033 2461 1084 ferte
2479 1042 2742 1084 mansues-

1682 1117 1826 1160 cunt.
1861 1111 2009 1160 Idem.
2617 1132 2620 1137 ⁴

1751 1188 2067 1250 Consuetudo,
2085 1203 2230 1252 neque
2246 1203 2396 1251 amor,
2413 1142 2742 1254 nequepudor]

1683 1263 2077 1315 Antithetornm
2120 1264 2360 1315 ἀπόδοσις.
2443 1262 2764 1315 Consuetudo

1682 1343 1746 1391 ad
1762 1340 1945 1404 ferum,
1961 1341 2108 1392 Amor
2124 1343 2189 1392 ad
2211 1343 2562 1406 inhumanum,
2578 1343 2746 1393 Pudor

1683 1418 1748 1467 ad
1775 1419 2047 1482 ingratum.
2081 1419 2369 1469 Farnobium

1749 1495 2090 1560 Nequeamor]
2123 1495 2207 1546 Ad
2246 1497 2394 1557 illud,
2423 1497 2745 1549 inhumanum.

1682 1569 1845 1621 Amor
1865 1586 2085 1637 namque
2107 1572 2433 1623 vehementio
2454 1582 2538 1624 est
2572 1574 2627 1624 in
2658 1575 2749 1623 ho·

1683 1650 1868 1702 mines.
1934 1649 2187 1714 Virgilius
2217 1667 2232 1701 2
2290 1655 2305 1679 ‘
2330 1650 2469 1702 Quid
2508 1651 2743 1715 juvenis,

1683 1741 1927 1791 magnum
1949 1727 2034 1777 cui
2060 1733 2234 1777 versat
2255 1726 2310 1777 in
2336 1727 2537 1777 ossibus
2570 1728 2746 1793 ignem

1683 1805 1859 1855 Durus
1884 1818 2025 1855 amor
2039 1803 2074 1852 ?’
2108 1806 2290 1855 Donat.

1752 1883 1938 1946 Pudor]
1972 1881 2056 1933 Ad
2091 1883 2337 1946 ingratum
2358 1882 2558 1934 retulit.
2594 1885 2746 1934 Idem.

1737 1950 1825 2011 'Ut
1843 1975 1987 2025 neque
2006 1976 2082 2011 me
2096 1963 2395 2024 consuetudo,
2417 1976 2571 2025 neque
2593 1976 2745 2023 amor,

1673 2053 1827 2102 *neque
1838 2039 2013 2102 pudor]
2037 2037 2455 2104 PutossDonatum
2476 2039 2611 2089 hanc
2631 2037 2748 2088 ἀτό-

1681 2118 1828 2181 δοσιν,
1864 2118 1880 2145 ‘
1902 2115 1968 2165 ad
2002 2116 2287 2180 superiora’
2319 2123 2376 2166 ut
2413 2126 2586 2180 vocat,
2611 2117 2746 2168 bene

1684 2201 1923 2244 notasse:
1959 2201 2018 2244 ut
2052 2197 2350 2257 cousuetudo,
2388 2194 2635 2244 adversus
2670 2186 2748 2245 fe-

1684 2271 1928 2331 ritatem,
1915 2286 1927 2299 ·
1977 2286 2128 2333 amor,
2170 2271 2417 2321 adversus
2459 2273 2751 2323 humanita-

1685 2353 1828 2408 tem;
1863 2348 2032 2410 pudor,
2069 2347 2316 2397 adversus
2357 2347 2617 2411 ingratum
2640 2349 2749 2398 ani·

1683 2436 1843 2485 mum,
1866 2431 2122 2487 ponatur:
2173 2423 2377 2487 χιασμὸς
2425 2425 2747 2491 Hermogeni

1682 2499 1892 2551 dicitur.
1930 2501 2186 2553 Boecterus.

1746 2580 1810 2626 45
1871 2578 2188 2640 Commoveat,
2242 2594 2388 2643 neque
2433 2580 2746 2645 commoneat]

1683 2654 1880 2718 Αὕξησις
1902 2663 1982 2706 est
2006 2655 2071 2705 ad
2097 2656 2305 2721 majora.
2340 2660 2594 2710 Donatus.

1752 2734 2065 2796 Commoreat,
2085 2749 2251 2822 neque,
2282 2738 2391 2801 ξω]
2423 2723 2745 2788 Autonoma·

1681 2810 1777 2862 sia.
1812 2811 2093 2861 Farnobius.

1758 2889 1828 2938 Ut
1864 2903 2046 2938 servem
2074 2889 2251 2954 fidem]
2294 2890 2608 2955 Exquisite.
2644 2904 2743 2941 non

1684 2964 1836 3029 dixit,
1864 2972 1922 3014 ut
1946 2973 2272 3015 contemnam
2299 2976 2536 3030 patrem..
2560 2965 2745 3018 Donat.

1748 3045 1816 3090 46
1855 3042 2016 3091 Unum
2037 3041 2122 3091 hoc
2141 3042 2259 3105 scio]
2284 3043 2344 3092 Iu
2365 3043 2546 3091 eodem
2564 3043 2746 3104 haeret,

1685 3122 1745 3167 ut
1768 3118 1966 3167 excitet
1979 3118 2224 3180 juvenem
2245 3134 2258 3167 t
2292 3132 2464 3182 neque
2489 3120 2669 3168 audire
2692 3133 2747 3168 se

1679 3192 1831 3256 ‘fingit
1861 3192 1997 3259 quod
2021 3192 2170 3244 dicit.
2204 3195 2355 3244 Idem.
2729 3213 2732 3216 ’

1757 3272 1916 3321 Unum
1945 3272 2031 3320 hoc
2064 3271 2184 3334 scio]
2220 3272 2357 3322 Vide
2380 3287 2532 3338 quam
2556 3272 2747 3323 callida

1684 3348 1810 3411 sint,
1833 3364 1947 3414 quae
1974 3363 2004 3397 a
2034 3349 2245 3413 Myside
2279 3349 2647 3414 subjiciuntur,
2679 3351 2745 3400 ad

1683 3423 1987 3474 irritandam
2025 3425 2415 3488 promissionem
2454 3426 2744 3491 Pamphili:

1685 3498 2088 3565 quaessardeutem
2108 3501 2568 3567 incendant'magis
2588 3520 2603 3553 ε
2629 3518 2746 3553 nam

1684 3577 1821 3627 dixit
1842 3577 1929 3627 ille
1953 3579 2143 3640 omnia,
2180 3578 2365 3644 quibus
2405 3580 2610 3644 cogitur
2643 3596 2750 3631 ser·

1685 3667 1809 3702 vare
1830 3653 2019 3704 fidem:
2060 3658 2149 3704 sed
2188 3654 2253 3702 de
2293 3655 2476 3705 merito
2516 3658 2633 3723 ejus
2658 3663 2749 3707 aut

1684 3730 1816 3779 nihil
1840 3731 1995 3790 dixit,
2018 3737 2111 3781 aut
2131 3746 2328 3794 parum.
2366 3733 2515 3783 Idem.

1757 3807 1915 3856 Unum
1957 3807 2042 3855 hoc
2083 3806 2204 3870 scio]
2245 3809 2405 3859 Quasi
2454 3811 2566 3859 ho‘c‘
2591 3810 2749 3874 dicat,

1685 3882 1826 3935 Quid
1850 3891 1907 3934 tu
1928 3882 2163 3933 facturus
2188 3884 2256 3932 sis
2286 3885 2529 3950 equidem
2553 3888 2750 3951 nescio,

1684 3961 1776 4011 sed
1799 3976 1957 4010 unum
1980 3962 2108 4024 scio.
2147 3962 2292 4012 Idem.

1754 4040 1821 4088 Ut
1840 4052 2011 4088 memor
2032 4054 2155 4089 esses
2171 4039 2273 4103 sui]
2294 4040 2575 4097 Invidiose,
2596 4038 2744 4106 quasi

1686 4116 1882 4166 oblito:
1923 4116 2053 4165 adeo
2090 4124 2445 4168 commovetur
2482 4119 2580 4168 hoc
2600 4114 2745 4166 dicto

1677 4195 2005 4258 Pamphilus.
2038 4194 2187 4244 Idem.

1755 4274 1820 4322 Ut
1839 4288 2011 4322 memor
2028 4288 2148 4321 esses
2161 4274 2260 4336 sui]
2279 4275 2423 4321 Bene
2440 4269 2738 4334 praeterito=

1683 4349 1924 4416 quoniam
1958 4364 2073 4414 quae
2113 4349 2384 4413 praeterita
2415 4355 2535 4398 suut
2570 4349 2622 4398 in
2659 4361 2744 4398 re-
