3035 4941
754 380 1119 429 TERENTII
1169 383 1453 433 PHORM.
1500 388 1670 436 Ac'l’.
1717 391 1764 437 l·
1813 393 1915 441 SC.
1962 353 2065 444 IXV.

294 515 472 580 verte,
489 517 627 583 quod
647 525 847 570 amator
879 522 1024 585 prius
1055 524 1202 586 ponit
1224 525 1357 575 Pha-

291 596 458 657 nium,
479 610 627 659 quam
645 597 801 647 vitam
825 613 987 648 suam.
1006 601 1259 657 ,Donatum

365 674 430 720 42
467 672 612 734 Geta,
635 674 746 736 quid
777 673 1063 742 nuncfiet?]
1097 676 1355 741 Apparet,

291 746 412 795 haec
450 747 525 797 sic
552 742 958 813 pronuntianda,
999 754 1145 817 quasi
1187 754 1354 805 adhuc

294 828 414 871 tuto
433 822 692 875 dicantur.
730 828 879 877 Idem.

370 900 478 948 Tu
448 916 556 961 ,qam
578 903 686 952 lites
707 905 896 955 audies.-
928 921 1017 967 ego
1040 910 1222 969 plectar
1241 923 1354 971 pen-

292 975 436 1038 dens]
472 978 593 1027 Non
618 980 793 1031 intulit
816 982 952 1046 qnod
986 986 1352 1047 quaerebatur.

294 1052 391 1100 sed
416 1055 572 1104 verba
593 1065 713 1107 sunt
739 1059 960 1109 hominis
980 1062 1148 1110 omnia
1169 1063 1354 1127 despe-

295 1130 483 1180 rantis,
514 1131 666 1182 Idem.
734 1171 735 1174 η

368 1205 552 1265 Tujam
575 1209 685 1257 lites
703 1211 895 1259 audies.-
929 1225 1015 1273 ego
1045 1215 1227 1275 plectar
1241 1230 1355 1277 pen·

289 1281 433 1344 dens]
469 1284 551 1331 Τιι
584 1286 784 1349 audies,
807 1302 905 1353 ego
931 1289 1260 1340 verberabor.
1297 1299 1356 1342 ut

274 1357 441 1421 alibi,
461 1358 476 1385 ‘
499 1360 614 1409 Tibi
648 1369 802 1413 erunt
835 1371 1019 1427 parata
1043 1366 1214 1428 verba,
1237 1368 1356 1418 huic

292 1434 503 1485 demum
524 1439 775 1489 verbera.'
821 1441 975 1493 Quod
1001 1443 1165 1507 ipsum
1191 1447 1354 1499 mire:

293 1512 584 1574 non,facies
605 1516 731 1580 lites,
750 1517 841 1566 sed
863 1519 1036 1569 audies.
1071 1520 1238 1570 Idem.

365 1591 447 1638 42.
470 1592 533 1637 43
547 1591 644 1645 „Tu
651 1592 759 1653 jam
779 1594 887 1643 lites
901 1595 1094 1646 audies.-
1127 1613 1213 1659 ego
1232 1600 1356 1661 plec-

290 1664 396 1728 tar]
426 1666 590 1716 ‘Bene
628 1669 864 1719 Donatus
898 1671 998 1722 huc
1031 1676 1358 1737 comparavit

290 1742 464 1791 locum
488 1744 683 1795 Heaut.
704 1760 766 1795 11.
789 1752 1007 1799 3.115..·
1031 1750 1047 1777 ⁴
1066 1751 1180 1800 Tibi
1203 1760 1357 1802 erunt

290 1825 483 1880 parata
503 1820 682 1882 verba,
717 1823 836 1871 huic
872 1824 1065 1874 homini
1099 1828 1359 1878 verbera!

291 1896 351 1943 ἐκ
391 1895 701 1960 παραλλήλου
743 1899 879 1949 enim
922 1901 1037 1951 haec
1093 1901 1353 1956 dicuntur.

290 1973 558 2026 Boeclerus.

360 2054 423 2099 43
457 2051 565 2114 Ego
582 2053 764 2114 plectar
783 2056 1012 2119 pendens]
1048 2056 1263 2116 Plectar,
1284 2058 1356 2109 fe·

292 2128 430 2176 riar:
468 2128 606 2177 unde
625 2136 681 2180 et
696 2132 948 2195 plectrum,
970 2140 1025 2182 et
1051 2134 1212 2197 plagae
1245 2135 1354 2185 dic-

292 2210 385 2254 tae.
421 2206 660 2256 Donatus.

361 2286 425 2331 44
454 2282 553 2333 Sed
572 2285 694 2347 quod
712 2287 845 2334 modo
865 2286 944 2336 hic
962 2287 1072 2351 nos]
1091 2289 1260 2339 Deest
1281 2296 1354 2340 ta-

292 2376 425 2410 men.-
458 2369 519 2411 ut
539 2363 626 2417 sit.
646 2364 729 2411 sed
751 2368 925 2413 tamen.
960 2364 1128 2415 Idem.

362 2440 458 2490 Sed
491 2442 613 2504 quod
647 2443 781 2491 modo
816 2442 894 2491 hic
925 2458 1012 2492 nos
1041 2443 1356 2507 Antiphonem

291 2518 573 2579 monuimus,
601 2519 654 2566 id
688 2524 868 2568 nosmet
894 2519 1194 2583 ipsosfacere
1218 2538 1353 2585 opor-

291 2600 383 2656 tet,
406 2595 660 2658 Phaedria]
714 2595 971 2660 Sulpicius
1007 2598 1061 2646 in
1099 2607 1355 2661 praestan-

294 2672 497 2722 tissima
532 2673 595 2722 ad
645 2673 813 2723 Cicer.
861 2675 1030 2738 Epist.
1078 2677 1094 2704 ⁴
1115 2676 1355 2741 Denique

294 2751 405 2800 noli
438 2747 493 2800 'te
531 2750 773 2800 oblivisci
805 2751 1111 2821 Cicerqnem
1143 2767 1275 2817 esse,
1301 2758 1358 2802 et

294 2843 412 2876 eum
435 2828 520 2892 qui
544 2828 656 2877 aliis
687 2829 1018 2878 consueveris
1048 2830 1358 2894 praecipere,

291 2911 349 2954 et
371 2904 496 2954 dare
520 2904 815 2966 consilinm3
839 2919 1006 2968 neque
1027 2905 1231 2955 imitare
1251 2921 1356 2954 ma-

293 2983 374 3031 los
413 2981 666 3044 medicos,
709 2982 796 3046 qui
832 2982 884 3030 in
939 2982 1120 3031 alienis
1164 2983 1356 3053 morbis

294 3059 605 3124 profitentur
621 3074 677 3110 se
694 3065 874 3109 tenere
893 3059 1164 3109 medicinas
1189 3062 1356 3111 scien-

294 3136 440 3199 tiam,
461 3134 557 3200 ipsi
581 3150 634 3185 se
658 3149 843 3185 curare
865 3148 965 3184 non
992 3144 1204 3198 possunt
1224 3153 1238 3186 z
1265 3139 1355 3187 sed

296 3213 472 3277 potius
496 3211 748 3277 quae-aliis
772 3217 882 3261 tute
902 3211 1192 3275 praecipere
1206 3215 1358 3285 soles,

297 3305 362 3340 ea
385 3296 496 3340 tute
521 3290 618 3339 tibi
642 3289 867 3354 subjice,
903 3294 1057 3352 atque
1088 3289 1226 3353 apud
1251 3289 1356 3338 ani·

292 3382 434 3416 mum
469 3366 735 3432 propone!
781 3366 973 3416 Heant.
995 3372 1096 3415 act.
1125 3380 1177 3415 v.
1211 3382 1282 3418 sc.
1311 3372 1356 3417 1.

292 3447 311 3474 ‘
332 3445 520 3494 Nonne
543 3444 595 3493 id
617 3442 871 3508 flagitium
895 3451 996 3505 est,
1024 3449 1076 3492 te
1101 3443 1212 3493 aliis
1233 3458 1356 3493 con-

266 3576 273 3584 ,
295 3522 468 3572 silium
491 3519 652 3583 dare‚'
673 3525 773 3572 &c.
807 3521 935 3570 Mer.
963 3520 1279 3570 Casaubonus.

362 3602 427 3647 45
485 3598 546 3647 Id
583 3602 766 3648 nosmet
800 3597 927 3662 ipsos
952 3599 1120 3658 facere
1156 3599 1359 3664 oportet]

299 3675 436 3728 Quia
456 3689 542 3723 nos
569 3688 727 3737 supra
750 3673 883 3724 dixit
905 3675 955 3723 in
977 3673 1357 3739 significatione

298 3760 446 3803 actus
470 3752 689 3816 proprii,
709 3752 833 3815 ipsos
856 3752 1018 3802 addit.
1053 3753 1292 3802 Donatus.

304 3868 307 3869 γ
364 3833 430 3878 46
461 3828 615 3889 Auser
635 3829 753 3878 milti
764 3845 785 3888 ,·
815 3829 1017 3892 oportet]
1057 3831 1131 3893 Τῷ
1151 3830 1357 3879 ἀττικισ-

296 3907 370 3968 μῷ
392 3904 592 3955 addidit
622 3905 756 3954 mihi.
787 3905 895 3953 sine
920 3906 1018 3956 hoc
1041 3907 1178 3955 enim
1205 3909 1359 3971 plena

300 3980 558 4032 sententia
580 3988 679 4030 est.
716 3981 866 4029 Idem.

361 4056 520 4116 Aufer
539 4056 681 4121 mihi]
735 4055 1019 4104 Redundat
1040 4054 1096 4104 τὸ
1118 4057 1236 4107 milti
1251 4072 1268 4106 .·
1301 4065 1361 4108 ut

299 4139 356 4184 et
376 4132 531 4190 infra,
555 4143 659 4183 act.
683 4146 738 4182 v.
762 4147 835 4182 sc.
857 4137 905 4183 6.
944 4134 959 4161 ‘
977 4132 1077 4182 Sed
1102 4148 1201 4196 ego
1223 4149 1360 4185 nunc

301 4210 424 4260 mihi
447 4207 631 4258 cesso!
693 4208 781 4258 Ita
815 4208 924 4271 tibi,
949 4215 1004 4259 et
1027 4208 1190 4259 nobis.-
1221 4210 1361 4259 haud

304 4288 437 4337 raro.
473 4285 606 4336 Mer.
635 4283 951 4336 Casaubonus.

2326 384 2498 450 1631

1452 565 1457 568 -
1500 530 1630 585 Quin
1651 536 1710 581 tu
1731 536 1852 596 quod
1860 533 2067 599 faciam,
2099 536 2303 603 impera]
2357 543 2494 593 Mire

1431 605 1497 654 ad
1515 607 1683 656 omnia
1706 616 1942 670 paratum
1966 625 2022 659 se
2054 612 2274 678 indicat,
2298 619 2381 681 qni
2406 620 2493 667 im·

1423 697 1541 744 pera
1564 683 1705 733 dicat
1722 701 1889 735 servo.
1922 687 2159 740 Donatus.

1499 762 1631 816 Quin
1652 769 1723 824 tu,
1745 764 1861 826 quid
1882 765 2085 824 faciam,
2114 768 2316 834 impera]
2369 771 2496 822 Om-

1429 851 1544 887 nem
1571 840 1635 888 ab
1659 838 1847 902 officio,
1881 849 1972 891 ant
2001 847 2318 896 necessitate
2346 863 2497 912 argu·
2525 865 2528 866 ’

1429 918 1806 967 mentationem‘
1840 919 2046 969 missam
2091 920 2194 984 fac,
2234 939 2349 988 quae
2391 940 2494 976 non

1428 1005 1559 1054 opus
1602 1001 1704 1056 est,
1746 1008 1863 1043 cum
1910 996 2133 1045 libenter
2177 1014 2239 1047 ac
2284 1008 2490 1065 sponte,

1428 1068 1675 1133 quicquid
1700 1071 1993 1121 faciendum
2022 1078 2492 1139 suggesser13,0bi·

1429 1160 1486 1194 re
1512 1145 1721 1208 paratus
1746 1149 1856 1198 sim.
1891 1151 1968 1200 M.
1998 1152 2311 1202 casaubonus.

1490 1226 1555 1273 47
1590 1226 1906 1289 Meministin’
1943 1228 2053 1276 olim
2087 1230 2311 1296 utsuerit
2332 1236 2494 1280 vestra

1428 1297 1605 1365 oratio]
1645 1297 1779 1351 Mire
1821 1310 1875 1352 et
1915 1305 2127 1355 consilio
2161 1313 2216 1355 et
2256 1308 2494 1357 oratione

1429 1380 1956 1447 compendiosus-est:
2007 1397 2108 1446 quo
2141 1384 2303 1448 magis
2338 1385 2492 1435 Pnae-

1429 1452 1596 1504 driam
1620 1456 1841 1519 propriis
1866 1458 2091 1507 consiliis
2112 1474 2171 1509 ac
2196 1460 2494 1510 domesticis

1431 1538 1779 1593 permoveret.
1813 1533 2048 1583 Donatus.

1502 1606 1742 1665 Utfuerit
1762 1612 1917 1658 vestra
1933 1609 2109 1672 oratio]
2130 1610 2202 1659 Ut
2224 1611 2385 1675 magis
2405 1628 2494 1663 ex·

1430 1681 1639 1745 citaret,
1666 1697 1768 1733 non
1806 1690 1970 1733 nostra
2008 1684 2159 1746 dixit,
2183 1688 2275 1736 sed
2314 1695 2491 1739 vestra.

1429 1758 1599 1808 Idem.

1493 1839 1558 1884 48
1592 1834 1653 1885 In
1673 1852 1726 1886 re
1746 1836 2045 1900 incipiunda]
2066 1839 2350 1903 Incipiunda
2374 1856 2493 1905 pro-

1429 1911 1564 1973 prie,
1588 1914 1734 1977 quasi
1770 1914 1834 1962 de
1866 1929 1922 1963 re
1958 1930 2160 1978 magna,
2196 1918 2340 1967 dicit.
2403 1920 2493 1970 Sic

1430 1988 1577 2051 alibi,
1608 1990 1624 2017 ‘
1645 1990 1781 2039 Vide
1816 1992 1951 2055 quod
1985 1993 2223 2058 inceptet
2255 1995 2474 2046 facinus.
2478 1997 2494 2019 ’

1432 2063 1581 2114 Idem.

1493 2140 1574 2191 Ad
1617 2142 1955 2201 defendendam
1997 2147 2214 2210 noxiam]
2273 2148 2491 2197 Noxiam

1429 2230 1570 2266 nunc
1587 2219 1826 2280 culpam.
1877 2220 2004 2269 alias
2034 2233 2255 2282 poenam.
2325 2225 2392 2273 Et
2415 2230 2496 2274 est

1431 2291 1683 2354 ἐπένθεσις,
1709 2295 1776 2343 ab
1810 2310 1873 2343 eo
1910 2297 2046 2360 quod
2082 2306 2161 2347 est
2197 2314 2402 2350 noxam.
2437 2309 2493 2352 et

1428 2371 1736 2421 hocfactum
1757 2378 1837 2421 est
1855 2371 2101 2437 propter·
2087 2390 2185 2423 iam
2194 2374 2327 2426 bum.
2344 2377 2494 2429 Idem-

1492 2453 1558 2500 49
1589 2451 1782 2499 Justam
1802 2449 1932 2499 illam
1948 2466 2150 2512 causam,
2159 2452 2374 2516 facilem,
2390 2455 2493 2504 vin-

1427 2526 1629 2587 cibilem,
1658 2525 1918 2588 optumam]
1968 2527 2250 2577 Considera
2272 2530 2493 2594 singula,

1430 2610 1484 2652 et
1507 2603 1740 2651 invenies
1775 2608 1830 2652 et
1852 2606 2071 2654 naturali
2098 2607 2299 2667 ordine,
2320 2616 2374 2656 et
2398 2624 2495 2671 per

1430 2679 1623 2741 αὔξησιν
1643 2678 1798 2727 dicta.
1871 2680 2075 2730 Causam
2107 2695 2200 2744 pro
2232 2681 2494 2733 defensio·

1427 2771 1496 2805 ne
1532 2755 1723 2820 posuit,
1764 2762 1820 2804 et
1859 2757 2145 2820 vincibilem,
2184 2775 2297 2822 quae
2337 2759 2496 2811 facile

1428 2833 1621 2882 vincat.
1656 2832 1804 2881 Idem.

1495 2914 1559 2958 50
1594 2909 1739 2957 Nunc
1778 2909 1885 2973 ipsa
1926 2914 1999 2958 est
2036 2924 2150 2972 opus
2185 2911 2277 2974 ea]
2323 2911 2496 2962 Causa

1428 2984 1540 3035 scil.
1573 2985 1725 3034 Idem.

1495 3065 1557 3109 51
1594 3061 1798 3110 Meliore
1818 3064 1868 3109 et
1900 3059 2168 3122 callidiore]
2215 3061 2361 3110 Bene
2397 3078 2493 3113 me-

1429 3137 1547 3186 liore
1569 3141 1617 3186 et
1635 3137 1874 3187 callidiore
1894 3152 1911 3184 .·
1963 3136 2084 3200 quia
2109 3132 2231 3186 tunc
2266 3139 2494 3199 prolusio

1429 3211 1547 3269 fuit,
1569 3227 1704 3262 nunc
1725 3213 1892 3276 ipsum
1917 3210 2171 3275 praelium.
2207 3213 2355 3263 Idem.

1496 3290 1610 3340 Fiet
1646 3289 1829 3352 sedulo]
1882 3287 2125 3352 Παρέλκον
2160 3291 2339 3339 sedule.
2375 3306 2493 3343 nam

1428 3364 1728 3426 suffecerat,
1735 3365 1848 3430 fiet.
1874 3365 2038 3415 Idem.

1494 3449 1562 3492 52
1595 3443 1739 3491 Nunc
1754 3442 1891 3506 prior
1909 3442 2042 3491 adito
2066 3442 2141 3506 tu]
2178 3443 2347 3500 Adito,
2368 3458 2493 3509 qua-

1431 3519 1473 3568 si
1499 3519 1563 3568 nd
1588 3519 1839 3582 praelium.
1869 3519 2137 3580 virgiliae,
2171 3521 2185 3546 ‘
2210 3519 2321 3568 Nec
2357 3521 2497 3583 quis·

1431 3610 1581 3661 quam
1624 3610 1689 3645 ex
1726 3597 1927 3659 agmine
1966 3602 2111 3645 tanto
2133 3595 2312 3646 Audet
2351 3598 2495 3649 adire

1430 3670 1636 3722 virum.’
1671 3671 1823 3721 Idem.
2028 3680 2034 3686 ·

1501 3751 1606 3811 Ego
1630 3750 1681 3798 in
1711 3749 1901 3806 insidiis
1921 3748 1998 3796 hic
2029 3748 2137 3811 ero]
2189 3750 2320 3799 Tota
2354 3765 2498 3809 μετα·
2538 3779 2546 3786 -

1432 3824 1553 3889 φορὰ
1573 3825 1639 3874 de
1663 3840 1718 3875 re
1741 3824 1948 3875 militari
1970 3831 2069 3874 est.
2105 3825 2256 3874 Idem.

1496 3904 1560 3952 In
1582 3902 1797 3964 insidiis]
1842 3901 1903 3950 In
1923 3899 2164 3963 subsidiis,
2186 3900 2321 3963 apud
2354 3900 2499 3949 Pris-

1434 3980 1570 4031 cian.
1606 3980 1734 4029 Mer.
1762 3977 2079 4027 Casaubonus.

1497 4057 1562 4105 In
1616 4054 1866 4116 subsidiis]
1924 4052 2078 4101 Hanc
2122 4050 2401 4100 lectionem
2444 4047 2497 4095 in

1438 4137 1639 4182 textum
1660 4131 1926 4192 recepi-ex
1950 4128 2242 4176 Prisciano.
2294 4125 2395 4174 Illa
2428 4125 2499 4173 al-

1437 4215 1572 4269 tera,
1592 4210 1643 4256 in
1666 4206 1876 4267 insidiis,
1897 4203 2085 4254 vitiosa
2108 4207 2208 4252 est.
2243 4200 2420 4251 Faber.

1501 4288 1564 4333 53
1599 4281 2003 4346 Succentun’atus]
2045 4277 2400 4330 Succenturiati
2422 4275 2501 4327 dia
