3035 4941
522 381 693 448 1632

520 548 729 601 cuntur,
752 537 839 602 qui
869 533 1142 600 expiendoe
1177 536 1425 586 centuriae
1463 549 1578 600 gra-

1224 393 1442 441 NO'rAE.
1494 391 1894 441 vAluoRUM
1945 389 2027 439 IN

1722 533 1856 599 Age]
1911 531 2097 583 Potuit
2134 530 2313 582 dicere
2350 544 2480 594 vero,
2517 533 2612 579 ant
2642 529 2744 579 iffa.

521 619 595 670 tia
636 615 917 680 subjiciunt
959 628 1014 662 se
1057 613 1122 662 ad
1163 615 1580 678 supplementum
1660 611 1866 672 sedage
1888 608 2041 671 dixit,
2063 607 2201 684 quod
2229 607 2445 657 verbum
2473 606 2581 655 vim
2613 606 2739 655 hor·

521 695 771 747 ordinum.
839 692 910 740 Et
940 697 1022 741 est
1045 691 1318 741 translatio
1339 706 1370 740 a
1392 706 1449 740 re
1488 690 1583 739 mi·
1660 687 1824 737 tantis
1843 684 2116 735 maximam
2141 684 2362 750 praebet.
2401 684 2561 733 Idem.

520 772 676 824 litari.
708 771 946 821 Donatus.

1386 917 1701 1023 Ac'rus
1780 955 1883 1022 11.

585 1145 768 1196 Scmu
790 1159 830 1195 1.
865 1145 1085 1195 Constat
1100 1143 1395 1194 Trochaicis
1412 1150 1585 1210 septe·

524 1223 701 1283 uariis,
721 1227 776 1271 et
790 1221 1023 1284 iambicis
1039 1220 1337 1270 Octonariis
1355 1235 1416 1270 ac
1434 1235 1583 1270 sena-

526 1300 631 1349 riis.
671 1315 744 1350 vs.
758 1305 806 1350 5.
822 1314 955 1347 unus
974 1298 1105 1347 Mss.
1127 1313 1190 1347 aa
1211 1297 1293 1347 hec
1313 1298 1475 1347 dicent
1495 1297 1585 1347 mi·

522 1376 595 1425 hi.
628 1390 703 1424 νε.
726 1379 776 1424 θ.
801 1373 936 1423 duo:
972 1373 1113 1422 audio
1143 1378 1190 1423 et
1211 1373 1394 1432 fateor.
1431 1388 1508 1424 vs.
1532 1376 1583 1423 9.

527 1465 693 1501 unus:
745 1450 830 1498 hoc
851 1449 969 1498 mihi
1002 1449 1194 1499 accidit.
1240 1463 1317 1501 vs.
1346 1454 1423 1500 11.
1447 1449 1580 1500 duo:

516 1541 627 1576 cam
648 1526 863 1575 secundoe
881 1539 960 1578 res
978 1528 1106 1581 sant,
1127 1529 1228 1575 eum
1242 1526 1444 1576 maxime
1459 1526 1584 1577 med.

526 1620 601 1654 νε.
625 1608 703 1653 16.
729 1618 892 1652 unus:
930 1607 1166 1665 reputare.
1207 1616 1280 1652 νε.
1304 1606 1382 1652 19.
1415 1616 1583 1652 unus:

526 1683 788 1731 molendam
822 1679 940 1729 mihi
972 1684 1046 1729 est
1080 1694 1222 1743 usqae
1263 1680 1327 1737 in,
1357 1679 1585 1743 pistrino.

527 1760 690 1807 alter:
728 1757 991 1806 molendam
1023 1755 1142 1805 mihi
1169 1771 1267 1805 esse
1289 1771 1336 1805 v.
1352 1756 1392 1806 i.
1413 1771 1464 1820 p.
1507 1771 1588 1808 νε.

523 1839 608 1885 20.
651 1848 781 1884 unus
805 1831 999 1882 omittit
1025 1829 1084 1880 τὸ
1107 1831 1367 1895 quicquam.
1408 1846 1486 1882 νε.
1505 1836 1589 1882 25.

525 1926 695 1961 unns:
749 1912 932 1959 salvam
964 1913 1011 1958 te
1045 1909 1269 1959 advenire
1290 1910 1493 1972 gaudeo.
1514 1910 1588 1960 al-

528 1997 646 2039 ter:
680 1987 860 2037 salvam
882 1991 929 2036 te
949 1985 1127 2036 venire.
1189 2000 1265 2036 vs.
1303 1989 1385 2036 30.
1421 2000 1584 2035 unus:

524 2079 675 2127 egone
694 2064 768 2113 illi
787 2077 1095 2114 succenseam.
1124 2062 1287 2113 alter:
1336 2078 1457 2126 egon
1493 2078 1587 2113 aon

524 2143 602 2193 illi
621 2158 662 2194 ε.
707 2156 783 2191 νε.
805 2145 887 2191 87.
910 2155 1074 2190 unus:
1109 2140 1318 2189 camille
1336 2142 1488 2203 adest,
1508 2140 1588 2191 hic

521 2236 602 2284 pr.
623 2234 668 2271 e.
694 2219 829 2269 duo:
865 2218 1071 2268 camille
1090 2218 1239 2281 abest,
1257 2218 1336 2268 liic
1352 2232 1402 2281 p.
1425 2233 1467 2269 e.
1513 2232 1587 2267 νε.
1623 2221 1624 2228 ’

525 2301 607 2347 45.
630 2296 733 2346 duo
754 2313 766 2344 ε
800 2294 1014 2344 nostran'
1035 2296 1173 2357 culpa
1187 2300 1256 2343 est
1278 2294 1587 2357 auJudicum.

526 2390 603 2425 νε.
626 2378 710 2423 64.
733 2387 863 2422 uuus
885 2371 1110 2422 omittit:
1136 2377 1253 2422 tam.
1293 2386 1370 2421 νε.
1384 2376 1465 2423 60.
1480 2386 1587 2422 om-

527 2464 652 2501 nes:
695 2448 1137 2499 immeritissimam.
1193 2463 1270 2500 νε.
1298 2451 1383 2499 64.
1421 2462 1586 2500 nnus:

524 2529 649 2577 adde
667 2527 775 2576 hae.
823 2541 897 2576 vs.
918 2530 1001 2575 71.
1025 2539 1235 2577 omnes:
1281 2527 1361 2576 vel
1382 2527 1587 2586 soenore.

426 2663 445 2671 ..
529 2620 606 2656 νε.
627 2608 709 2653 78.
736 2603 860 2652 duo:
916 2617 1008 2651 non
1028 2603 1098 2651 sic
1117 2601 1345 2662 fictarum
1366 2608 1456 2654 est.
1511 2618 1589 2655 νε.

527 2685 611 2730 84.
636 2679 738 2728 duo
759 2695 772 2728 ι
796 2693 902 2727 cam
922 2680 1142 2730 adveniat
1158 2679 1402 2733 Phormio.
1424 2681 1588 2731 alter:

523 2771 631 2807 cam
648 2755 895 2805 advenerit
917 2755 1010 2804 Pa.
1137 2769 1143 2775 ’

590 2832 748 2882 Ratio
797 2847 912 2896 quae
953 2831 1219 2882 Muretum
1260 2833 1488 2898 induxit,
1533 2841 1592 2885 ut

528 2912 705 2974 inepte
727 2909 810 2959 hic
835 2923 1023 2959 novum
1054 2915 1227 2959 actum
1260 2911 1418 2975 incipi
1442 2918 1591 2974 puta·

530 2994 634 3049 ret,
654 2987 783 3037 levis
813 2993 917 3048 est,
947 2992 1004 3036 et
1037 2988 1290 3052 exemplis
1325 2990 1592 3041 Terentia·

528 3063 608 3113 nis
634 3064 768 3113 ultro
790 3060 1068 3112 refutatur.
1105 3064 1364 3115 Boecleras.

596 3145 622 3191 1
643 3142 782 3191 Itane
803 3142 993 3190 taudem
1008 3154 1202 3190 uxorem
1217 3142 1360 3191 duxit
1376 3143 1589 3208 Antipho

527 3215 712 3278 injussu
732 3214 856 3278 meo]
912 3216 973 3265 Ia
994 3217 1081 3266 hac
1101 3232 1241 3267 scena
1261 3222 1498 3270 accusatio
1515 3226 1590 3270 est

524 3298 576 3344 et
610 3292 942 3354 contradictio,
957 3307 1046 3357 per·
1078 3296 1354 3345 remotivam
1384 3290 1587 3361 qualita-

522 3376 636 3419 tem.
653 3385 770 3432 ergo
790 3371 1123 3422 controversia.
1155 3373 1413 3423 Donatus.

594 3446 734 3495 Itane
751 3448 942 3497 tandem
960 3462 1155 3498 uxorem
1183 3450 1328 3499 duxit
1353 3450 1590 3516 Antipho]

528 3522 633 3572 Hic
651 3526 910 3588 exemplam
928 3525 1044 3574 vitoe
1063 3530 1133 3575 est
1150 3543 1168 3576 .·
1197 3526 1250 3576 in
1281 3545 1370 3593 qao
1405 3535 1588 3594 epecta-

526 3603 623 3663 ων,
643 3602 820 3649 nullam
851 3616 951 3651 esse
981 3607 1082 3652 tam
1094 3602 1280 3664 justam
1315 3610 1365 3655 et
1388 3620 1588 3668 gravem

525 3677 822 3726 iracundiam
853 3679 1028 3742 patris,
1058 3694 1164 3743 qaoe
1200 3696 1294 3730 non
1329 3688 1380 3732 et
1397 3683 1588 3748 fiducia

416 3798 424 3807 ,
526 3753 786 3812 defensoris
806 3761 854 3805 et
871 3756 1123 3806 intervallo
1144 3759 1369 3823 temporis
1397 3777 1587 3813 evanes-

520 3835 620 3881 cat.
656 3829 837 3882 Idem.

588 3907 735 3958 Itane
767 3910 957 3958 tandem
1003 3924 1199 3961 uxorem
1245 3913 1391 3962 duxit
1437 3914 1585 3965 Anti-

523 3983 616 4046 pho
650 3984 835 4046 injussa
879 3984 1002 4049 meo]
1057 3987 1175 4037 Non
1219 3992 1393 4054 potuit
1434 3994 1587 4043 vehe-

526 4058 750 4108 mentius
788 4060 1039 4126 incipere,
1063 4078 1213 4127 quam
1253 4071 1314 4115 ut
1352 4066 1462 4131 ipse
1485 4069 1584 4119 cri-

524 4147 662 4197 men,
677 4137 815 4200 quod
834 4138 1033 4203 objicit,
1049 4140 1336 4194 miraretur.
1370 4145 1517 4195 Idem.

592 4210 734 4260 Itane
754 4215 942 4264 tandem
955 4231 1152 4266 uxorem
1170 4220 1335 4284 duxit]
1361 4222 1587 4288 Tandem,

522 4282 610 4337 bic
632 4290 897 4352 expletiva
927 4293 1253 4358 conjunctio.
1296 4305 1354 4348 ut
1376 4299 1583 4365 cicere,

1664 1142 1680 1171 ‘
1697 1144 1982 1207 Quousque
1997 1141 2205 1191 tandem
2226 1138 2462 1203 abutere,
2483 1136 2750 1212 Catilina,

1665 1220 1919 1286 patientia
1941 1217 2178 1269 nostra?’
2210 1216 2359 1267 Idem.

1730 1297 1873 1347 Itane
1893 1296 2107 1361 tandem]
2142 1295 2254 1349 Hic
2289 1299 2430 1344 totus
2463 1305 2659 1342 versus
2692 1290 2750 1339 in

1663 1374 1764 1425 hoc
1788 1380 1891 1437 est,
1913 1389 1975 1422 an
1999 1372 2199 1422 facturn
2229 1370 2326 1422 sit.
2366 1359 2495 1435 quid
2533 1366 2753 1417 factum

1667 1451 1769 1502 sit.
1807 1466 1840 1501 a
1856 1465 1957 1516 quo
1978 1448 2175 1499 factum
2202 1447 2305 1497 sit.
2343 1446 2397 1496 in
2423 1444 2580 1510 cujus
2601 1443 2754 1507 inju-

1667 1528 1795 1578 riam
1817 1526 2014 1577 factum
2040 1526 2125 1576 sit.
2161 1524 2311 1575 Idem.

1727 1608 1761 1654 2
1797 1604 1897 1653 Nec
1932 1617 2085 1651 meam
2121 1596 2394 1664 imperium]
2436 1596 2582 1646 Rara
2620 1593 2754 1643 ἆῖιι-ο-

1668 1679 1933 1741 σιῶπησιεε
1976 1693 2094 1727 nam
2129 1691 2232 1727 non
2263 1674 2500 1739 sequitur
2521 1674 2628 1723 aed.
2668 1673 2760 1721 in-

1671 1759 1796 1809 tulit
1833 1756 1970 1807 enim
2001 1769 2110 1817 age.
2135 1752 2440 1803 subauditur
2460 1757 2648 1799 autem
2673 1764 2762 1798 re-

1669 1835 1842 1886 vereri.
1892 1834 1982 1884 Sic
2022 1831 2322 1893 Lucretiae,
2357 1829 2381 1882 Δ*
2415 1827 2611 1878 Nonne
2672 1825 2762 1876 vi-

1670 1911 1862 1965 dere*.'
1894 1911 2045 1960 Idem·

1731 1990 1861 2052 Age,
1881 1988 2022 2038 mitto
2041 1985 2308 2049 imperium,
2329 1998 2421 2032 non
2437 1982 2762 2032 simultatem

1665 2067 1838 2130 meam]
1861 2067 2036 2129 Σχῆμα
2046 2061 2265 2113 διανοίας.
2290 2058 2760 2112 ΜΗΟΟΑΟΘωσιε-“.

1667 2146 1742 2196 Ut
1761 2145 2031 2210 Virgilius,
2049 2142 2065 2171 ‘
2082 2142 2240 2205 Cujus
2263 2140 2329 2191 ob
2344 2138 2654 2204 auspicium⁴
2671 2138 2758 2189 in-

1668 2218 1913 2282 faustum,
1928 2232 2205 2283 moresque
2228 2214 2500 2266 sinistros?
2533 2215 2710 2267 Idm.

1732 2297 1861 2361 Age,
1877 2295 2040 2359 mitto]
2076 2293 2298 2359 Legitur
2318 2299 2370 2343 et
2386 2298 2533 2343 taceo.
2567 2290 2759 2345 Idem.

1732 2370 2063 2436 simultatem]
2129 2367 2389 2434 Jurgium,
2438 2369 2761 2419 contentio-

1668 2468 1798 2505 nem.
1835 2452 1988 2503 Idem·

1734 2533 1846 2582 Non
1875 2530 2171 2580 simultatem
2209 2543 2361 2578 meam
2395 2529 2609 2578 revereri
2649 2532 2765 2580 sal-

1667 2607 1798 2662 tem?
1828 2624 1921 2659 non
1938 2606 2138 2672 pudere]
2169 2607 2357 2670 Neque
2377 2610 2543 2668 metu,
2563 2619 2764 2669 neque

1672 2686 1869 2750 pudore
1892 2684 2025 2753 (sine
2042 2681 2242 2746 amore)
2263 2682 2575 2733 deterritum
2598 2697 2760 2737 esse.

1671 2762 1899 2828 Adeiph.
1925 2769 2029 2812 act.
2057 2775 2097 2811 r.
2135 2775 2210 2810 sc.
2237 2764 2283 2810 1.
2312 2760 2330 2787 ‘
2354 2758 2572 2809 Pudore
2595 2763 2669 2810 ac
2686 2763 2755 2813 li-

1672 2837 2149 2895 beraiitatejiberos
2163 2835 2431 2896 Retinere,
2443 2835 2608 2885 satius
2619 2851 2760 2888 esse

1671 2914 1854 2977 credo,
1896 2928 2051 2979 quam
2088 2911 2265 2962 metu.’
2303 2911 2424 2961 inde
2447 2911 2564 2979 hic,
2595 2913 2756 2964 mitto

1668 2992 1936 3057 imperium.
1989 2989 2176 3041 Utitur
2206 2989 2307 3038 hoc
2343 2989 2459 3038 loco
2493 2989 2757 3045 Terentii

1670 3069 1784 3119 Cic.
1808 3067 1874 3118 ad
1910 3066 2027 3117 Att.
2060 3066 2097 3118 1.
2129 3079 2191 3117 11.
2227 3065 2324 3130 Ep.
2358 3069 2437 3116 19.
2474 3064 2609 3118 Mer.
2644 3070 2753 3118 Ca-

1668 3146 1913 3196 saubonas.
2155 3196 2156 3199 ,

1734 3226 1763 3272 3
1802 3223 1912 3272 Non
1926 3220 2125 3286 pudere]
2162 3218 2281 3269 Hoc
2312 3217 2608 3270 absolutum
2634 3229 2751 3278 est,

1669 3307 1725 3350 et
1749 3299 1874 3348 nulli
1896 3297 2178 3348 adnexum.
2207 3296 2447 3346 Donatus.

1734 3378 1847 3427 Non
1870 3374 2071 3441 pudere]
2104 3374 2208 3423 Hic
2226 3371 2472 3437 Nigidius
2512 3371 2756 3424 adnota-

1668 3454 1763 3517 vit,
1794 3452 2048 3503 neminem
2072 3450 2237 3501 videri
2269 3448 2465 3515 pudere
2492 3456 2623 3499 ante
2648 3450 2754 3500 de.

1667 3533 1863 3582 lictum.
1898 3531 2053 3581 Idem.
2681 3558 2686 3561 -

1728 3611 1761 3656 4
1805 3606 1908 3658 Vix
1946 3602 2159 3667 tandem]
2192 3601 2448 3654 Convenit
2478 3602 2585 3652 hoc
2626 3603 2751 3654 dic-

1668 3693 1777 3735 tum
1801 3683 1868 3741 ei,
1892 3684 1980 3743 qui
1995 3683 2107 3747 jam
2145 3680 2347 3745 pridem
2370 3693 2428 3729 se
2466 3681 2609 3730 male
2648 3697 2753 3731 au-

1667 3760 1778 3811 dire
1808 3765 1991 3824 putat:
2027 3764 2083 3808 et
2119 3756 2240 3807 ideo
2279 3771 2395 3806 sero
2428 3755 2644 3806 videtur
2672 3757 2751 3809 ad

1666 3838 1804 3888 hunc
1824 3850 1989 3887 senex
2008 3834 2327 3900 pervenisse,
2345 3848 2498 3898 quum
2517 3833 2616 3884 ine
2629 3850 2752 3884 me.

1661 3922 1840 3976 tuens,
1856 3929 1911 3964 se
1931 3914 2150 3978 primum
2166 3911 2228 3962 ad
2244 3917 2605 3960 accusatorem
2623 3926 2748 3962 cre-

1668 3992 1838 4042 deret.
1906 3990 1990 4041 An
2010 3991 2099 4041 vix
2131 3991 2322 4039 tandem
2352 3987 2416 4037 ad
2444 3988 2548 4037 hoc
2573 3991 2747 4053 perti-

1666 4073 1773 4126 net,
1795 4069 1918 4133 quia
1938 4068 2027 4118 ille
2047 4066 2252 4116 monitor
2274 4065 2439 4114 dixit?
2476 4065 2628 4128 quasi
2656 4065 2745 4114 di·

1664 4152 1768 4202 cat,
1802 4145 1907 4194 Vix
1945 4144 2157 4195 taudem
2189 4141 2389 4192 factum
2423 4147 2526 4204 est,
2549 4148 2611 4192 nt
2648 4157 2743 4192 me

1664 4238 1826 4275 senex
1847 4223 2059 4273 laudare
2078 4222 2347 4286 coepisset:
2373 4220 2497 4285 quia
2511 4219 2745 4283 mutter,

1664 4301 1897 4367 quamvis
1919 4301 1973 4350 in
1994 4299 2308 4356 contrarium
2323 4298 2542 4361 dixerit,
2555 4303 2739 4348 tamen

2174 4432 2187 4467 i
