3035 4941
651 409 1014 459 TERENTn
1064 409 1391 460 Annum-1.
1437 414 1605 462 AGT.
1657 416 1719 461 V.
1767 417 1871 464 Sc·
1921 418 2030 465 ΙΧ.

267 540 527 592 Commoda
546 542 710 594 deut!
745 545 1009 598 Boeolmw.

277 647 283 654 -
323 620 381 666 22
415 618 691 669 Processistz·
722 621 855 671 hodie
885 621 1101 686 pulchre]
1145 622 1297 674 Nunc

265 708 374 746 vere
398 697 602 759 pulchre
626 699 881 761 processit
916 700 1096 764 Syrus.
1132 702 1300 776 Dona-1

261 773 346 818 lus.

268 890 273 896 .
325 848 595 900 Processisti
627 851 762 901 hodie
789 852 1001 916 pulchre]
1040 854 1119 904 Ex
1143 869 1295 905 servo

262 936 411 973 servm
432 928 636 988 marito,
659 928 711 977 in
735 928 953 980 liberum
986 930 1166 980 liberae
1189 946 1297 980 ma-

259 1000 418 1052 ritum.
455 1004 733 1053 For-nubitur.

315 1075 546 1141 Siquidem
562 1095 723 1144 porro,
755 1082 922 1144 Micio,
960 1087 1016 1132 tu
1052 1087 1183 1132 tuum
1203 1086 1298 1148 qffi.

254 1152 552 1218 cirunfucies]
576 1158 693 1207 Hoc
716 1164 798 1207 est
822 1159 1047 1221 patroni,
1068 1167 1125 1208 ut
1143 1159 1298 1208 liber-

260 1237 357 1279 tum
390 1246 487 1282 non
522 1233 751 1297 deseras,
792 1234 882 1285 sed
906 1241 965 1286 ut
989 1237 1096 1286 alae
1117 1251 1293 1287 manu-

261 1307 467 1358 missum.
564 1311 801 1373 Plautus,
859 1314 873 1340 ‘
912 1313 1061 1362 Facis
1114 1314 1295 1365 melius

254 1398 395 1447 quam
420 1401 535 1449 pars
566 1387 823 1449 lenonum,
853 1389 941 1453 qui
963 1390 1179 1439 libertos
1213 1393 1296 1439 ha-

254 1457 384 1524 bent,
405 1470 458 1510 et
480 1477 571 1512 eos
588 1462 872 1514 deserunt?
905 1466 1145 1516 Donatus,

306 1540 366 1610 23
405 1540 475 1588 Tu
508 1544 649 1589 tuum
665 1541 807 1606 offla]
850 1543 1089 1592 Donatus
1129 1551 1293 1607 recte,

249 1611 264 1654 ἒ
282 1615 481 1684 ρειῐιυιιί1
497 1614 764 1674 officium,'
786 1618 1183 1682 interpretatur,
1201 1623 1217 1648 ⁴
1234 1628 1297 1670 ut

244 1688 475 1752 libertum
513 1708 620 1743 non
657 1693 887 1758 deserat,
925 1695 1017 1745 aed
1051 1696 1158 1746 alat
1188 1710 1293 1746 nia·-

241 1770 551 1822 uumissum!
581 1774 840 1824 Boecleruo.
1028 1815 1029 1818 η

304 1846 418 1895 Proe
444 1850 612 1914 mauu]
653 1851 807 1903 Quod
832 1851 1054 1902 Plautus
1079 1867 1181 1902 non
1217 1868 1293 1903 ee·

247 1923 360 1986 mel,
402 1926 642 1990 ‘argenti
687 1927 1047 1991 presentarii!
1087 1929 1293 1979 videtur

242 1999 371 2054 enim
410 2001 469 2051 rb
504 2018 612 2067 proe
634 2004 736 2068 liic,
766 2017 879 2054 non
903 2005 1169 2069 temporis,
1200 2003 1290 2055 aed

242 2075 509 2143 ioci-ease3
547 2088 613 2131 ut
627 2095 745 2130 cum
767 2080 962 2131 dicitur
997 2087 1012 2109 ‘
1035 2096 1144 2146 prae
1173 2096 1294 2131 ocu·

238 2154 331 2205 lia?
361 2159 502 2223 quod
544 2164 599 2209 et
634 2159 851 2209 Plautus
887 2159 1122 2222 abeolute
1142 2158 1295 2225 dixit,

233 2231 553 2286 ‘Trecentos
586 2251 818 2286 nummo·
837 2237 1142 2301 Philippeos
1176 2251 1293 2302 por-

239 2314 314 2359 tat
329 2323 441 2375 prae
464 2312 603 2375 sibiss
631 2313 782 2379 plane
805 2320 933 2363 utet
950 2312 1104 2377 Angli
1123 2314 1294 2378 vulgo,

235 2385 533 2447 besoreliund.
566 2390 868 2441 Faruabius.

244 2476 248 2483 ’
296 2467 358 2515 24
411 2467 556 2519 Unde
587 2466 777 2531 utatur]
811 2466 1076 2530 ‘Utatur,’
1120 2466 1289 2518 vivatz

234 2541 367 2594 unde
385 2544 401 2570 ‘
419 2544 614 2607 uoura,’
638 2545 743 2595 vita
766 2545 976 2595 dicitur.
997 2552 1075 2608 ut,
1092 2544 1110 2573 ‘
1127 2545 1291 2597 Unius

236 2631 435 2671 usuram
473 2624 619 2673 horae
657 2622 930 2681 gladiatori
956 2623 1041 2674 isti
1076 2636 1179 2673 non
1203 2623 1290 2671 de-

232 2692 422 2747 disset)
494 2698 579 2749 An
634 2694 772 2748 uud'e
826 2699 1017 2762 alatur,
1066 2699 1132 2749 de
1188 2714 1290 2764 quo

231 2776 608 2828 usumfructum
653 2778 846 2841 capiat,
892 2786 946 2827 et
995 2779 1142 2842 cujus
1199 2778 1292 2829 tibi

231 2859 415 2901 sortem
440 2851 635 2904 reddat
656 2855 676 2903 ἓ
709 2856 777 2905 Et
805 2855 902 2904 hoc
921 2854 1136 2903 meliusz
1171 2867 1288 2903 nam

231 2924 344 2978 ideo
379 2930 606 2989 addidit,
640 2931 862 2981 ‘reddet
897 2930 995 2980 tibi
1021 2931 1159 2980 cito.’
1190 2930 1291 2980 Do-

229 3011 378 3054 nutur-

291 3083 483 3135 Reddet
507 3083 601 3134 tibi
619 3082 739 3147 cito]
766 3084 882 3135 Non
923 3089 1069 3147 rogat
1102 3088 1160 3132 ut
1200 3083 1290 3132 do·

228 3172 291 3207 uo
312 3159 422 3225 det,
453 3161 551 3210 aed
573 3161 638 3210 ad
663 3174 810 3210 usum
835 3160 1142 3211 commodet.
1174 3160 1290 3209 Fur-

289 3312 420 3362 Istoc
438 3312 613 3376 vilius]
646 3312 763 3362 Hoc
787 3312 896 3373 egit
912 3312 1206 3374 Terentius,
1232 3317 1290 3362 ut

230 3392 500 3440 conversis
540 3387 723 3440 officiis
760 3400 923 3453 unque
961 3387 1090 3437 adeo
1117 3388 1291 3452 prodi-

227 3480 342 3527 gum
388 3466 598 3533 faceret
638 3467 918 3527 Demeam3
959 3465 1126 3515 donec
1169 3464 1289 3530 par·

228 3555 340 3591 cum
367 3544 627 3593 redderet
653 3542 951 3592 Micionem.
987 3543 1223 3593 Donatus.

278 3620 410 3673 Istoc
431 3618 601 3682 vilius]
624 3619 786 3671 Quasi
813 3619 936 3671 nihil
959 3619 1126 3667 minus
1150 3635 1163 3667 z
1202 3633 1291 3668 ue·

225 3699 367 3760 gatio
401 3698 546 3749 enim
580 3705 663 3747 est
702 3695 917 3746 floccum
953 3696 1293 3760 ostendentia,

224 3781 311 3835 aut
335 3772 464 3838 quid
486 3774 612 3835 tale,
630 3787 747 3821 cum
769 3771 995 3836 ἐλλείψει.
1018 3773 1136 3835 quia
1169 3773 1291 3822 sub-

221 3851 435 3901 auditur
469 3853 486 3881 ‘
508 3849 822 3915 quicquam,’
860 3857 919 3898 et
951 3850 1099 3898 ‘uon¹
1120 3847 1295 3900 dabo!

284 4004 417 4054 Istoc
463 4003 631 4067 vilius]
687 4001 931 4065 Explicat
970 4017 1037 4051 ex
1077 4003 1287 4053 Donato

220 4081 489 4146 Guyetua.
523 4081 784 4130 Boeclenoe.

283 4161 418 4210 Istoc
461 4157 629 4221 vilius]
660 4159 730 4210 Q.
774 4158 826 4207 d.
868 4158 1049 4220 Egone
1093 4164 1153 4205 ut
1194 4156 1286 4206 tali

214 4235 333 4286 dem
381 4235 634 4286 utendam
679 4234 971 4299 pecuniam,
1017 4247 1119 4297 quo
1160 4233 1284 4282 nihii

217 4313 389 4377 vilius,
412 4308 604 4375 levius',
640 4313 724 4363 vel
758 4310 1039 4378 perfidius?
1083 4310 1175 4359 sed
1206 4312 1285 4360 vel

2263 405 2436 470 1509

1374 549 1487 613 ipse
1511 558 1697 614 sponte
1732 567 1823 601 sua
1856 554 2095 616 reprimit
2129 570 2217 605 se:
2260 556 2341 604 vel
2362 557 2429 607 ab

1371 624 1617 677 AEschino
1669 629 2003 692 praevenitur,
2054 632 2070 660 ‘
2103 630 2236 695 frugi
2280 633 2432 685 homo

1372 703 1486 763 est,’
1505 712 1824 767 opponente.
1861 707 2146 757 Farnobiua.

1436 784 1502 830 26
1553 781 1744 845 Faciet]
1791 783 1872 832 Ne
1915 785 2038 849 quid
2083 793 2326 848 negatum
2375 787 2427 835 io

1372 853 1474 904 fine
1516 855 1708 907 fabulae
1756 857 2011 916 videatur,
2068 858 2272 909 addidit
2321 860 2426 909 De-

1372 947 1486 981 mea
1506 932 1682 992 faciet.
1716 941 1772 983 et
1792 934 1965 997 faciet,
1998 935 2133 999 quod
2170 936 2305 1000 petis
2327 936 2429 985 sci-

1372 1007 1517 1057 licet.
1551 1008 1686 1072 quod
1721 1008 1942 1060 irridens
1984 1011 2156 1061 dixit:
2191 1013 2336 1075 quasi
2361 1013 2428 1061 de

1371 1084 1588 1147 prodigo
1631 1085 1807 1135 dicere
1852 1086 2102 1136 videatur.
2183 1088 2254 1137 Et
2297 1088 2427 1136 mire

1356 1160 1542 1219 faciet.-
1577 1161 1700 1225 quia
1722 1175 1819 1211 nec
1845 1162 2093 1212 credibile
2111 1170 2228 1212 erat
2248 1163 2431 1213 statim

1370 1251 1733 1288 consensurum
1774 1238 1861 1302 qui
1898 1246 2198 1301 negaverat,
2233 1245 2286 1287 et
2312 1251 2426 1301 per-

1370 1321 1535 1377 petuo
1576 1316 1783 1378 negatio
1815 1329 1939 1364 esee
1981 1315 2031 1363 in
2068 1313 2172 1364 fine
2209 1329 2310 1364 non
2334 1314 2428 1364 de-

1370 1388 1498 1441 buit.
1533 1391 1770 1443 Donatus.

1431 1470 1495 1516 27
1534 1466 1665 1523 Quid
1699 1467 1854 1517 ictuc?
1890 1482 1995 1531 quoe
2027 1482 2104 1516 res
2124 1472 2223 1516 tum
2241 1474 2428 1531 repente

1367 1558 1519 1594 mores
1535 1544 1740 1593 nutavit
1754 1544 1879 1609 tuoe]
1893 1543 2426 1596 Animadvertendum

1369 1626 1469 1681 est,
1510 1634 1613 1684 qua
1651 1620 1938 1670 calliditate
1972 1620 2245 1670 Terentius
2283 1636 2424 1686 quoe-

1369 1711 1488 1747 rens
1503 1695 1660 1747 finem
1678 1694 1894 1759 fabulae,
1908 1698 2171 1760 complere
2186 1698 2428 1747 laetitiam

1369 1787 1463 1836 per
1485 1772 1650 1837 ipsum
1676 1774 1927 1823 Demeam
1949 1774 2135 1822 nititur
2150 1773 2204 1824 in
2222 1775 2426 1824 univer·

1369 1862 1473 1910 uos,
1506 1849 1592 1913 qui
1625 1848 1679 1897 in
1724 1856 1837 1899 tota
1875 1849 2128 1899 comoedia
2166 1850 2330 1900 tristis
2363 1866 2426 1902 ac

1368 1937 1537 1974 soevus
1581 1923 1949 1975 interturbavit
2004 1931 2060 1977 et
2111 1924 2426 1977 vociferatus

1367 2007 1462 2050 est.
1497 2001 1651 2050 Idem.

1432 2079 1496 2125 28
1532 2076 1671 2132 Quod
1708 2075 1995 2140 prolubium]
2039 2078 2056 2106 ‘
2079 2076 2425 2141 Prolnbium,’

1368 2152 1504 2216 quod
1532 2151 1710 2201 Graeci
1726 2151 1996 2215 προθυμίαν,
2017 2151 2072 2201 id
2096 2159 2195 2213 est,
2217 2167 2425 2219 promp-

1369 2236 1451 2278 tus
1476 2228 1675 2277 animus
1697 2227 1764 2277 ad
1789 2226 2125 2291 largiendum.
2159 2229 2309 2279 Idem.

1433 2305 1574 2361 Quod
1602 2305 1889 2369 proluvium]
1928 2304 2084 2354 Liber
2117 2305 2424 2371 Vaticanus,

1365 2383 1488 2446 quod
1502 2381 1783 2445 prolubium.
1817 2389 1873 2431 et
1893 2381 1965 2431 ita
1990 2380 2146 2431 etiam
2171 2381 2302 2445 legit
2320 2383 2427 2431 Do·

1366 2467 1541 2524 natus,
1582 2459 1657 2508 sic
1690 2457 1898 2509 diceus:
1932 2455 2301 2522 ‘Proluvium‚’
2324 2462 2424 2511 &c-

1366 2552 1483 2602 quae
1511 2536 1772 2600 expositio
1796 2530 1995 2587 Donati
2019 2550 2137 2587 cum
2157 2536 2426 2599 prolubium

1365 2616 1563 2680 optime
1585 2615 1829 2680 quadrat,
1866 2630 1982 2666 cum
1995 2616 2263 2680 proluvium
2274 2615 2426 2664 mini-

1366 2706 1466 2743 me.
1501 2692 1737 2743 Faernus.

1434 2767 1735 2831 prolubium]
1768 2768 1940 2832 Major
1976 2767 2229 2832 quedam,
2259 2773 2314 2817 et
2348 2767 2425 2817 ef-

1367 2842 1484 2894 fusa
1505 2844 1687 2904 libido,
1709 2841 1931 2905 flagrans
1964 2843 2212 2894 studium.
2249 2843 2426 2893 Coecil.

1367 2919 1503 2983 apud
1528 2919 1667 2968 Non.
1702 2920 1719 2947 ‘
1738 2919 2126 2978 Mearastraria,
2149 2918 2286 2983 quod
2307 2933 2425 2982 pro·

1367 2996 1583 3058 lubium,
1604 3010 1718 3059 qua=
1740 2996 2015 3059 voluptas?
2049 3010 2165 3060 quae
2189 3001 2242 3045 te
2261 2996 2426 3046 lactat

1366 3074 1579 3137 largitas
1597 3071 1634 3120 Ρ
1690 3070 1845 3135 Apud
1869 3070 1933 3121 A.
1956 3072 2075 3122 Gel.
2103 3073 2119 3101 ‘
2136 3072 2425 3135 prolubium

1366 3147 1645 3199 audiendi!
1712 3146 1816 3196 Alii
1836 3149 2017 3212 legunt
2028 3147 2424 3211 hiemi-duviani,

1365 3225 1503 3291 quod
1544 3224 1682 3274 aliud
1722 3231 1839 3285 est;
1879 3239 2165 3289 quanquam
2197 3232 2254 3274 et
2294 3225 2424 3274 illud

1364 3304 1449 3353 hic
1487 3317 1589 3352 non
1626 3302 1761 3352 male
1801 3300 2079 3350 convenire
2114 3301 2297 3366 possit.
2330 3302 2426 3367 ned
2505 3302 2512 3307 “

1367 3380 1507 3445 prius
1532 3378 1718 3429 verius.
1752 3377 2034 3428 Furnabiue.

1429 3456 1601 3506 Subita
1637 3460 1712 3504 est
1745 3453 1972 3516 largitae]
2016 3454 2327 3518 Repentina,
2359 3469 2422 3504 ac

1364 3549 1459 3599 per
1481 3534 1577 3582 hoc
1597 3533 1711 3595 ipsa
1724 3540 1804 3580 est
1821 3530 2028 3594 ingrata
2044 3538 2100 3579 et.
2116 3530 2423 3580 immodera-

1367 3619 1454 3659 ta:
1491 3616 1550 3658 ut
1587 3607 1782 3667 evenit,
1810 3622 1966 3673 quum
1988 3622 2054 3657 ex
2080 3608 2227 3656 nimis
2253 3609 2423 3673 parcis

1364 3700 1466 3736 non
1500 3684 1629 3747 largi
1652 3691 1706 3733 et
1735 3683 1998 3746 liberatica,
2015 3684 2107 3734 sed
2131 3682 2281 3735 effusi
2306 3700 2422 3750 pro·

1364 3761 1574 3825 digique
1594 3758 1895 3808 redduntur.
1927 3759 2165 3809 Donatus.

1428 3842 1494 3887 29
1536 3839 1605 3886 Ut
1644 3836 1695 3884 id
1731 3836 2039 3900 ostenderem]
2072 3834 2321 3889 Abundat
2351 3836 2419 3887 id.

1366 3923 1456 3965 aut
1480 3913 1689 3977 ἔλλειψις
1711 3919 1810 3974 est,
1837 3925 1930 3975 pro
1948 3927 2035 3975 per
2055 3912 2126 3961 id.
2160 3911 2325 3962 Idem.

1431 3993 1571 4048 Quod
1588 3997 1635 4039 te
1654 3986 1739 4038 isti
1760 3987 1977 4049 facilem,
2006 3993 2056 4037 et
2075 3988 2311 4047 festivum
2333 4003 2421 4052 pu-

1364 4069 1491 4131 tout]
1538 4067 1761 4117 Multum
1810 4063 2040 4113 detraxit
2078 4062 2326 4123 Micioni,‘
2344 4062 2421 4112 di-

1364 4144 1531 4195 cendo
1566 4145 1582 4172 ‘
1612 4150 1664 4192 te
1687 4141 1774 4190 isti
1799 4138 2019 4204 putaut‚'
2042 4153 2137 4202 per
2157 4140 2294 4204 quod
2320 4140 2422 4203 sig-

1363 4221 1622 4280 nificatur,
1635 4231 1812 4267 errare
1828 4215 2204 4278 adolescentes,
2216 4222 2271 4266 et
2286 4216 2423 4266 hunc

1361 4316 1462 4353 non
1484 4315 1596 4351 esse
1620 4297 1890 4351 festivum.
1923 4294 2075 4344 Idem.
