3035 4941
532 440 705 507 1284

529 605 624 664 est,
642 601 797 658 velim,
826 599 932 664 &ct-J
966 598 1230 662 Donatus,
1266 597 1462 651 ordinis
1498 600 1592 650 im-

531 679 739 739 mutati,
763 684 820 728 ut
847 675 1166 727 confirmatio
1189 681 1312 726 aute
1336 677 1591 726 narratio-

529 768 648 804 nem
669 754 1021 815 induceretur,
1043 768 1246 804 causam
1270 767 1301 800 a
1318 752 1591 815 perturba-

532 831 680 881 tione>
701 830 917 895 repetit.
961 830 1057 895 Est
1091 837 1263 879 autem
1296 828 1395 879 arti
1416 830 1590 893 potius

531 907 883 959 tribuendum.
936 907 1021 957 Sic
1062 906 1253 958 Heaut.
1287 906 1389 971 (w.
1411 910 1460 956 1.
1482 903 1592 970 10.)

532 984 764 1034 Sostrata
786 983 971 1048 incipit
998 983 1014 1011 ‘
1038 983 1257 1047 primum
1282 983 1380 1033 hoc
1404 989 1455 1032 te
1480 997 1591 1046 oro,

529 1060 741 1125 nequid
762 1059 945 1110 credas
962 1074 1044 1108 me
1060 1059 1330 1109 adversum
1356 1058 1589 1112 edictum

530 1144 676 1194 tuum
698 1136 880 1187 facere
901 1152 1014 1187 esse
1035 1134 1357 1194 ausamsswubi
1371 1136 1586 1188 Servus:

528 1220 545 1244 ‘
571 1214 765 1264 Nescio
782 1213 902 1278 quid
922 1213 1129 1277 peccati
1147 1219 1323 1278 portat
1337 1213 1448 1262 haec
1467 1226 1592 1276 pur·

530 1291 708 1357 gatio.'
753 1292 1009 1350 Boeclerus.

529 1407 540 1418 ,
593 1369 830 1431 Primum,
850 1367 956 1433 ξω]
991 1366 1330 1418 Praemunitio
1351 1372 1407 1416 et
1428 1381 1588 1417 excu-

530 1446 663 1510 satio
683 1452 1008 1510 praepostera
1036 1445 1171 1504 male
1193 1444 1391 1502 conscii
1415 1444 1590 1506 animi,

530 1538 585 1574 se
630 1521 918 1588 purgantis,
966 1528 1239 1587 antequam
1296 1526 1587 1572 accusetur.

530 1600 816 1662 Famubius.

595 1681 657 1728 lo
695 1674 938 1739 Quidquid
971 1673 1108 1735 ludus
1125 1673 1317 1735 factum
1344 1672 1445 1736 est]
1478 1671 1587 1722 Ab·

529 1752 714 1803 solute.
743 1759 803 1802 ut
825 1755 1041 1839 snpra,‘
1067 1751 1138 1799 Et
1160 1749 1413 1815 quidquid
1436 1749 1587 1812 hujus

526 1828 825 1894 feci,-causa
860 1827 1076 1891 virginis
1103 1823 1242 1876 feci?

526 1907 628 1956 rei:
679 1912 739 1957 ut
778 1905 866 1962 sit,
908 1903 1047 1966 hadas
1088 1903 1176 1954 rei.
1241 1903 1588 1953 stomachose.

513 1983 765 2033 ·Donutus.

594 2064 653 2109 11
693 2058 845 2123 Quid]
905 2059 1055 2122 Quid,
1095 2056 1402 2121 interrogat.
1471 2056 1588 2123 quis

526 2137 663 2187 enim
695 2145 826 2190 ante
852 2135 1066 2199 crimen,
1094 2150 1266 2201 quam
1286 2134 1587 2200 objiciatur,

527 2222 617 2264 aut
639 2220 977 2280 proponatur,
1002 2214 1192 2277 neget?
1227 2213 1379 2263 Idem.

537 2345 540 2350 ,
559 2323 566 2331 -
591 2291 741 2340 Recte
755 2291 891 2354 sane]
916 2290 1090 2347 Docte
1104 2289 1381 2338 Terentius
1400 2287 1513 2352 ipse
1528 2303 1587 2338 se

524 2367 872 2433 reprehendit.
906 2367 1041 2417 Nam
1065 2365 1242 2415 ordine
1261 2364 1457 2414 factum
1480 2380 1586 2415 non

524 2452 628 2507 est,
652 2459 761 2510 prae
782 2445 967 2495 timore
987 2448 1043 2493 et
1060 2441 1392 2493 conscientia.
1434 2441 1587 2494 Idem.

596 2527 657 2572 12
698 2522 835 2571 Emit
878 2522 1107 2584 quendam
1148 2519 1374 2587 Phaedria
1423 2520 1586 2569 Eunu-

526 2598 685 2661 chum]
721 2597 876 2659 Vide,
914 2596 1262 2646 narrationem
1294 2611 1325 2645 a
1352 2611 1585 2646 necessa-

526 2677 619 2725 riis
644 2682 700 2724 et
719 2671 1026 2763 urgenti-bus
1059 2677 1306 2735 coeptam,
1328 2685 1430 2720 non
1455 2671 1507 2720 in
1531 2687 1587 2722 se

527 2752 813 2815 continere,
841 2751 939 2799 nisi
970 2749 1108 2815 quod
1145 2750 1220 2798 rei
1252 2749 1481 2799 conditio
1505 2764 1589 2815 co·

527 2828 606 2891 git
627 2825 801 2878 fateri.
849 2827 1003 2888 Emit,
1026 2826 1212 2892 inquit,
1234 2828 1463 2889 quendum
1490 2829 1587 2877 Eu-

523 2908 744 2969 nuchum,
782 2923 915 2970 quem
946 2909 1066 2955 dono
1098 2906 1206 2955 huic
1242 2908 1396 2958 daret.
1464 2908 1587 2957 Non

524 2986 795 3047 dixit‚cm·
814 2987 932 3034 dono
953 2987 1107 3033 daret.
1164 2982 1335 3032 Aliter
1358 2984 1423 3032 ab
1448 2999 1586 3034 amo·

523 3064 595 3112 ris
630 3063 894 3115 mentione
933 3061 1196 3124 coepisset.
1277 3059 1484 3108 Deinde
1527 3057 1587 3107 τὸ

524 3141 751 3203 quendum
784 3138 1096 3200 ἐξουθενισμὺν
1127 3134 1403 3200 significat,
1425 3142 1481 3185 et
1508 3137 1587 3185 εὖ·

433 3254 439 3266 .
520 3215 709 3275 τέλειαν
726 3214 904 3280 ἀνδρός.
939 3215 1175 3264 Donatus.

591 3299 651 3344 13
684 3292 839 3356 Huic]
873 3292 1023 3354 Huic,
1044 3306 1186 3340 more
1211 3306 1303 3342 suo
1335 3290 1466 3341 dixit
1492 3307 1584 3356 po·

526 3370 648 3433 tius,
671 3383 842 3434 quam,
864 3368 1132 3418 Meretrici.
1187 3367 1482 3419 Quinetiam
1504 3369 1584 3418 in-

523 3451 838 3509 terrogatus,
878 3443 1066 3492 Thaidi
1125 3445 1296 3507 potius
1348 3444 1584 3495 dicturus

524 3527 624 3582 est,
645 3535 799 3585 quam
821 3526 879 3569 ut
900 3533 1086 3568 nomen
1112 3519 1272 3585 dicat,
1294 3536 1396 3585 quo
1420 3519 1583 3570 offen-

522 3597 667 3652 ditur
704 3597 896 3646 Senex.
952 3597 1186 3646 Eunuchi
1217 3607 1388 3647 autem
1425 3599 1583 3649 solius

521 3673 722 3724 mentio
744 3673 1035 3721 necessaria
1057 3680 1171 3723 est:
1206 3674 1326 3739 quia
1348 3674 1582 3737 dicturus

522 3755 620 3814 est,
663 3764 758 3814 pro
802 3749 1050 3798 Eunucho
1101 3749 1388 3800 deductum
1435 3752 1582 3802 Chae-

520 3841 682 3877 ream.
723 3826 885 3879 Idem.
1027 3820 1032 3825 ’

565 3909 650 3975 Ἴ14
692 3904 881 3968 Viginti
907 3903 1074 3968 minis]
1106 3906 1323 3956 Tantum
1357 3907 1583 3957 dederat

519 3981 776 4039 Phaedria
798 3996 890 4045 pro
916 3975 1164 4033 Eunucho
1197 3990 1252 4032 et
1284 3984 1473 4033 ancilla
1497 3983 1582 4032 ΙΕ-

520 4061 767 4125 thiopica,
797 4067 864 4112 ,ιιι
902 4077 967 4111 ex
1009 4067 1111 4111 act.
1137 4077 1174 4112 1.
1209 4077 1284 4111 sc.
1308 4067 1359 4112 2.
1404 4077 1474 4110 vs.
1500 4066 1582 4111 89.

521 4142 740 4197 constat.
772 4152 952 4186 servus
990 4138 1074 4186 hic
1106 4137 1415 4202 compendio
1445 4138 1580 4201 agit:

518 4212 710 4263 fatetur
745 4228 1026 4275 summam;
1062 4222 1116 4264 et
1152 4215 1457 4267 Eunuchum
1490 4229 1581 4262 no-

520 4290 685 4342 minat
720 4291 901 4351 solum,
939 4291 1076 4340 unde
1120 4292 1321 4340 occasio
1361 4290 1581 4354 periculi

520 4366 700 4418 comici
728 4367 789 4416 ad
825 4368 1039 4417 alterum
1073 4366 1253 4432 filium,
1288 4367 1579 4430 Chaeream,

1285 1824 1415 1874 Aut
1438 1824 1588 1874 deest
1610 1895 1615 1898 .

1227 455 1441 505 No'rAE
1495 455 1895 507 νΑιιιοιιυΜ
1945 447 2051 508 ιιι·

1666 600 1906 664 profecta
1923 608 2021 653 est.
2056 601 2315 652 Boecterus.

1674 705 1681 714 ν
1730 685 1791 730 1⁵
1826 680 2002 731 Actum
2020 680 2112 744 est]
2134 681 2472 747 Desperantis
2492 682 2735 782 verbum.

1668 757 1910 808 Donatus.

1673 861 1679 868 ·
1734 838 1852 887 Tum
1894 840 2129 901 quandum
2155 838 2414 905 fidicinam
2468 844 2602 888 amat
2656 840 2737 889 hic

1668 912 1887 977 Cluen-ea]
1908 914 2059 963 Mire
2081 919 2149 964 et
2168 914 2460 964 necessario
2474 915 2739 969 variavit.

1664 989 1752 1040 ille
1793 991 1945 1048 Emit,
1988 999 2048 1041 ιιι
2089 991 2396 1041 Eunuchum
2438 992 2619 1042 mittat
2667 993 2743 1042 ad

1662 1067 1944 1118 Thaidemz
1997 1070 2099 1118 hic·
2127 1070 2292 1131 Amat,
2339 1067 2636 1120 utdedu'ci
2678 1070 2738 1120 s'e

1663 1157 1756 1207 pro
1781 1144 2029 1195 Eunucho
2052 1145 2194 1195 velit.
2229 1145 2379 1194 Idem.
2681 1190 2708 1217 0

1731 1220 2262 1287 Quandamfidioinum]
2287 1219 2613 1271 Extenuatio
2631 1223 2740 1272 cri
2772 1283 2777 1284 ⁷

1661 1298 1812 1348 minis
1834 1306 1947 1350 est·
1981 1314 2086 1351 non
2108 1299 2246 1365 quod
2276 1299 2566 1365 Virginem,
2590 1300 2739 1366 quod

1662 1374 1843 1424 Civem
1868 1374 2140 1426 vitiaverit.
2173 1376 2326 1427 Idm.

1726 1450 1829 1500 Hic
1854 1451 2075 1516 Clioereu]
2109 1450 2348 1504 Adverb.
2373 1451 2426 1502 in
2453 1452 2555 1503 hac
2578 1454 2743 1520 urbe,

1660 1526 1798 1588 vel,
1783 1542 1835 1576 m
1862 1528 2060 1579 aedibus
2079 1527 2309 1580 Thaidis.
2343 1528 2661 1581 Farnobium·

1727 1609 1790 1654 16
1823 1605 1990 1656 Hem!
2010 1607 2155 1671 quid?
2183 1607 2339 1671 amat]
2371 1608 2508 1658 Haec
2522 1610 2745 1674 singula

1662 1682 2045 1744 pronuntianda
2078 1689 2219 1747 sunt,
2259 1691 2316 1734 ut
2350 1691 2625 1750 stuporem
2664 1688 2743 1738 ni-

1662 1757 1781 1805 miae
1803 1757 2171 1822 indignationis
2194 1760 2453 1813 ostendat.
2486 1763 2744 1815 Donatus.

1726 1835 1808 1882 An
1843 1834 1937 1883 scit
1962 1835 2070 1896 jam
2099 1836 2181 1886 ille
2211 1836 2323 1901 quid
2349 1838 2585 1888 meretrix
2602 1839 2743 1905 siet]

1662 1910 1800 1963 Quia
1821 1909 2049 1974 fidicina,
2070 1914 2320 1964 meretrix
2339 1919 2437 1964 est.
2474 1914 2642 1967 Idem.

1728 1991 1790 2037 17
1823 1988 1905 2038 An
1921 1988 1974 2037 in
1990 1989 2114 2039 Astu
2133 1990 2284 2055 veuit]
2320 1991 2381 2040 ln
2397 1991 2548 2055 Astu,
2571 1992 2630 2042 in
2659 2009 2747 2044 ur-

1663 2064 1778 2115 bem
1805 2064 1872 2114 de
1895 2065 2092 2116 Pareo.
2115 2066 2190 2116 sic
2213 2064 2557 2116 Athenienses
2579 2084 2748 2121 voca-

1660 2140 1790 2190 bant
1811 2140 1989 2190 urbem
2026 2157 2200 2193 suamz
2235 2143 2373 2193 unde
2405 2144 2507 2209 ipsi
2542 2144 2743 2199 incolae

1663 2217 1802 2268 ἀστοὶ
1826 2226 2097 2269 vocantur.
2132 2220 2285 2270 Idem.
2398 2236 2403 2241 ·
2514 2237 2517 2238 ⁷

1728 2296 1879 2347 Aliud
1914 2310 1976 2345 ex
2002 2297 2096 2346 atio
2134 2295 2334 2360 matum]
2368 2297 2488 2348 Hoc
2517 2312 2743 2364 separa-

1662 2372 1756 2423 tim
1781 2373 1914 2423 dixit
1929 2374 2122 2440 Senex,
2138 2373 2256 2425 fixis
2272 2375 2324 2423 in
2343 2377 2741 2429 Parmenonem

1662 2450 1845 2502 oculis.
1864 2451 2032 2501 Idem.
2544 2478 2547 2481 ι
2670 2472 2675 2478 -

1728 2528 1792 2578 In
1812 2534 1938 2591 astu,
1959 2529 2069 2594 qma]
2101 2529 2167 2580 In
2197 2529 2380 2580 urbem
2407 2545 2473 2580 ex
2498 2531 2742 2587 Piraeeo.

1661 2605 1723 2655 ὡς
1745 2603 1870 2655 ἄστυ
1891 2606 1941 2655 αἱ
1967 2605 2174 2666 Ἀθῆναι,
2198 2605 2337 2667 ἀστοὶ
2354 2606 2444 2656 ’καὶ
2475 2607 2677 2658 ἀστικοὶ
2697 2611 2745 2660 οἱ

1660 2682 1914 2742 Ἀθηναῖοι,
1925 2682 1986 2733 ὥς
1999 2682 2077 2732 καὶ
2095 2681 2171 2732 ἐπὶ
2185 2683 2362 2745 Ῥώμης
2375 2682 2591 2745 λέγεται.
2615 2686 2744 2737 Ste-

1663 2760 1818 2823 phan.
1840 2760 1906 2809 de
1929 2760 2191 2811 Urbibus:
2225 2766 2282 2810 et
2317 2760 2431 2810 Cic.
2469 2760 2505 2810 l.
2543 2775 2613 2810 11.
2670 2762 2742 2812 de

1661 2835 1844 2897 Legib.
1879 2837 1894 2866 ‘
1910 2836 2087 2885 Vestri
2111 2835 2298 2894 Attici,
2324 2836 2632 2902 priusquam
2646 2853 2742 2895 eos

1661 2911 1891 2961 Theseus
1926 2912 2220 2976 demigrare
2262 2928 2327 2962 ex
2373 2913 2534 2978 agris,
2576 2921 2640 2981 et
2686 2917 2741 2965 in

1664 2988 1818 3051 Astu,
1855 2989 1992 3053 qnod
2026 2989 2410 3054 appellabatur,
2450 3004 2638 3040 omnes
2680 3007 2740 3042 se

1661 3063 1897 3115 conferre
1910 3066 2110 3130 jussit!
2134 3068 2367 3116 Lutomus
2389 3067 2738 3131 proverbium

1661 3155 1775 3191 esse
1816 3143 1910 3204 ait,
1941 3143 2153 3207 dicique
2191 3144 2255 3194 de
2289 3143 2490 3193 callidis
2528 3158 2597 3193 ex
2637 3161 2740 3196 usu

1660 3219 1863 3282 peritis.
1895 3219 1987 3268 sed
2007 3221 2147 3270 nullo
2166 3219 2328 3271 fultus
2345 3220 2582 3270 tibicine.
2610 3223 2737 3272 ada-

1661 3294 1929 3358 giographi
1951 3310 2055 3344 non
2079 3303 2379 3359 agnoscunt.
2418 3290 2717 3349 Fur-nobiae.

1725 3376 1788 3421 18
1825 3372 1976 3432 Here,
2007 3387 2066 3422 ne
2095 3388 2170 3422 me
2199 3373 2402 3436 spectes]
2444 3373 2738 3424 Conscien-

1660 3447 1735 3497 tia
1771 3447 2009 3511 trepidns
2055 3449 2314 3498 Parmeno
2362 3448 2478 3497 heri
2524 3451 2734 3501 vultum

1660 3532 1859 3577 terrore
1883 3530 1935 3574 et
1956 3525 2219 3575 iracundia
2244 3525 2453 3588 plenum
2486 3540 2594 3575 non
2618 3543 2735 3577 sus-

1659 3603 1824 3651 tinetx
1861 3608 1916 3651 et
1939 3603 2296 3666 purgationem
2319 3601 2553 3666 priorem
2578 3618 2734 3669 repe-

1659 3679 1744 3728 tit.
1781 3679 2041 3729 Boeclerus.

1725 3755 1812 3804 Me
1842 3754 2093 3819 impulsore
2120 3755 2218 3804 hoec
2245 3756 2510 3820 nonfacit]
2544 3756 2729 3822 Ipsum

1658 3838 1871 3881 accusat
1906 3832 2236 3881 conscientia.
2269 3846 2370 3880 nou
2404 3830 2546 3881 enim
2587 3832 2731 3897 quod

1657 3908 1822 3957 levius
1867 3914 1966 3973 est,
2000 3908 2153 3971 dixit,
2192 3923 2265 3958 me
2307 3909 2514 3958 sciente.-
2567 3925 2727 3975 quum

1657 3987 1773 4050 plus
1797 3985 2003 4049 inferat,
2021 4001 2094 4035 me
2114 3986 2382 4051 impulsore.
2430 3986 2694 4036 Donatus.

1723 4066 1787 4110 19
1820 4064 1928 4123 Ego
1962 4067 2027 4118 te,
2050 4061 2281 4123 furcifer,
2316 4064 2360 4111 si
2390 4059 2522 4126 vivo]
2558 4061 2726 4112 Modo

1656 4138 1820 4186 omnis
1853 4138 2052 4187 saevitia
2085 4139 2287 4188 comica
2316 4146 2407 4187 aut
2433 4138 2485 4185 in
2510 4138 2724 4187 commi-

1656 4215 1869 4264 natione
1910 4222 2010 4276 est,
2045 4222 2134 4264 aut
2168 4214 2220 4263 in
2252 4220 2511 4277 apparatu
2536 4212 2721 4262 verbo-

1657 4304 1788 4340 rum.
1824 4291 1972 4340 Idem.

1718 4371 1782 4416 20
1817 4367 1876 4416 Sa·
1910 4366 2041 4430 vivo]
2089 4364 2464 4425 Ἀποσιῶπησιςε
2497 4373 2545 4415 te
2576 4362 2719 4414 ulcis·
