3035 4941
439 347 444 352 ·
511 313 683 379 1248

516 491 668 542 quum
704 489 805 525 non
829 474 980 536 vidit,
1003 471 1281 524 Phaedria!
1313 471 1571 522 Boeclerue.

582 554 889 614 Nostrarum,
933 554 1039 617 ξω]
1093 554 1302 604 Nostroe
1360 548 1572 598 familiae

514 631 673 680 nulls.
739 630 1037 693 Quisquam
1024 644 1077 678 ιιι
1099 627 1339 677 foemineo
1359 640 1574 689 usurpa·

518 716 591 768 ta,
617 706 875 756 archaice.
907 706 1086 755 Plaut.
1111 705 1241 755 Rud.
1264 709 1364 753 act.
1387 718 1469 752 ιν.
1495 717 1572 753 sc.

513 787 563 832 4.
590 782 771 832 Cistel.
790 796 853 832 ιι.
871 785 920 842 3.
947 782 1093 831 Pers.
1113 794 1185 830 tv.
1205 785 1254 830 3.
1293 778 1574 829 Fumabius.

579 864 639 910 11
680 857 966 921 Quisquam]
1002 857 1236 923 Antiqua
1257 857 1451 906 locutio
1476 862 1574 906 est.

518 939 756 994 Donatus.

518 1030 526 1038 ·
581 1021 644 1066 12
682 1017 790 1064 Nou
822 1013 968 1076 vidit]
1000 1011 1258 1072 Totidem,
1290 1009 1575 1075 iisdemque

514 1092 685 1142 verbis
709 1090 921 1154 repetit.
988 1090 1059 1138 Et
1090 1086 1429 1149 interrogatio
1465 1093 1573 1134 stu·-

514 1182 695 1231 porem
739 1166 1041 1215 admirantis
1082 1163 1332 1225 ostendit,
1380 1161 1573 1226 etjam

514 1243 674 1292 veluti
699 1240 1085 1297 consentientis,-
1119 1241 1271 1290 Idem·

579 1322 640 1368 13
683 1319 890 1380 Namque
932 1317 1079 1366 alium
1132 1316 1275 1366 habui
1320 1312 1574 1376 neminem]

512 1395 660 1443 Bene
697 1395 761 1443 ad
796 1393 921 1442 illud
957 1393 1094 1458 quod
1130 1394 1223 1457 ait,
1246 1394 1328 1442 Διι
1349 1396 1402 1441 tu
1422 1392 1576 1444 hunc:

514 1470 743 1535 quasiex
769 1470 965 1521 multis.
1000 1470 1150 1519 Idm.

580 1553 640 1599 14
674 1549 781 1599 Au.
776 1548 794 1584 Ι
823 1564 907 1598 nec
926 1548 1262 1611 comparandus
1287 1546 1366 1596 Ιιίο
1388 1546 1577 1609 quidem

514 1625 610 1688 est]
663 1626 743 1674 Au
788 1624 1084 1688 interjectio
1129 1630 1210 1673 est
1248 1622 1574 1674 conturbate

513 1701 754 1764 foeminae,
778 1716 874 1750 nec
896 1701 1183 1750 constantis
1207 1699 1324 1749 sibi.
1359 1700 1529 1766 Idem.-

581 1778 673 1827 [ue
693 1784 796 1828 erat
817 1779 1009 1828 honesta
1033 1776 1167 1838 facie
1185 1783 1233 1827 et
1264 1775 1471 1839 liba-ali]
1501 1777 1577 1838 Τᾷ

516 1854 778 1918 tumme»,
796 1860 922 1917 eret,
956 1855 1097 1917 qussi
1127 1855 1192 1903 de
1222 1857 1446 1913 mortuo,
1486 1860 1576 1903 ant

465 1971 468 1982 2
515 1933 603 1997 qui
640 1947 739 1981 non
765 1939 865 1994 est,
900 1932 1101 1982 scilicet
1121 1930 1321 1994 Thaidi,
1353 1930 1475 1995 quia
1495 1928 1574 1979 fu·

517 2010 628 2073 git.
651 2009 800 2059 Idem,

575 2092 646 2138 15
683 2080 902 2140 Honesta
924 2084 1057 2146 facie
1098 2092 1146 2136 et
1182 2069 1392 2147 liberali]
1423 2049 1575 2133 Gom·

514 2163 667 2219 mode
691 2164 981 2227 descriptus
1004 2171 1084 2213 est
1107 2162 1339 2213 Chaerea.
1372 2161 1524 2210 Idem·

583 2240 804 2288 Honesta
813 2238 967 2302 facie,
984 2237 1091 2301 &ct-J
1116 2238 1271 2288 Miles
1292 2250 1451 2299 supra
1472 2243 1573 2286 act.

515 2330 603 2365 111.
628 2330 700 2363 sc.
724 2320 772 2364 2.
820 2317 835 2344 ‘
861 2315 947 2364 Ita
971 2329 1051 2364 me
1073 2314 1148 2363 dii
1172 2320 1367 2377 ament,
1393 2314 1576 2366 hones·

515 2401 603 2450 tus
626 2391 744 2441 est!
777 2391 1060 2441 Famabius.

585 2475 648 2519 16
675 2469 802 2525 Quia
824 2469 960 2518 varia
978 2474 1102 2519 veste
1116 2465 1448 2530 indutussuit]
1472 2467 1575 2516 Eu—

517 2546 794 2610 graphius:
850 2546 1128 2607 &Eunuchi
1171 2552 1315 2595 veste
1360 2544 1578 2594 uteban-

516 2631 606 2675 tur
641 2623 967 2685 versicolore,
1006 2631 1065 2673 ut
1103 2624 1277 2673 multis
1312 2623 1576 2672 coloribus

517 2707 670 2750 texta
706 2699 1006 2763 fulgerent!
1041 2701 1249 2764 proprie
1286 2715 1412 2764 ergo
1437 2702 1577 2750 locu·

517 2784 602 2828 tus
624 2787 707 2828 est
727 2776 912 2839 Poe'tu,
929 2792 1047 2826 nam
1071 2782 1086 2806 ‘
1111 2778 1348 2828 Varietss
1367 2779 1575 2843 quidem

518 2855 728 2918 proprie
763 2855 815 2904 in
848 2853 1137 2919 disparibus
1160 2853 1420 2905 coloribus
1452 2855 1579 2904 dici-

516 2939 635 2981 tnr:
673 2930 762 2980 sed
803 2929 1118 2980 transfertur
1142 2931 1195 2980 in
1218 2931 1379 2981 multa
1404 2931 1575 2995 dispu-

515 3006 820 3071 ria,’.inquit
838 3006 1020 3057 Cicero
1037 3020 1103 3056 ιι.
1122 3006 1187 3055 de
1210 3007 1321 3056 Fin.
1344 3010 1393 3056 3.
1418 3005 1575 3068 Vide,

512 3099 631 3147 quoe
656 3085 733 3134 Cl-
755 3083 1038 3133 Salmasius
1073 3083 1138 3133 ad
1176 3084 1389 3148 Vopisci
1412 3083 1577 3133 Aure-

513 3160 706 3210 lianum
744 3161 1036 3215 notavitde
1060 3161 1385 3225 paragaudias
1419 3162 1573 3211 Boecl.

584 3236 711 3290 Quia
741 3238 893 3299 veria,
915 3237 1020 3301 &cuj
1056 3238 1356 3302 Variegats,
1390 3238 1573 3288 colori·

516 3311 613 3359 bus
653 3320 744 3361 aut
785 3312 914 3363 liciis
950 3313 1250 3362 versicolori
1288 3313 1573 3377 cujusmodi

514 3397 662 3439 veste
682 3389 1000 3439 ornabuntur
1026 3391 1278 3448 Eunuchi,
1318 3399 1377 3440 ut
1400 3390 1575 3439 multis

516 3464 776 3515 coloribus
804 3471 950 3513 textu
970 3465 1249 3534 fingerent.
1285 3467 1573 3516 Far-nasius.

584 3543 645 3589 17
680 3541 824 3589 Nunc
841 3536 1020 3590 eo-tibi'
1037 3544 1231 3591 videtur
1254 3541 1440 3606 soedus]
1473 3544 1572 3592 Fa-

515 3623 656 3677 cete,
691 3616 855 3676 foedus
889 3618 1092 3683 videtur,
1147 3633 1249 3667 non
1290 3625 1373 3668 est
1414 3619 1571 3670 euim.

515 3693 750 3744 Donatus.

583 3773 645 3818 18
684 3770 807 3819 Tace
826 3768 1034 3834 obsecro]
1068 3770 1209 3835 Apte
1249 3772 1575 3829 ¹dietum‚‹=2st

519 3846 659 3908 Tace,
690 3844 933 3896 soemineo
970 3849 1252 3910 stomacho,
1290 3850 1435 3912 quasi
1481 3850 1572 3898 im-

513 3923 775 3987 pudenter
796 3924 1059 3975 assistenti
1091 3924 1269 3975 formae
1303 3926 1573 3989 improba»,

513 4007 572 4049 et
607 4006 912 4063 argumenta
949 4000 1168 4053 inaniter
1203 4003 1572 4066 pertinaciter·

511 4092 614 4141 que
638 4078 918 4126 invocanti.
950 4078 1102 4129 Idem.

586 4154 704 4202 Tace
725 4152 933 4217 obsecro]
959 4155 1038 4203 De
1062 4155 1439 4206 consuetudine
1465 4156 1571 4204 dic·

517 4232 627 4278 tum
665 4237 748 4280 est
789 4230 925 4281 Tace.
963 4237 1019 4281 et
1053 4231 1185 4282 bene
1229 4231 1441 4282 additur
1475 4232 1572 4281 Ob-

1196 324 1413 374 No‘rAE
1460 285 1863 380 νζιιιιοιιυιι
1916 323 1993 371 ιιι
2067 302 2070 309 “

1644 487 1802 523 secro:
1814 488 1905 523 ne
1944 473 2064 522 Tm
2086 472 2281 537 ipsum
2310 471 2548 524 videntur
2581 471 2712 535 inju-

1647 552 1744 600 ris.
1781 552 1932 600 Idem.

1710 632 1776 677 20
1813 629 1966 684 Quem
1986 633 2040 679 tu
2059 644 2169 679 vero
2195 630 2357 679 cidere
2385 628 2548 689 uelles,
2564 626 2709 676 1²12oe-

1645 704 1775 767 ἀνία]
1810 705 2081 755 Commota
2119 705 2368 756 adversus
2391 702 2717 778 Phaedrism,

1648 781 1852 845 cogitur
1874 796 1988 831 eum
2023 782 2259 845 laudare,
2292 782 2377 830 cui
2413 782 2706 833 irata‘·‚est
2691 813 2706 828 .

1647 862 1702 906 et
1723 856 1839 906 ideo
1863 866 2031 908 totum
2056 858 2264 908 callide.
2294 859 2447 908 Idem.

1716 934 1869 990 Quem
1889 938 1943 982 tu
1963 950 2072 984 vero
2090 934 2275 997 videre]
2292 935 2526 995 Facete,
2560 931 2710 996 quasi

1646 1024 1746 1060 nec
1767 1011 1925 1072 hunc,
1962 1026 2062 1061 nec
2098 1011 2271 1074 ipsum
2293 1011 2381 1075 qui
2404 1009 2564 1071 misit,
2585 1022 2715 1058 con-

1649 1095 1887 1150 spectum
1911 1087 2053 1137 velit.
2087 1088 2273 1136 Idm.
2570 1106 2575 1112 ·

1717 1165 1870 1220 Quem
1890 1165 1966 1228 tu]
2005 1164 2173 1226 Quem,
2193 1164 2370 1214 talem.
2395 1170 2453 1213 et
2475 1160 2713 1211 breviter

1649 1243 1760 1306 ejus
1805 1242 1969 1293 forma
2010 1241 2222 1292 laudata
2262 1247 2378 1291 est.
2426 1253 2546 1289 cum
2589 1252 2727 1301 pro·

1647 1320 1801 1370 lixius
1824 1321 1961 1371 illius
1993 1320 2065 1370 sit
2098 1317 2442 1369 describenda
2464 1313 2714 1410 deformi·

1651 1404 1746 1446 tas.
1778 1398 1931 1447 Idem.
2116 1406 2120 1411 '

1718 1474 1867 1530 Quem
1889 1480 1942 1523 tu
1962 1489 2068 1530 vero
2084 1473 2272 1537 uidere]
2302 1472 2445 1534 Vero,
2465 1471 2716 1520 Pulchre.

1650 1551 1879 1601 Pulcher
1915 1549 2383 1613 euim·est,·cnjus'
2410 1547 2578 1596 forms
2612 1557 2714 1610 nec

1650 1627 1841 1686 odium,
1903 1641 2003 1677 nec
2057 1625 2341 1676 convitium
2385 1623 2717 1674 commeruit.

1651 1704 1915 1754 Lucilius
1900 1718 1955 1753 ιιι
1976 1703 2169 1767 Satyra
2190 1698 2529 1765 Athymnidis
2546 1698 2578 1727 ⁴*
2599 1700 2616 1727 ‘
2631 1699 2721 1748 Ex

1650 1779 1788 1830 facie
1810 1779 1991 1831 florem
2017 1778 2314 1841 delegeris)
2348 1778 2503 1828 Idem.
2602 1796 2609 1800 ·

1655 1899 1660 1909 .
1717 1859 1867 1914 Quem
1888 1864 1942 1908 tu
1961 1856 2143 1919 videre]
2178 1858 2356 1909 Quare
2378 1861 2451 1916 tu,
2489 1870 2555 1918 un
2589 1855 2718 1942 quie

1650 1933 1752 1983 iste
1781 1936 1886 1997 jam
1910 1948 2011 1983 non
2035 1933 2162 1982 velit
2182 1931 2379 1993 videre,
2416 1932 2582 1980 iratus
2618 1929 2723 1979 sci-

1648 2011 1778 2062 licet
1808 2011 1876 2060 ob
1908 2011 2142 2060 vitiatam
2167 2007 2450 2074 virginem?
2518 2007 2606 2057 Αιι
2629 2012 2720 2059 tu?

1650 2088 1796 2153 quasi
1820 2094 2090 2151 spectator
2108 2088 2320 2150 elegans
2345 2083 2645 2147 formarum,
2666 2089 2728 2132 et

1649 2164 1738 2230 qui
1759 2172 1956 2216 amator
1975 2164 2045 2213 sis
2066 2162 2312 2213 Thaidis?
2346 2162 2521 2211 Idem·

1714 2245 1776 2290 21
1811 2240 1916 2290 Hie
1935 2245 2007 2290 est
2035 2245 2186 2301 vetus,
2215 2238 2388 2300 vietus,
2403 2242 2719 2299 metemus,

1649 2317 1814 2381 senex]
1844 2318 1931 2368 Sic
1952 2319 2047 2368 hoc
2071 2324 2231 2366 totum
2256 2314 2720 2379 pronuntiandum,

1651 2396 1798 2459 quasi
1840 2396 2092 2452 irascatur
2124 2394 2281 2455 huic,-
2308 2398 2528 2456 propter
2561 2405 2717 2456 quem

1649 2472 1942 2522 laudaverit
1965 2468 2434 2523 Chaeream.1dem.

1723 2547 1909 2610 Victus]
1962 2547 2156 2604 Mollis,
2216 2544 2616 2608 flaccidusque,
2659 2552 2717 2596 et

1650 2622 1893 2675 flexibilis
1916 2636 2157 2686 corpore.
2181 2621 2320 2671 unde
2352 2628 2408 2670 et
2439 2619 2643 2682 eimina,
2661 2625 2717 2669 et

1649 2701 1788 2763 vites,
1825 2706 1880 2750 et
1921 2700 2122 2749 vietores
2164 2698 2424 2749 dicuntur.
2468 2704 2523 2747 et
2566 2697 2716 2760 viere,

1651 2777 1874 2840 religare
1916 2775 2140 2825 dicitur:
2190 2776 2316 2839 qnia
2355 2773 2508 2825 vietis
2548 2773 2712 2837 virgis

1649 2853 1813 2917 magis
1855 2855 2076 2917 religare
2130 2867 2398 2916 possumus
2422 2850 2719 2917 quidlibet.

1652 2928 1928 2984 anretius
1950 2945 2139 2979 aruneoe
2161 2929 2299 2979 dixit
2321 2928 2503 2981 vietam.
2518 2936 2716 2991 vestem,

1651 3006 1703 3055 id
1726 3014 1826 3065 est,
1854 3007 1994 3070 putri
2017 3007 2234 3057 mollitia
2256 3006 2550 3069 praeditnm.
2624 3005 2716 3055 Ve-

1649 3088 1745 3145 tus,
1784 3083 1850 3132 ed
1897 3085 2336 3146 vituperationem
2381 3082 2555 3146 modo,
2607 3098 2712 3133 non

1649 3159 1714 3207 ud
1760 3160 1965 3211 leudem
2023 3160 2259 3223 ponitur:
2317 3166 2392 3222 ut,
2448 3162 2464 3187 ‘
2503 3160 2715 3209 Veteris

1650 3236 1833 3287 Poetae
1856 3237 2145 3286 maledictis
2162 3235 2510 3301 respondeat?
2570 3236 2717 3288 Vetus

1650 3322 1752 3375 est,
1794 3314 1941 3379 cujus
1986 3313 2350 3363 diminutivum
2391 3319 2473 3362 est
2511 3315 2712 3363 mulus.

1648 3389 1814 3440 Idem.

1648 3516 1653 3523 ,
1724 3465 2024 3537 Veternosus]
2060 3465 2248 3515 Morbo
2284 3473 2463 3516 vetere
2505 3465 2713 3517 confec-

1649 3551 1756 3604 tus,
1778 3543 1828 3591 id
1853 3550 1954 3606 est,
1977 3549 2225 3592 veterno:
2262 3544 2439 3606 quales
2477 3551 2602 3593 sunt
2625 3543 2711 3607 qui

1647 3619 1932 3683 hydropem
1955 3620 2245 3684 patiuntur.
2278 3621 2349 3669 Et
2374 3625 2540 3669 recte.
2550 3620 2709 3669 'Num

1534 3710 1547 3726 ⁴
1647 3710 1790 3760 saepe
1820 3694 2059 3745 Eunuchi
2097 3695 2150 3743 in
2183 3702 2397 3745 senecta
2443 3695 2712 3750 veternosi

1649 3773 1816 3836 fiunt3
1851 3781 1906 3825 et
1951 3773 2059 3823 cito
2095 3773 2194 3823 hoc
2227 3772 2469 3823 laborant
2511 3774 2711 3865 morbo.

1648 3853 1801 3902 Idem.

1714 3928 1896 3991 Senex]
1944 3926 2025 3975 Ex
2069 3926 2252 3976 morbo
2297 3926 2713 3994 aegritudineque

1647 4018 1883 4066 rugosus.
1916 4002 2067 4053 Idem.

1713 4078 1892 4141 Senex]
1926 4080 2114 4128 Utrum
2149 4081 2444 4129 senex?·au
2481 4081 2606 4146 quia
2640 4082 2712 4130 ita

1650 4155 1855 4205 videtur
1875 4154 1942 4203 ob
1967 4153 2394 4207 deformitatem?
2426 4156 2579 4207 Idem.

1721 4230 1913 4295 Victus]
1966 4231 2216 4284 Incurvas
2263 4249 2294 4284 a
2331 4233 2452 4284 cieo.
2489 4233 2709 4286 Famub.
