3035 4941
553 355 732 430 1202

462 537 467 539 ·
555 520 746 571 verbis.
776 519 927 569 Idem·

619 601 680 646 1⁷
729 597 876 646 Modo
914 596 1037 660 qaod
1065 594 1216 658 anses]
1281 592 1614 643 Tantummo-

556 673 641 724 do.
697 673 845 739 quasi
886 671 1001 722 baec
1048 686 1193 722 mora
1234 670 1303 720 sit
1321 668 1614 734 promissis

553 750 888 814 complendis.
920 749 1072 798 Idem.

619 827 682 876 In
725 843 779 876 ea
823 842 877 878 re
919 826 1177 876 utilitatem
1221 839 1307 886 ego
1336 822 1524 883 faciam
1561 826 1617 872 ut

551 917 806 965 cognoscas
826 902 1001 966 meam]
1021 900 1121 968 ‘An
1144 901 1328 966 possit,
1349 901 1435 965 qui
1460 913 1615 963 posse

554 993 610 1029 se
656 978 971 1029 affirmavit?
1024 977 1139 1041 plus
1181 983 1263 1027 est
1302 974 1618 1040 promiserit,

555 1054 1013 1124 quamosteudere
1036 1052 1170 1118 quod
1196 1053 1379 1118 possit.
1411 1052 1563 1101 Idm.

621 1138 686 1183 18
722 1133 842 1181 Cum
870 1132 922 1180 in
942 1131 1178 1194 cellulam]
1218 1129 1308 1179 Sic
1344 1129 1472 1179 dicit
1492 1141 1619 1177 anus

555 1211 587 1240 ⁴*
604 1225 717 1277 quae
741 1215 798 1259 et
819 1208 1084 1272 acceperit
1105 1205 1429 1257 beneficium.
1464 1205 1618 1262 Idem.

620 1285 795 1336 Patris
831 1300 1003 1349 penum
1044 1285 1248 1348 omnem]
1300 1282 1481 1346 Ipsum
1527 1296 1618 1345 pe·

552 1378 706 1414 num.
692 1379 705 1392 ·
739 1377 841 1413 uon
864 1378 929 1412 ex
955 1377 1018 1412 eo
1049 1360 1262 1425 aliquid,
1284 1360 1617 1423 ὑπερβολικῶς.

553 1442 627 1491 Et
650 1440 747 1490 boc
762 1455 907 1505 penu,
926 1444 983 1488 et
1003 1437 1087 1488 bic
1121 1453 1286 1501 penus,
1308 1445 1363 1488 et
1394 1438 1506 1486 haec
1535 1451 1618 1501 pe-

552 1532 661 1581 nus,
690 1524 893 1567 veteres
923 1514 1186 1566 dixerunt·
1251 1515 1393 1579 Ergo
1431 1520 1486 1564 et
1522 1529 1618 1563 om-

484 1607 508 1620 *
552 1599 731 1648 umet
750 1609 884 1644 omns
904 1592 1113 1657 legitur.
1148 1591 1298 1641 Idem.

619 1670 940 1731 congerebam
958 1666 1243 1732 clanculum]
1273 1664 1429 1732 Λόθρα
1449 1664 1482 1726 ἡ
1508 1665 1618 1732 κρύ-

552 1754 638 1810 φα.
674 1747 825 1797 Idem.

618 1824 806 1874 Penum
826 1837 1006 1873 omnem
1030 1821 1360 1888 congerebam]
1391 1820 1618 1872 Priscia-

552 1916 649 1952 nus
685 1902 780 1952 lib.
803 1914 898 1952 xv.
930 1900 1061 1967 legit
1091 1900 1452 1963 congreg-abam-
1500 1900 1617 1949 Boe·

554 1978 745 2030 clerus.

621 2057 871 2117 cellulam,
891 2053 997 2118 ξω]
1047 2052 1165 2104 Nec
1203 2052 1616 2118 promptuariam

550 2133 723 2183 hocin
744 2132 991 2195 loco,nec
1016 2130 1336 2195 pituitariam,
1359 2136 1418 2179 ut
1440 2132 1621 2180 volunt

550 2207 901 2274 interpretes:
941 2209 1034 2258 sed
1070 2208 1123 2257 in
1155 2223 1259 2273 qua
1291 2207 1621 2258 dormiebant

548 2286 707 2336 servi.
774 2284 1135 2335 Exstruebant
1177 2283 1354 2334 divitis
1398 2282 1622 2348 famulis,

551 2362 732 2425 servis,
745 2368 802 2411 et
817 2361 996 2410 amicis
1015 2360 1265 2409 minorum
1283 2359 1511 2424 gentium
1529 2374 1618 2409 ex-

554 2439 811 2504 cipiendis
834 2439 1011 2488 cellas·
1041 2440 1058 2467 ‘
1078 2438 1145 2488 In
1168 2438 1354 2503 quibus
1378 2437 1619 2502 indignor

553 2514 598 2565 si
623 2514 718 2564 tibi
742 2514 876 2565 cella
896 2512 1031 2577 fuit,’
1055 2515 1314 2564 Martialis
1335 2515 1373 2566 l.
1403 2529 1488 2565 lx.
1521 2515 1619 2578 Ep.

550 2594 633 2643 ⁷4.
697 2592 713 2620 ‘
732 2590 1070 2642 Concbiliatis
1094 2591 1471 2655 peristromatis
1510 2607 1619 2641 ser-

550 2683 733 2719 vorum
772 2670 826 2718 in
861 2668 1009 2718 cellis
1045 2669 1209 2718 lectos
1247 2674 1439 2719 stratos
1477 2669 1620 2719 vide-

551 2746 674 2810 res,’
699 2747 811 2797 Cic.
844 2745 910 2796 ad
935 2745 1101 2796 Attio.
1127 2747 1161 2796 l.
1189 2760 1307 2796 xrv.
1334 2747 1507 2810 Epist.
1532 2751 1615 2797 22.

551 2826 568 2852 ‘
590 2823 764 2874 Cellis·
798 2821 1070 2872 servilibus
1115 2827 1353 2874 extracta
1393 2837 1620 2887 corpora

553 2906 609 2949 et
644 2899 898 2950 exercitui
929 2914 1019 2950 suo
1050 2900 1277 2966 adjecit,’
1313 2901 1433 2951 Val.
1470 2900 1618 2953 Max.

550 2981 587 3030 1.
610 2994 712 3030 vu.
737 2996 785 3032 c.
819 2985 871 3031 6.
909 2980 1023 3032 Cic.
1048 2980 1346 3046 Philippica
1368 2994 1432 3031 u.
1490 2982 1618 3032 Far·

552 3058 738 3108 nabius.
781 3060 788 3067 ⁰

620 3140 684 3185 19
704 3136 828 3198 Age,
841 3133 1022 3199 inepte]
1045 3135 1150 3187 Qui
1174 3135 1382 3186 dubitas
1405 3135 1473 3186 de
1499 3151 1618 3200 pro-

550 3211 752 3261 missis:
804 3227 887 3269 an,
910 3211 1000 3276 qui
1035 3211 1319 3276 exprobres
1359 3220 1414 3264 te
1454 3215 1619 3265 multa

548 3301 663 3337 esse
686 3288 951 3351 largitum.
986 3290 1225 3340 Donatus.

595 3360 730 3415 ‘Hoc
751 3365 1103 3426 herclesactum
1122 3366 1216 3430 est]
1266 3367 1452 3417 Inveni
1482 3362 1619 3433 quod

554 3455 719 3489 amem
732 3440 869 3490 z'hoc
886 3441 1026 3506 quod
1049 3441 1284 3504 dicebas,
1307 3443 1492 3507 inquit,
1510 3459 1620 3494 mo·-

553 3532 626 3565 rae
652 3531 789 3577 esse,
801 3517 913 3581 Jam
927 3515 1126 3567 factum
1149 3527 1262 3579 est3
1289 3533 1421 3571 amo.
1456 3521 1534 3570 Id.

616 3593 867 3642 Promissa
902 3594 1182 3658 appareant]
1234 3594 1536 3646 Utilitatem
1561 3601 1622 3647 ut

552 3681 861 3732 cognoscam
886 3676 1045 3718 tuam.
1082 3669 1231 3718 Idem.
1301 3708 1302 3711 η

618 3749 684 3795 20
717 3743 831 3794 Sive
852 3747 967 3794 adeo
986 3745 1136 3808 digna
1165 3760 1244 3796 res
1270 3745 1367 3810 est]
1412 3747 1469 3797 Si
1502 3763 1620 3813 per·

552 3836 681 3872 sona
713 3823 1051 3873 Parmenonis
1083 3831 1183 3888 est,
1212 3825 1311 3876 sive
1348 3826 1616 3878 abundatt

551 3905 608 3949 et
643 3914 740 3964 pro
765 3902 1035 3964 expletiva
1060 3903 1427 3966 conjunctione
1463 3905 1618 3956 modo

550 3982 668 4029 esti
705 3978 758 4027 in
783 3978 1086 4043 quibusdam
1119 3981 1325 4031 omnino
1357 3995 1460 4031 non
1490 3982 1619 4045 legi-

554 4061 663 4111 tur.
730 4054 862 4105 Adeo
883 4061 1054 4105 atitem
1080 4055 1330 4117 abundat,
1350 4064 1443 4107 aut
1462 4058 1618 4108 nimis

549 4130 831 4197 significat,
856 4133 939 4182 vel
962 4132 1109 4182 satis.
1144 4133 1200 4181 Si
1222 4132 1441 4183 Chaerea
1464 4133 1618 4194 dicit,

548 4209 633 4258 hic
668 4208 796 4259 ordo
834 4217 891 4260 et
930 4225 1110 4260 sensus
1146 4216 1247 4273 est,
1291 4210 1417 4272 Fac,
1465 4210 1509 4259 si
1541 4211 1620 4260 vis

551 4301 710 4345 nunc,
732 4289 843 4339 sive
868 4289 999 4339 adeo
1023 4289 1179 4354 digna
1202 4297 1419 4353 resest,-
1437 4288 1524 4340 ubi
1561 4296 1620 4339 tu

1262 369 1480 422 1⁴01·AE
1533 369 1933 444 vammum
1970 371 2066 421 nt
2171 395 2174 399 *

1688 521 1873 568 nervos
1896 517 2140 574 intendas
2161 523 2300 577 tuos,
2317 523 2377 569 ut
2392 517 2651 588 promissa
2664 525 2751 584 ap-

1689 601 1924 658 pareant.
1944 601 2004 645 ut
2024 595 2094 645 sit
2114 595 2198 651 sis,
2221 595 2267 644 si
2287 597 2393 646 vis:
2429 603 2489 645 et
2509 595 2753 655 addatur,

1686 677 1760 734 ut,
1781 673 1916 738 quod
1941 673 2109 724 deest.
2175 675 2285 723 Fac
2307 681 2366 724 ut
2395 675 2652 737 promissa
2670 690 2758 754 sp·

1687 758 1924 812 pareant.
1959 745 2112 800 Idan.

1754 825 1866 874 Sive
1887 825 2025 889 adeo]
2074 826 2364 877 Bellissime
2394 826 2614 886 dictum,
2648 841 2759 893 pro,

1691 901 1920 953 Maxime
1965 917 2103 966 eum,
2145 918 2262 953 cum
2309 904 2616 967 praesertim‚
2655 908 2757 955 διο.

1689 979 1867 1031 Faber.

1762 1057 1856 1106 Ubi
1879 1062 1935 1107 tn
1956 1071 2120 1107 nereos
2139 1056 2362 1106 intendas
2382 1057 2513 1121 tuos]
2562 1011 2759 1109 Utrum

1691 1133 1931 1183 obscoene
1954 1135 2069 1190 boc,
2103 1143 2161 1182 ut
2184 1135 2397 1184 servus?
2449 1148 2514 1183 an
2550 1144 2758 1198 μηαφο·

1689 1212 1841 1273 pascois,
1864 1210 1953 1259 ubi
1986 1211 2226 1259 laborare
2259 1224 2322 1259 ac
2355 1211 2644 1274 periclitari
2669 1212 2758 1263 de·

1692 1286 1850 1338 beas?
1889 1285 1995 1337 Sed
2019 1287 2203 1337 melius
2224 1287 2427 1349 legunt,
2448 1288 2538 1352 qui
2561 1289 2658 1338 boc
2681 1297 2759 1339 to‘·

1692 1370 1802 1413 tum
1827 1363 1892 1412 ad
1915 1376 2188 1427 personam
2210 1364 2478 1427 applicant
2493 1366 2758 1416 Chaereas

1691 1446 1750 1490 et
1797 1439 2002 1498 melius,
2047 1455 2197 1505 quam
2240 1440 2326 1505 qui
2371 1441 2759 1492 Parmenonem

1691 1516 1791 1566 boc
1812 1523 2002 1580 putant
2036 1516 2198 1581 loqui,
2232 1516 2388 1568 ‘Sive
2431 1516 2562 1568 adeo
2594 1518 2758 1582 digna

1695 1608 1779 1643 res
1802 1601 1886 1643 est
1917 1593 2009 1643 ubi
2028 1599 2095 1644 tu
2128 1608 2317 1663 nervos
2339 1594 2581 1646 intendas
2608 1594 2760 1646 tuos-⁹

1691 1671 1935 1721 Donatus.

1756 1752 1819 1798 21
1855 1749 2007 1798 Haud
2033 1747 2204 1799 &nnius
2237 1748 2382 1811 uirgo·
2410 1754 2483 1798 est
2515 1741 2763 1811 virgi-uns

1690 1828 1983 1891 nostrarum]
2038 1827 2244 1877 Civium
2289 1823 2518 1885 scilicet,
2559 1825 2615 1875 id
2658 1832 2761 1881 est.

1693 1908 1847 1952 terra
1869 1918 1932 1953 ac
1956 1904 2141 1967 patriae
2162 1910 2370 1954 nostrae.
2397 1909 2456 1953 ut
2470 1901 2726 1965 Virgilius
2748 1917 2765 1952 z

1693 1986 1708 2009 ⁶
1729 1979 1850 2030 Non
1872 1981 2057 2030 eadem
2074 1978 2345 2029 arboribus
2361 1978 2559 2043 pendet
2579 1978 2767 2027 vinde·

1692 2055 1795 2104 mia
1817 2054 2048 2105 nostris!
2112 2056 2184 2105 Et
2217 2055 2507 2112 Sallustius,
2539 2056 2556 2083 ‘
2579 2054 2766 2105 Nostri

1693 2129 1832 2181 foeda
1853 2131 2012 2196 fuga,'
2032 2135 2133 2182 διο.
2170 2132 2326 2192 Idem.

1762 2209 1894 2265 Quas
1912 2214 2090 2258 matres
2105 2207 2323 2271 student]
2356 2206 2476 2256 Hoc
2499 2205 2659 2257 verbo
2681 2220 2768 2256 os-

1695 2285 1868 2336 tendit
1888 2287 2084 2336 cultum
2108 2285 2398 2345 industriae,
2415 2297 2518 2333 non
2543 2282 2772 2348 pulchri·

1696 2362 1930 2411 tudinem
1952 2361 2264 2411 naturalem.
2299 2360 2451 2409 Idem.

1758 2443 1823 2489 22
1857 2439 2094 2490 Demissis
2113 2437 2322 2488 humeris
2340 2450 2459 2492 esse.
2474 2435 2634 2485 vincto
2653 2449 2774 2498 pee-

1694 2517 1820 2581 tore]
1870 2515 2089 2581 Antiqui
2105 2508 2250 2565 'enim
2274 2513 2452 2564 Graeci
2478 2512 2638 2562 etiam
2660 2511 2772 2560 vir-

1693 2592 1898 2658 ginibus
1910 2593 2015 2643 suis
2032 2591 2341 2657 praebebant
2358 2590 2677 2655 palaestram,
2691 2587 2767 2638 ad

1694 2669 2051 2735 componenda
2085 2682 2320 2732 corpora.
2384 2666 2506 2730 Vel,
2540 2664 2772 2715 demissis

1691 2747 1902 2805 humeris
1934 2761 2052 2803 esse,
2082 2744 2279 2810 liquide
2312 2749 2371 2795 et
2403 2742 2632 2793 molliter
2669 2740 2770 2791 de’-

1692 2824 1884 2885 ductis,
1904 2836 2075 2887 neque
2104 2820 2431 2878 extantibus,
2453 2820 2548 2870 alae
2578 2817 2635 2868 in
2656 2833 2772 2869 mo·

1694 2901 1834 2966 dum.
1868 2901 2020 2950 Idem.

1761 2962 2002 3028 Demissis
2014 2975 2222 3026 hameris
2240 2989 2357 3039 esse,
2369 2974 2532 3025 vincto
2543 2974 2775 3040 pectore}

1697 3053 1819 3103 Non
1839 3052 2197 3116 accipiendum
2217 3058 2299 3102 est
2316 3051 2465 3117 qnasi
2486 3051 2582 3100 boc
2598 3050 2771 3114 dicat,

1694 3130 1782 3180 Ad
1805 3129 1904 3180 hoc
1924 3129 2040 3179 illas
2064 3129 2280 3179 student
2302 3133 2494 3177 matres
2521 3126 2768 3177 demissis

1694 3207 1918 3256 humeris
1955 3219 2092 3270 esse,
2123 3212 2180 3254 et
2212 3205 2392 3254 vincto
2427 3210 2671 3267 pectore,
2708 3208 2774 3251 ut

1685 3284 1918 3348 *graciles
1938 3282 2104 3333 sient:
2128 3281 2223 3332 se'd
2242 3279 2387 3330 varie
2406 3279 2510 3330 tria
2526 3279 2680 3337 dixit,
2699 3293 2772 3329 ne

1695 3358 1935 3411 diceret*
1979 3365 2069 3410 aut
2105 3357 2322 3409 student
2361 3357 2477 3407 illas
2522 3356 2770 3408 demissis

1695 3436 1938 3494 humeris,
1974 3443 2028 3485 et
2062 3435 2295 3485 vinctum
2331 3441 2538 3499 pectus,
2562 3441 2624 3484 ut
2644 3449 2773 3499 gra·

1694 3514 1820 3564 ciles
1844 3514 1999 3563 sient.
2035 3514 2190 3563 Idem.

1759 3590 1998 3651 Demissis
2014 3590 2224 3641 humeris
2244 3587 2369 3652 esse]
2400 3586 2647 3638 Thoracis
2669 3602 2770 3651 pa·

1694 3668 1855 3719 rietes
1878 3683 1910 3718 a
1930 3668 2219 3719 nutricibus
2242 3668 2552 3730 plerumque
2576 3665 2776 3729 depra-

1693 3753 1903 3811 vantur,
1923 3748 2044 3797 dum
2078 3746 2217 3811 ipsos
2251 3745 2562 3796 educatione
2600 3743 2777 3808 prima

1691 3826 1908 3875 nimium
1952 3831 2100 3876 arcte
2145 3825 2470 3875 extrinsecus
2512 3821 2776 3889 vinciunt,

1691 3905 1787 3954 διο.
1821 3903 1956 3953 Caes.
1995 3902 2313 3965 Rhodiginus
2349 3901 2387 3950 1.
2411 3913 2490 3949 lv-
2528 3913 2578 3950 c.
2613 3903 2665 3949 Δ.
2701 3913 2773 3949 cx

1694 3978 1914 4030 Galeno.
1954 3970 2240 4028 Favnabius.

1767 4056 1941 4106 Vincta
1956 4056 2171 4120 pectore]
2209 4052 2483 4116 castigato
2505 4063 2568 4100 ac
2600 4049 2774 4108 tenui,

1695 4139 1754 4185 et
1795 4134 1941 4183 velut
1980 4132 2177 4183 vincto.
2242 4132 2420 4181 Deest
2457 4142 2582 4192 ergo
2614 4127 2773 4178 velut.

1696 4210 1955 4261 Donatus.

1702 4322 1703 4325 ,
1769 4289 1839 4337 Ut
1851 4287 2059 4350 graciles
2079 4284 2229 4350 sient]
2263 4283 2313 4335 A
2328 4281 2585 4347 singulari
2603 4282 2775 4357 graci-
