3035 4941
543 348 911 400 reanum
959 346 1593 399 asamona-mon.
1640 349 1804 398 ac'r.
1851 349 1965 398 ιιι.
2013 350 2120 399 sc.
2165 350 2278 401 ιιι.
2361 335 2533 402 1351

402 494 485 541 24·
521 492 635 543 Vin'
661 498 721 543 tn
751 494 928 544 &omissi
960 494 1104 543 stulto
1138 494 1405 544 «multare

344 567 491 632 asilii]
535 570 981 621 Quemadmodum
1031 571 1083 620 in
1129 569 1401 634 proverbio

343 653 427 693 est
444 660 459 694 z
474 645 608 694 mihi
629 646 671 695 si
696 647 792 708 vis,
813 647 973 697 stulto
996 645 1185 696 homini
1206 646 1402 695 auscul-

343 727 460 770 tare
488 721 630 783 licet,
663 722 762 773 hoc
784 731 885 785 est,
908 723 1173 772 obaudire.
1209 724 1401 786 Euagru-

340 905 350 910 -
410 873 616 923 camme
655 875 738 927 oin
780 880 834 924 tu
879 876 1056 925 homini
1098 877 1244 926 stulto
1285 877 1403 926 mihi

338 950 641 999 ano-uam?
727 950 836 1000 Cn.
885 953 999 1015 quid
1027 953 1242 1013 faciam?
1303 953 1399 1002 ΒΥ.

326 1021 446 1090 jube
484 1025 627 1089 hunc]
661 1025 766 1075 Sed
801 1027 852 1076 in
887 1043 1025 1090 quam
1056 1043 1143 1090 ego
1186 1043 1285 1078 non
1310 1027 1403 1078 fiet

336 1103 523 1153 elisio:
549 1105 673 1154 etin
694 1106 892 1156 Chreme
930 1108 1187 1172 posterior
1204 1107 1401 1172 syllaba

339 1179 673 1244 corripietur.
709 1183 830 1232 „tihi
852 1197 973 1233 vero
997 1184 1399 1248 monosyllabum

336 1254 466 1305 erit.
503 1256 738 1306 Fc'e‘rnus.

388 1363 393 1368 -
413 1331 527 1381 Vim
543 1338 598 1381 tu
615 1332 790 1384 homini
811 1336 954 1384 stulto
973 1334 1092 1383 milti
1112 1335 1398 1399 auscultare]

335 1407 594 1472 obedire,
616 1411 882 1460 consilium
907 1426 1074 1460 meum
1100 1413 1263 1476 sequi.
1295 1413 1397 1462 Ve-

336 1490 485 1536 teres
540 1485 891 1536 distinxerunt
945 1488 1033 1537 ita.
1068 1487 1071 1496 ’
1120 1487 1394 1538 Caecilius:

331 1565 349 1600 -‘
370 1560 594 1622 Audire,
610 1564 770 1626 ignoti
786 1564 923 1627 quod
942 1565 1220 1628 imperant,
1238 1566 1397 1629 soleo,

330 1650 439 1685 non
456 1639 779 1689 auscultare!
818 1641 1108 1690 Pacuvius:
1132 1642 1147 1669 ‘
1166 1642 1262 1691 His
1283 1643 1397 1691 Ma-

336 1714 424 1774 gis
463 1715 795 1779 audiendum,
829 1733 980 1782 quam
1004 1719 1394 1769 auscultandum

331 1790 568 1839 censeo!
603 1793 862 1843 Boeclerus.

400 1870 466 1915 28
497 1867 588 1916 Dii
619 1873 685 1928 te,
721 1870 828 1934 ssa]
865 1871 935 1919 Et
963 1884 1079 1920 cum
1114 1870 1258 1922 dicto
1282 1872 1394 1922 exit

329 1941 586 2005 Clitipho,
623 1947 805 2008 Syrum
844 1954 1181 2007 exsecratus3
1213 1947 1294 1996 hic
1335 1948 1391 1996 il-

331 2018 442 2066 lum
484 2022 817 2083 prosequitur
838 2021 1085 2070 monitum
1128 2029 1184 2071 ut
1204 2021 1392 2072 exinde

327 2107 517 2145 manns
551 2095 888 2147 libidinantes
908 2098 1231 2162 comprimat.
1268 2100 1392 2148 Fur-

328 2170 524 2221 nobius.
637 2203 641 2208 ·

330 2287 333 2290 ,
398 2252 467 2297 29
497 2250 624 2299 Istas
659 2251 863 2300 Posthac
901 2251 1215 2313 comprimito]
1250 2251 1391 2302 Quo·

328 2323 473 2380 {tiam
495 2334 644 2387 pater
659 2326 884 2389 dixerat,
902 2328 1001 2376 vidi
1022 2342 1118 2390 ego
1137 2335 1190 2376 te
1214 2341 1390 2376 manus

326 2401 486 2450 modo
521 2404 779 2453 meretrici
820 2404 940 2453 huic
982 2406 1034 2453 in
1066 2405 1228 2453 sinum
1254 2405 1388 2452 inse—

326 2492 472 2541 tere,
500 2478 624 2529 ‚ideo
662 2495 838 2530 servus
860 2483 951 2538 ait,
986 2482 1113 2531 istas
1138 2496 1263 2544 ergo
1287 2497 1391 2531 ma-

326 2569 431 2603 nus
452 2556 781 2619 comprimito
806 2557 915 2607 tibi.
953 2559 1272 2622 Eugraphiusi

396 2636 462 2680 30
499 2632 693 2682 Censen’
714 2634 848 2698 vero]
882 2634 1256 2684 subblanditur
1296 2634 1387 2684 do-

324 2708 469 2757 mino
493 2723 586 2770 per
607 2710 909 2774 obsequium
932 2725 1131 2773 servus,
1170 2726 1286 2761 cum
1319 2710 1385 2761 de

327 2783 664 2834 adolescente
703 2787 848 2849 quasi
892 2787 1153 2850 quendam.
1189 2793 1384 2836 metum

323 2861 524 2911 habere
569 2875 625 2910 se
671 2861 832 2911 dicit:
858 2861 995 2911 Vide
1030 2864 1159 2926 jam,
1198 2862 1386 2926 inquit,

326 2938 496 3000 qualis
536 2938 639 2987 sitz
689 2939 889 3001 qualem
934 2937 1164 2988 futurum
1210 2948 1384 3003 putas,

325 3013 425 3062 nisi
448 3028 586 3074 eum,
617 3021 861 3077 quantum
887 3014 984 3062 tibi
1008 3013 1270 3063 facultatis
1291 3029 1382 3065 nu-

326 3091 470 3139 mina
499 3090 811 3151 concedunt,
846 3105 1042 3153 servas,
1076 3105 1268 3154 mones,
1307 3099 1383 3141 at·

324 3181 429 3230 que
451 3166 708 3228 castigas?
740 3166 893 3216 Idem.

322 3278 329 3281 .
397 3240 598 3290 Cmen'
621 3241 756 3304 uero]
788 3241 1114 3306 Eugraphius
1152 3243 1219 3293 de
1241 3242 1382 3292 blan·

323 3318 563 3369 dimento
590 3319 728 3368 servi
761 3318 827 3368 ad
867 3320 1063 3383 herum,
1086 3328 1140 3369 et
1163 3321 1380 3385 quadam

322 3396 473 3460 quasi
515 3393 822 3459 προθεραπείᾳ
881 3397 996 3460 ejus
1039 3397 1174 3461 quod
1219 3397 1384 3460 dicet,

326 3473 538 3537 accipit.
607 3473 845 3537 Guyetus
884 3473 1125 3533 feliciter,
1165 3483 1221 3524 ut
1245 3475 1381 3525 arbi-

326 3558 461 3612 tror,
482 3565 729 3614 personas
753 3550 1044 3614 distinguit.
1080 3553 1338 3602 Boeclerus.

388 3630 452 3676 31
491 3626 732 3687 castigas,
775 3627 951 3688 mones]
997 3627 1261 3693 Increpas,
1303 3645 1393 3680 re·-

325 3702 624 3768 prehendis.
655 3694 944 3752 Farnobium.

389 3783 455 3835 32
487 3778 643 3842 Atqui
662 3794 804 3840 nunc,
823 3779 953 3844 here]
987 3782 1133 3829 Bene
1154 3795 1380 3844 praesens

320 3862 532 3918 tempus
571 3856 623 3904 in
660 3864 801 3906 metu
842 3856 1004 3919 ponit,
1033 3856 1099 3906 'ut
1121 3858 1209 3906 ille
1232 3858 1383 3922 sciat,

313 3934 424 3997 §am
463 3931 646 3995 tilium,
682 3932 865 3982 nescio
891 3931 1032 3996 quid,
1062 3933 1247 3983 moliri.
1280 3934 1380 3981 Eu·

318 4009 572 4072 graphius.
620 4006 625 4013 '

320 4132 325 4137 .
386 4089 452 4137 33
475 4086 644 4135 Minus
667 4083 935 4149 minusque]
963 4083 1145 4150 Etlhoc
1163 4086 1377 4150 pulchre

324 4161 529 4216 videtur
551 4159 839 4225 adjectum,
856 4175 955 4225 quo
978 4161 1022 4210 si
1040 4177 1138 4226 qua
1156 4163 1206 4211 in
1228 4165 1380 4227 culpa

315 4240 566 4304 ⁴inventus
609 4236 766 4291 fuerit
800 4239 957 4301 filius,
991 4238 1237 4290 continuo
1270 4241 1378 4305 jam

1478 493 1721 544 videatur
1748 506 1931 544 servus
1954 500 2221 560 purgatus,
2259 494 2394 560 quod
2416 498 2532 561 ejus

1475 571 1745 633 imperium
1766 570 1899 620 filius
1922 578 2237 623 contemnat.
2273 575 2425 624 Idem.

1486 665 1493 669 ·
1544 646 1676 695 Mihi
1702 645 1829 708 jam,
1860 647 1966 711 ξω]
2000 648 2221 698 Videtur
2240 649 2401 712 Syrus
2427 665 2531 713 pae·

1475 719 1729 785 dagogm,
1769 723 1805 771 i.
1848 723 1995 785 pueri
2027 730 2201 773 custos
2238 731 2298 774 et
2328 724 2530 789 ductor,

1474 796 1634 848 fuisse
1657 799 1958 863 Clitiphoni.
1992 801 2272 850 Fas-nabitu.

1541 879 1601 924 35
1628 876 1708 926 De
1716 875 1919 937 fallacia
1939 877 2092 927 dicis?
2122 883 2184 927 st.
2206 876 2369 927 inveni
2388 894 2433 941 q.
2454 877 2528 941 m]

1464 938 1610 1001 'Vide
1655 954 1859 1002 omnino
1904 954 2088 1004 Franc.
2137 954 2432 1003 Fabricium
2474 961 2530 1004 et

1477 1026 1752 1096 Gnyetum.
1785 1030 2041 1080 Boectem.

1541 1108 1605 1153 36
1639 1104 1889 1161 Quondam
1912 1121 2079 1170 nuper,
2101 1106 2213 1172 erm]
2243 1108 2420 1173 Fingit
2443 1122 2530 1156 ve-

1474 1186 1673 1228 terator
1732 1183 2048 1232 succurrisse
2102 1182 2197 1231 sibi
2247 1181 2527 1244 fallaciam,

1472 1255 1697 1304 noudum
1739 1263 1908 1306 tamen
1948 1265 2143 1308 certam
2182 1263 2238 1307 et
2279 1260 2529 1322 composi-

1472 1338 1598 1381 tam.
1633 1332 1918 1384 Farnobium.

1536 1411 1600 1456 37
1642 1407 1815 1458 Verum
1849 1414 1904 1458 ut
1929 1411 2058 1459 aliud
2080 1423 2141 1458 ex
2159 1409 2278 1472 clio]
2311 1410 2427 1460 Hoc
2451 1410 2527 1460 vi·

1471 1483 1627 1533 detur
1649 1484 1922 1535 obscurum
1946 1487 2188 1551 quidnam
2223 1487 2309 1549 sit,
2344 1488 2435 1537 sed
2461 1503 2528 1537 ex

1470 1560 1549 1608 his
1593 1575 1712 1625 quae
1750 1570 2157 1627 consequuntur,
2197 1562 2525 1614 manifestum
2565 1565 2577 1578 ‘

1470 1634 1577 1686 fiet.
1665 1637 1797 1686 Nam
1841 1638 2192 1702 interrogatus
2237 1655 2267 1688 a
2315 1638 2524 1689 domino

1470 1712 1595 1775 quid
1639 1720 1797 1775 esset,
1839 1715 2135 1777 respondit:
2184 1715 2382 1778 pessima
2425 1716 2526 1765 hoec

1466 1789 1540 1836 est
1569 1789 1816 1840 meretrix.
1882 1790 1969 1838 Ita
2005 1791 2141 1854 quod
2179 1791 2259 1840 hic
2304 1791 2522 1854 pessime

1467 1864 1533 1913 de
1557 1866 1832 1915 meretrice
1851 1867 2238 1929 pronunciatum
2257 1875 2353 1930 est,
2368 1883 2524 1931 snpra

1467 1943 1727 1991 contrario
1764 1942 1984 2007 dictum,
2018 1945 2256 1992 commoda
2288 1950 2337 1992 et
2359 1945 2523 2003 faceta

1465 2016 1572 2064 haec,
1586 2022 1655 2065 est
1675 2017 1919 2065 meretrix.
1975 2018 2110 2080 Ergo
2145 2017 2269 2080 jure
2303 2018 2519 2083 dictum,

1463 2092 1594 2140 aliud
1614 2106 1676 2141 ex
1695 2092 1789 2140 alio
1810 2093 1996 2141 incidit.
2032 2093 2371 2157 Eugraphius.

1536 2167 1724 2230 Verum,
1761 2175 1816 2218 ut
1847 2169 1979 2218 aliud
2009 2185 2070 2219 ex
2102 2171 2195 2219 alio
2226 2170 2420 2234 incidit]
2455 2173 2518 2221 Id

1463 2251 1563 2305 est,
1596 2258 1695 2293 uon
1717 2251 1962 2295 conserto
1981 2246 2160 2295 ordine
2190 2248 2519 2310 narrationis,

1462 2320 1553 2368 sed
1599 2326 1656 2370 ut
1692 2320 1920 2386 quidque
1956 2322 2008 2370 in
2046 2329 2270 2373 mentem
2296 2326 2517 2375 venerit.

1462 2395 1583 2445 dum
1628 2398 1762 2446 enim
1806 2399 2011 2462 metuit,
2063 2413 2237 2448 senem
2285 2415 2386 2449 non
2428 2400 2518 2450 ad·

1461 2473 1732 2523 missurum
1757 2477 1944 2538 omnia,
1977 2491 2092 2541 qnae
2121 2478 2337 2541 parabat
2358 2479 2519 2544 loqui,

1461 2564 1563 2600 non
1588 2551 1695 2600 vult
1721 2551 1883 2601 videri
1906 2554 2156 2604 meditato
2179 2568 2348 2618 agere.
2408 2558 2516 2606 No-

1464 2633 1533 2674 tae
1554 2634 1673 2675 suut
1695 2633 1833 2677 artes
1857 2629 2295 2693 tergiversationis
2314 2633 2518 2683 servilis

1458 2701 1515 2750 in
1558 2700 1655 2751 hoc
1697 2716 1914 2767 genere:
1971 2704 2176 2768 longum
2217 2721 2365 2768 esse3
2413 2722 2514 2756 non

1461 2793 1612 2842 posse
1633 2781 1802 2828 omnia
1825 2780 1975 2830 simul
1996 2781 2171 2832 dicere
2189 2789 2289 2853 3>et
2313 2784 2512 2834 similia.

1458 2859 1784 2922 Eugraphius
1821 2873 2009 2922 magna
2046 2860 2313 2926 diligentia
2331 2864 2417 2913 hic
2439 2864 2516 2912 ni-

1457 2936 1528 2984 hil
1552 2938 1679 3000 agit.
1715 2938 1972 2986 Boeclenae.

1522 3015 1585 3060 38
1622 3012 1771 3060 Immo
1812 3012 1857 3060 si
1896 3012 2040 3076 scias]
2070 3012 2216 3062 Vidit
2252 3013 2509 3063 dominum

1458 3101 1637 3136 servus
1657 3088 1803 3151 quasi
1821 3102 2122 3137 consensum
2142 3089 2514 3151 commodasse,

1457 3178 1557 3212 non
1579 3179 1680 3228 quo
1699 3175 1874 3213 verum
1894 3165 2135 3214 indicium
2155 3165 2221 3214 de
2239 3167 2512 3215 meretrice

1456 3240 1487 3270 ⁴⁸·
1509 3240 1629 3289 ideo
1660 3240 1871 3304 adjecit,
1916 3241 1931 3267 ‘
1953 3240 2086 3288 Vide
2121 3239 2259 3304 quod
2280 3239 2511 3304 inceptet

1455 3314 1689 3365 facinus?
1724 3315 2041 3379 Eugraphius.

1524 3392 1673 3441 Imm
1714 3393 1759 3441 si
1792 3390 1938 3454 scias]
1975 3391 2125 3441 Hane
2166 3389 2376 3456 ἔλλειψιν
2406 3407 2510 3443 non

1456 3469 1663 3518 aliunde
1701 3469 1949 3518 debemus
1983 3471 2242 3533 supplere,
2270 3484 2419 3536 qnam
2441 3485 2509 3520 ex

1456 3547 1569 3611 ipso
1614 3547 1893 3596 Terentio:
1943 3547 2104 3596 immo
2143 3550 2303 3612 magis
2346 3550 2514 3613 dicas,

1455 3623 1619 3688 (quod
1644 3624 1818 3672 dixisti
1843 3621 1944 3687 sc.)
1963 3624 2005 3672 si
2028 3625 2174 3674 scias.
2216 3627 2464 3676 Boeeteraeoe.

1520 3703 1585 3748 39
1620 3699 1740 3748 Fuit
1773 3703 1984 3763 quadam
2017 3700 2160 3764 anus]
2196 3703 2310 3752 Hoc
2343 3704 2509 3753 consi-

1454 3775 1578 3824 lium
1604 3775 1731 3824 dicit
1768 3791 1824 3825 se
1855 3776 2304 3827 servnsadversus
2328 3781 2510 3830 Mene·

1454 3852 1655 3900 demum
1696 3853 1982 3916 sumpsisse,
2015 3868 2115 3918 quo
2153 3857 2315 3917 possit
2351 3871 2508 3919 pecu·

1453 3928 1590 3977 niam
1611 3928 1677 3976 ab
1701 3942 1763 3977 eo
1785 3929 2096 3990 exprimere,
2115 3943 2229 3993 quae
2248 3933 2508 3982 meretrici

1454 4005 1685 4054 daretur.
1767 4005 1957 4054 Verum
2002 4005 2099 4053 hoc
2144 4007 2410 4056 consilium
2452 4008 2508 4057 in

1452 4083 1550 4131 hoc
1588 4080 1852 4145 provenit,
1890 4086 1948 4130 ut
1979 4081 2146 4142 prosit
2178 4082 2508 4133 vehementer

1452 4157 1752 4221 Clitiplioni.
1820 4156 1868 4206 N
1875 4171 2055 4222 amque
2073 4155 2222 4220 fingit
2244 4173 2381 4208 nunc
2401 4158 2508 4209 An·
2570 4153 2573 4159 ’

1454 4233 1709 4299 tiphilam,
1731 4247 1847 4297 quae
1872 4233 2039 4283 amica
2062 4234 2128 4284 sit
2146 4234 2347 4299 Cliniae,
2370 4236 2508 4302 apud
