3035 4941
684 397 697 423 l

565 426 738 494 1536

563 584 720 636 tionis
736 586 789 635 in
814 586 975 651 ipsam
999 591 1292 636 convertat.
1325 586 1412 637 Sic
1434 586 1485 635 in
1512 586 1620 636 An-

564 664 696 726 dria,
728 666 744 692 ‘
770 663 884 727 Age
907 678 1045 714 nunc
1063 664 1199 728 :jam
1221 680 1316 729 ego
1341 666 1424 729 pol
1448 666 1620 722 hodie,

563 740 607 790 si
631 740 767 803 vivo,
802 739 899 790 tibi
933 739 1246 801 Ostendam,
1278 742 1459 790 herum
1494 740 1619 804 quid

562 814 632 865 sit
689 815 871 879 pericli
934 814 1148 866 fallere-⁹
1215 818 1286 866 Et
1357 815 1622 879 continuo,

557 893 573 922 ‘
599 893 842 955 Chreme,
874 893 1134 945 Pietatem
1155 893 1300 958 gnati
1325 893 1336 942 !
1372 906 1541 942 nonne
1565 899 1618 942 te

557 968 773 1018 miseret
793 970 912 1034 mei,
930 972 1158 1020 Tantum
1181 970 1406 1019 laborem
1429 984 1617 1032 capere

557 1044 625 1096 ob
643 1044 800 1095 talem
824 1044 981 1095 filium
1000 1046 1038 1094 ?'
1069 1046 1310 1096 Donatus.

625 1120 783 1177 Quam
813 1121 1048 1171 immerito
1069 1121 1304 1182 aegriwdo
1337 1121 1440 1169 Itaec
1459 1121 1615 1170 oritur

557 1196 677 1245 milui
719 1197 803 1245 abs
834 1201 901 1258 te,
939 1196 1186 1259 Sostrata]
1218 1196 1503 1260 Postquam
1546 1196 1613 1247 de

551 1271 743 1336 injuria
773 1272 926 1335 dixit,
959 1272 1027 1322 de
1056 1287 1280 1336 persona
1322 1272 1430 1336 ejus
1463 1272 1613 1336 cnjus

555 1346 696 1398 fama
741 1356 842 1409 est,
863 1348 917 1397 id
953 1355 1053 1411 est,
1091 1347 1122 1378 *
1144 1363 1261 1401 cum
1297 1349 1314 1377 ‘
1336 1349 1611 1412 AEgritudo

551 1425 664 1475 haec
686 1425 885 1475 oritur.’
918 1426 1108 1488 Oritur,
1124 1433 1180 1475 et
1201 1425 1610 1489 magnitudinem

554 1503 631 1551 rei
663 1501 941 1566 significat,
981 1508 1038 1552 et
1083 1502 1410 1565 repentinum
1447 1501 1609 1566 impe-

554 1585 681 1628 tum.
736 1585 794 1629 ut
829 1593 1007 1643 snpra,
1039 1580 1056 1608 ‘
1080 1579 1160 1628 Tu
1199 1578 1312 1630 sola
1355 1578 1608 1630 exorere!

617 1736 680 1781 27
715 1733 820 1782 Rus
839 1731 1105 1782 habitatam
1125 1730 1248 1793 abii]
1281 1730 1420 1784 Quia
1453 1731 1609 1794 dixit,

551 1807 567 1836 ‘
585 1808 762 1877 Senex
781 1824 869 1858 rus
893 1823 1009 1858 sese
1042 1807 1276 1859 abdidit-³
1310 1808 1463 1858 Idem.

531 1924 541 1931 .
617 1887 884 1937 Concedens
897 1886 1047 1949 vobis]
1069 1886 1148 1935 Ne
1173 1882 1452 1946 diceretur,
1467 1883 1605 1948 quod

549 1962 620 2014 sit
663 1964 946 2028 voluptatis
984 1978 1156 2013 cansa.
1222 1960 1382 2025 Vobis,
1423 1961 1605 2011 melius

547 2040 837 2104 pluraliter,
861 2056 1011 2105 quam
1036 2040 1077 2088 si
1100 2039 1301 2089 diceret
1322 2039 1419 2088 cui.
1438 2038 1605 2088 Idem.

617 2119 883 2168 Cone-edens
899 2117 1050 2180 robis,
1066 2121 1112 2166 et
1130 2116 1201 2167 rei
1218 2115 1452 2181 serviens]
1479 2117 1604 2166 Con-

542 2195 712 2244 cedens
733 2195 879 2258 robis,
901 2194 955 2244 id
979 2200 1078 2258 est,
1102 2201 1162 2244 ut
1185 2208 1274 2243 vos
1297 2193 1350 2243 in
1376 2192 1504 2244 urbe
1522 2207 1603 2243 es·

544 2271 691 2321 setis.
724 2272 875 2322 Idem·

610 2349 708 2398 Rei
738 2347 971 2411 serviens]
1005 2348 1109 2398 Res
1143 2347 1302 2397 servit
1337 2346 1604 2405 divitibus,

543 2422 666 2488 quia
689 2424 985 2475 abundant:
1032 2424 1109 2475 rei
1133 2425 1367 2475 serviunt
1402 2439 1601 2488 paupe-

541 2512 646 2563 res,
665 2501 785 2565 quia
798 2515 854 2550 se
877 2508 1117 2551 coartant
1138 2502 1203 2551 ad
1224 2502 1487 2565 angustias
1505 2502 1601 2551 rei.

542 2576 630 2625 Ita
651 2591 773 2640 ergo
796 2593 878 2627 res
903 2593 998 2642 pro
1021 2578 1275 2643 qualitate
1301 2595 1394 2629 sua
1416 2587 1470 2629 et
1491 2594 1598 2629 ser-

541 2653 636 2710 vit,
660 2660 712 2703 et
735 2655 783 2704 ei
806 2655 878 2705 rei
896 2657 1133 2705 servitur.
1168 2656 1437 2713 Horatius,
1458 2657 1473 2684 ‘
1495 2657 1598 2706 Im-

540 2735 694 2792 perat
715 2737 804 2779 aut
827 2731 991 2781 servit
1005 2732 1222 2782 collecta
1244 2733 1468 2798 pecunia
1489 2734 1597 2784 cni-

540 2804 676 2871 que.'
708 2806 858 2858 Idem.

606 2882 702 2933 Rei
736 2884 965 2948 serviem]
1000 2885 1096 2935 Rei
1119 2885 1371 2937 faciendae
1413 2891 1468 2935 et
1502 2903 1591 2936 au-

528 2960 723 3023 gendae
759 2960 889 3011 dans
924 2977 1153 3026 operam.
1207 2964 1336 3013 Mer.
1357 2963 1592 3013 Casaubo-

528 3052 641 3087 stus.

597 3116 663 3163 28
686 3115 874 3166 Vestros
885 3122 1117 3181 sumptus,
1131 3115 1392 3182 otiumque]
1404 3116 1588 3182 Sump-

533 3194 618 3240 tus
635 3198 852 3253 vestros,
879 3192 1015 3241 idem
1034 3193 1170 3258 quod
1185 3193 1324 3256 alibi,
1351 3193 1366 3220 ‘
1386 3193 1591 3253 Otium,

532 3266 693 3317 vitam
728 3267 1020 3319 urbanam!
1053 3269 1154 3319 Vel
1178 3269 1316 3334 quod
1339 3269 1463 3318 nihil
1502 3285 1588 3320 ac·

526 3344 761 3408 quiritis,
795 3346 930 3395 utin
954 3345 1231 3416 Adelphis,
1262 3346 1277 3373 ‘
1302 3346 1456 3418 Hanc
1487 3362 1589 3411 ego

524 3421 833 3472 clementem
893 3423 1052 3472 vitam
1103 3422 1391 3484 urbanam,
1428 3429 1589 3489 atque

524 3491 694 3546 otium
716 3503 966 3562 sequutus
984 3499 1134 3549 sum.’
1166 3501 1405 3551 Donatus.

595 3574 871 3638 otiumque]
905 3577 1025 3627 Hoc
1043 3583 1145 3637 est,
1161 3591 1421 3626 amoremz
1461 3591 1585 3643 qua·

526 3649 572 3699 si
596 3651 1022 3715 nihilagentibus.
1045 3653 1197 3702 Idem.

518 3749 521 3752 >
599 3728 669 3776 Ut
688 3733 853 3777 nostra
873 3743 952 3777 res
969 3735 1123 3791 posset
1141 3729 1272 3792 pati]
1294 3729 1582 3781 Mediocris

518 3802 760 3855 scilicet:
823 3810 884 3854 ut
925 3804 1109 3854 comici
1165 3802 1580 3868 patresfamilias.

524 3881 678 3930 Idem.

516 3993 519 3996 -
541 4018 546 4023 ,
568 3958 781 4023 Otium]
816 3957 988 4010 Vitam
1027 3958 1258 4010 otiosam.
1303 3957 1433 4008 Mer.
1483 3961 1578 4010 Ca-

521 4032 771 4084 malsonus.

588 4110 771 4160 Nostra
794 4111 895 4175 res]
917 4112 1125 4162 Nostrae
1147 4110 1440 4161 facultates.
1462 4114 1543 4163 Id.

585 4189 651 4233 29
685 4187 876 4237 Proeter
917 4203 1121 4252 aequum,
1182 4193 1324 4258 atque
1385 4193 1579 4240 oetatem

520 4261 694 4325 meam]
732 4264 923 4313 Proeter
941 4280 1143 4328 aeqnum,
1179 4267 1300 4328 qnia
1336 4279 1427 4315 vos
1450 4265 1577 4316 estis

510 4336 746 4390 domini:
770 4341 853 4390 vel
887 4342 1006 4406 quia
1030 4356 1117 4393 vos
1139 4339 1387 4403 fruimini,
1421 4357 1578 4412 quum

1273 443 1486 523 NOTA}
1535 442 1932 492 VARIORUM
1982 444 2063 493 m

1696 600 1795 651 ego
1816 586 2091 643 doluerim.
2126 586 2366 645 Donatus.
2383 588 2394 595 '

1761 663 1953 712 Praeter
1972 679 2156 726 «equum
2192 669 2334 726 atque
2364 665 2559 710 oelaoem
2581 659 2756 724 mam]

1694 738 1889 787 Heaut.
1926 747 2027 787 act.
2051 753 2090 789 1.
2112 753 2185 786 sc.
2204 742 2249 786 1.
2298 741 2314 765 ‘
2345 735 2498 786 Quod
2523 736 2652 784 mihi
2687 738 2790 784 vi·-

1693 813 1819 863 dere
1843 823 2037 878 praeter
2059 822 2269 863 aetatem
2295 821 2438 863 tuam
2462 815 2682 875 Facere,
2705 820 2759 863 et

1687 899 2046 956 praeterquam
2072 906 2154 940 res
2192 898 2246 940 te
2280 891 2596 949 adhortatur
2638 889 2762 941 tna.'

1691 968 1822 1016 Mer.
1848 967 2165 1017 Casuubonas.
2497 972 2502 976 ’

1753 1045 1993 1108 AEtutem]
2026 1045 2165 1096 Quia
2187 1057 2367 1093 senex.
2392 1042 2583 1106 Virgil.
2631 1043 2649 1070 ⁴
2671 1041 2759 1091 Vi-

1688 1133 1771 1167 res
1796 1121 1952 1182 ultra,
1974 1124 2269 1187 sortemque
2298 1119 2565 1171 senectae!
2589 1122 2759 1170 Dona-

1687 1201 1782 1246 tus.
2551 1202 2558 1205 ’

1751 1279 1815 1323 30
1849 1275 1965 1324 Non
1981 1279 2028 1331 te
2044 1290 2134 1338 pro
2155 1274 2231 1324 his
2249 1289 2444 1325 curans
2458 1274 2632 1337 rebus]
2655 1275 2758 1323 Mi·
2798 1302 2807 1311 ·

1686 1365 1772 1400 rus
1795 1367 2003 1407 sensust
2029 1352 2137 1401 Pro
2158 1353 2254 1411 his,
2282 1352 2463 1416 inquit,
2487 1357 2569 1401 tot
2595 1351 2758 1399 rebus

1687 1442 1839 1476 unam
1879 1435 1935 1477 et
1967 1426 2171 1477 facilem
2196 1429 2471 1478 redderes:
2515 1441 2760 1487 curares,

1683 1517 1752 1552 ne
1785 1502 1907 1568 quid
1945 1518 2085 1568 aegre
2112 1509 2267 1554 ‘esset
2306 1504 2448 1554 mihi.
2481 1505 2551 1553 Et
2593 1510 2647 1553 te
2682 1506 2760 1554 sic

1683 1579 2147 1642 pronuntiandum,
2165 1581 2312 1645 quasi
2332 1580 2496 1641 dicat,
2519 1581 2643 1631 Etsi
2663 1581 2760 1631 alii

1682 1668 1787 1703 non
1810 1661 2076 1719 curarent,
2098 1668 2286 1705 curare
2309 1655 2557 1705 debuisti.
2596 1657 2760 1707 Iden.

1677 1736 1684 1743 '
1745 1732 1804 1780 31
1849 1733 1955 1781 Non
1992 1748 2097 1783 mea
2126 1746 2288 1795 opera,
2320 1747 2465 1797 neque
2483 1733 2564 1796 pol
2585 1734 2760 1797 eulpa]

1678 1807 1860 1857 Vellet
1893 1798 2105 1871 dicere,
2131 1809 2307 1858 Nurus
2339 1809 2493 1873 culpa
2525 1811 2761 1862 evenit:

1680 1883 1772 1933 sed
1799 1885 1983 1935 melius
2005 1886 2159 1947 dixit,
2194 1902 2288 1936 non
2322 1902 2451 1936 mea.-
2485 1901 2548 1936 ne
2590 1897 2756 1937 accu-

1679 1961 1841 2011 sando
1866 1960 2202 2012 confirmaret
2238 1963 2377 2028 quod
2399 1963 2532 2012 dixit
2557 1978 2757 2027 senex,

1678 2038 1696 2067 ⁸
1720 2034 1917 2088 Omnes
1934 2053 2109 2090 socrus
2134 2039 2360 2091 oderunt
2384 2039 2575 2091 nurus.’
2594 2042 2755 2092 Idem.

1744 2114 1909 2178 Neque
1934 2117 2017 2178 pol
2037 2117 2176 2180 culpa
2197 2116 2374 2180 evenit]
2408 2117 2556 2166 Bene
2594 2117 2752 2168 addi-

1677 2195 1806 2253 tum,
1827 2193 1843 2220 ‘
1865 2192 2052 2256 Neque
2076 2192 2163 2256 pol
2184 2191 2375 2257 cnlpa.’
2398 2193 2584 2242 Potuit
2610 2195 2753 2244 enim

1674 2265 1786 2317 fieri
1824 2275 1885 2318 nt
1927 2284 2030 2319 non
2069 2269 2261 2320 fecerit
2301 2271 2415 2335 ipsa
2454 2270 2710 2335 injuriam
2737 2289 2753 2334 ;

1673 2338 1764 2394 sed
1806 2351 1976 2395 tamen
2014 2347 2309 2411 permiserit
2327 2347 2468 2398 fieri.-
2490 2348 2630 2399 mire
2669 2357 2754 2400 ta·

1673 2434 1791 2469 men
1817 2436 1914 2473 nec
1929 2423 2045 2487 ipsa
2063 2426 2278 2475 ac'cusat
2301 2438 2501 2474 nurum.
2534 2425 2706 2477 Idem.

1738 2499 1853 2549 Non
1873 2515 1975 2551 mea
1993 2516 2150 2565 opera,
2167 2505 2317 2566 ‘neque
2331 2503 2412 2565 pol
2436 2503 2605 2567 culpa]
2652 2505 2751 2556 vi-

1672 2574 1829 2625 detur
1847 2592 2003 2627 unum
2027 2578 2219 2627 dixisse
2241 2593 2383 2643 opera
2404 2588 2460 2628 et
2480 2582 2626 2643 eulpa
2646 2597 2663 2631 .·
2691 2589 2754 2632 et

1671 2657 1846 2701 tamen
1871 2668 1971 2702 non
1996 2661 2077 2704 est
2101 2655 2257 2704 idem.
2296 2657 2455 2719 Opera
2477 2657 2620 2705 enim
2647 2666 2752 2721 est,

1670 2729 1715 2778 si
1753 2729 1978 2780 scientes
1999 2727 2308 2782 ‘laeserimus
2330 2751 2342 2781 ε
2376 2735 2544 2796 eulpa,
2561 2736 2607 2783 si
2650 2751 2747 2786 ne-

1669 2806 1913 2858 scientes.
1969 2823 2185 2872 qnorum
2240 2810 2458 2859 alterum
2501 2811 2746 2869 sceleris,

1668 2883 1886 2932 alterum
1909 2885 2149 2934 stultitiae
2173 2892 2270 2934 est.
2295 2872 2447 2936 Mein.

1730 2962 1795 3007 32
1829 2959 1944 3009 Sola
1986 2961 2063 3010 hic
2083 2961 2256 3026 fuisti]
2291 2962 2469 3022 Ratio·
2499 2971 2557 3013 et
2581 2964 2744 3016 deest

1666 3036 1791 3084 enim
1810 3052 1826 3085 .-
1861 3044 1920 3085 nt
1965 3038 2054 3099 sit,
2096 3038 2215 3088 Sola
2255 3041 2392 3088 enim
2421 3040 2520 3090 'liic
2565 3040 2741 3101 fuisti,

1665 3115 1802 3176 quod
1825 3114 1890 3163 ad
1913 3113 2072 3163 filium
2096 3123 2152 3165 et
2183 3116 2436 3164 'maritum
2463 3119 2698 3179 pertinet
2722 3139 2738 3171 z

1665 3202 1782 3238 nam
1805 3204 1907 3239 non
1932 3193 2061 3253 sola,
2078 3199 2202 3241 'cum
2222 3207 2321 3255 qua
2343 3207 2525 3243 nurus».
2563 3195 2724 3245 Idem:

1728 3265 1841 3316 Sola
1860 3267 2123 3331 hicsnists']
2157 3269 2584 3333 Sola,'quantum
2614 3286 2733 3335 per-

1665 3344 1799 3395 tinet
1816 3345 1882 3394 ad
1906 3347 2185 3409 regendam
2208 3347 2414 3395 domum
2435 3364 2449 3397 z
2476 3356 2734 3398 caeternm

1662 3428 1718 3470 et
1734 3419 1887 3483 filius,
1909 3429 1965 3471 et
1988 3436 2152 3470 nurus
2171 3428 2356 3472 erant:
2402 3422 2499 3471 sed
2515 3426 2637 3485 sola,
2673 3424 2730 3473 id

1661 3504 1762 3559 est,
1787 3498 1898 3546 sine
1915 3512 2013 3548 me.
2036 3499 2186 3548 Idem.

1723 3575 1786 3623 In
1807 3579 1853 3623 te
1874 3574 2026 3624 omnis
2040 3576 2194 3626 ltoeret
2205 3577 2369 3642 culpa]
2386 3579 2500 3628 Etsi
2522 3579 2576 3628 in
2595 3592 2730 3628 nuru

1658 3652 1815 3714 culpa
1835 3652 2030 3715 aliqua,
2052 3652 2106 3701 in
2146 3661 2200 3704 te
2222 3655 2386 3703 omnis
2410 3663 2494 3705 est
2517 3663 2727 3717 tamen,

1658 3726 1913 3777 Sostrata.
1947 3728 2100 3778 Idem.
2452 3746 2459 3754 ·
2503 3751 2508 3756 ·

1722 3802 1856 3865 Sola,
1896 3804 2145 3869 Sostrata]
2193 3805 2409 3869 Optime
2433 3807 2727 3870 geminavit

1652 3881 1771 3943 sola,
1796 3895 1940 3932 more
1963 3880 2301 3931 irascentium
2324 3899 2340 3933 a
2379 3884 2606 3932 nondum
2629 3898 2724 3933 no-

1654 3970 1772 4005 men
1803 3958 1997 4022 posuit,
2038 3965 2093 4007 et
2130 3959 2354 4008 Sostrata
2392 3959 2626 4009 additum
2649 3961 2722 4009 ad

1654 4034 2048 4083 amaritudinem
2067 4035 2412 4085 inclamantis.
2435 4036 2586 4085 Idem.

1716 4114 1782 4160 33
1820 4112 1983 4166 Quum
2002 4126 2090 4173 ego
2114 4127 2195 4161 ros
2214 4112 2337 4162 solvi
2356 4113 2485 4162 curis
2505 4112 2718 4174 ceteris]

1660 4186 1769 4250 Vos,
1813 4202 1908 4250 pro
1949 4192 2028 4236 te.-
2080 4196 2154 4251 ut,
2210 4191 2225 4238 f
2247 4190 2464 4239 Desiste
2504 4203 2716 4239 manum

1651 4266 1983 4316 committere
2005 4266 2265 4317 Teucris.’
2288 4268 2441 4318 Idem.

1720 4344 1878 4402 Qum
1918 4359 2008 4408 ego
2043 4360 2132 4397 sos
2170 4346 2315 4412 solvi]
2343 4347 2501 4397 Nova
2520 4343 2707 4410 figura,
