3035 4941
712 391 1094 449 ΤΕΒΕΝἸἸῙΧ
1123 399 1459 450 EUNUCH.
1505 400 1674 450 AcT.
1723 400 1766 449 l.
1813 402 1918 452 SC.
1961 403 2017 452 1.

341 537 401 589 10
430 540 854 605 Eladet]·Eludere
885 544 1092 607 proprie
1126 543 1318 606 gladia·

283 622 441 666 torum
484 624 585 678 est,
634 632 750 668 cum
794 620 1028 674 vicerint.
1067 659 1070 662 .
1114 621 1319 679 Cicero,

263 695 298 721 ‘⁸
318 694 475 745 Quam
519 694 609 742 diu
662 697 815 745 etiam
865 694 1011 745 furor
1055 696 1152 745 iste
1194 702 1314 745 tuus

282 768 446 819 eludet
459 768 496 817 ?’
530 772 750 830 Eludere,
773 778 853 821 est
889 770 1044 821 finem
1076 771 1201 821 ludo
1222 772 1315 821 im·

279 858 487 909 poneres
508 847 654 897 Idem.

338 927 393 972 11
430 925 578 973 Proin
600 926 676 989 tu]
710 925 785 974 Ut
806 924 918 974 exin
956 932 1008 974 et
1030 925 1217 987 exinde,
1240 925 1315 975 sic

276 1004 405 1065 proin
425 1013 478 1054 et
489 1007 691 1067 proinde
712 1005 922 1055 dicitur.
956 1006 1105 1056 Idem.

338 1085 398 1131 12
429 1082 585 1142 Here,
611 1097 714 1144 ‹1¹¹ae
747 1097 838 1143 res,
864 1081 968 1145 &cij
1002 1082 1312 1132 Concessum

278 1164 355 1208 est
373 1157 424 1206 iu
447 1158 672 1207 Palliata
694 1158 860 1221 poetis
881 1159 1111 1222 comicis,
1141 1173 1318 1209 servos

273 1236 481 1286 dominis
521 1238 865 1299 sapientiores
896 1236 1125 1300 fingere:
1178 1237 1318 1300 quod

274 1312 401 1361 idem
424 1314 476 1363 in
494 1314 700 1377 Togata
719 1327 818 1361 non
842 1312 979 1362 ferre
998 1313 1138 1364 licet.
1155 1312 1317 1362 Dom-

279 1393 367 1439 ias.

330 1466 448 1514 Eam
465 1466 666 1515 consilio
686 1480 849 1527 regere
868 1480 961 1514 non
975 1464 1128 1528 potes]
1160 1465 1319 1515 Nunc

273 1538 468 1591 domino
512 1557 693 1592 servus
732 1548 815 1591 est
853 1541 1163 1605 sapientior:
1199 1541 1321 1605 quia

273 1630 361 1667 nec
383 1627 604 1678 amator,
626 1633 723 1668 nec
758 1632 947 1667 amans.
1013 1617 1088 1667 Ut
1104 1616 1241 1666 idem
1265 1618 1316 1666 in

272 1690 476 1754 Andria,
494 1695 513 1723 ⁴
532 1695 710 1743 Facile
734 1708 908 1742 omnes
929 1707 1046 1743 eum
1071 1693 1320 1758 valemus„

273 1777 409 1819 recta
428 1770 647 1821 consilia
670 1770 879 1833 aegrotis
902 1768 1111 1819 damus?
1148 1770 1297 1819 Idem.

330 1846 458 1895 Here
492 1862 601 1909 quoe
638 1861 733 1907 res,
773 1846 882 1909 ξω]
927 1846 1167 1895 Donatus
1203 1846 1315 1895 hicz

270 1920 611 1989 {Concessum
637 1920 755 1984 est‚'
788 1925 887 1971 διο.
930 1936 1047 1985 quoe
1072 1935 1154 1969 res
1178 1919 1317 1971 forte

268 1995 357 2043 huc
380 2010 564 2061 parum
588 1995 731 2045 facit.
788 1997 978 2045 Servus
1002 1997 1067 2045 ab
1094 1995 1318 2045 Horatio

270 2068 416 2119 etiam
436 2087 531 2121 mm
547 2073 689 2136 paulo
709 2072 966 2133 sapientior
980 2071 1064 2122 liic
1086 2072 1318 2121 nomina-

270 2152 348 2196 tur
373 2148 518 2213 hero,
567 2155 788 2211 propter
827 2144 971 2198 πάθος
1005 2147 1134 2208 lteri,
1180 2146 1318 2212 quod

269 2220 401 2280 facit,
423 2230 480 2273 ut
499 2224 641 2272 ratio
661 2223 828 2273 omnis·
845 2223 1149 2273 succumbat
1167 2223 1317 2285 aegri-

271 2298 421 2349 tudini
439 2300 621 2360 animi,
639 2315 754 2365 quae
777 2314 859 2349 res
875 2298 1009 2348 infra
1030 2298 1165 2363 apud
1187 2300 1319 2348 Nos-

272 2379 393 2425 trum
429 2376 652 2426 poetam
692 2376 826 2424 satis*
854 2376 1165 2425 declaratur.
1232 2376 1319 2424 De

271 2457 433 2501 cetero
467 2452 612 2502 servi
635 2452 795 2502 vetuli
829 2449 1243 2503 adolescentibus
1266 2452 1320 2502 in

275 2527 525 2578 Comoedia
572 2542 806 2578 suasores
846 2527 956 2578 fere
988 2528 1320 2579 inducuntur.

272 2602 362 2652 Ubi
403 2605 595 2654 iterum
630 2605 772 2654 nulla
809 2605 1153 2654 annotatione
1188 2620 1319 2670 opus

272 2687 362 2742 est,
381 2695 563 2730 servos
584 2695 695 2729 esse
727 2681 1063 2744 sapientiores
1088 2682 1322 2739 dominis.

274 2769 375 2806 eum
399 2758 692 2822 praesertim
723 2757 800 2806 de
821 2757 1105 2807 calliditate
1149 2772 1321 2808 servo·

274 2844 392 2897 rum,
428 2848 691 2897 nunquam
726 2834 804 2882 de·
827 2832 1104 2897 prudentia
1127 2834 1322 2883 Noster

274 2917 413 2972 θεοῖς
434 2917 686 2974 quantum
708 2916 882 2958 autem
903 2909 965 2958 ad
982 2910 1137 2960 heros
1160 2909 1324 2974 majo-.

273 2999 367 3049 tes,
388 2987 440 3037 id
460 2996 569 3049 est,
590 2987 655 3036 ad
688 2987 1087 3052 patresfamilias
1118 2990 1327 3045 attinet,

272 3066 520 3126 permittit
561 3080 688 3114 sane
746 3067 1039 3129 Terentius,
1074 3072 1142 3116 ut
1166 3066 1324 3117 inter-

274 3141 385 3192 dum
408 3159 440 3194 a
459 3144 629 3194 servis
651 3142 726 3192 illi
749 3142 1016 3205 fallantur,
1039 3143 1322 3210 (nunquam

274 3221 572 3284 prudentiae>
606 3221 699 3271 sed
762 3221 1081 3272 fallaciarum
1117 3238 1227 3289 ‘ope
1270 3231 1326 3275 et

274 3299 539 3365 versutia.)
559 3300 862 3364 plerumque
886 3306 1062 3350 tamen
1095 3301 1210 3350 illos
1235 3310 1325 3352 aut

275 3375 722 3435 succumbere,aut
736 3384 965 3425 metuere
980 3374 1125 3427 facit.
1139 3378 1323 3428 iterum

275 3461 387 3514 ergo
404 3464 508 3502 nou
549 3459 630 3502 est
666 3452 1040 3515 opus-dicere:
1068 3467 1245 3502 servos
1268 3454 1323 3503 in

276 3528 548 3581 Comoediis
590 3532 813 3596 palliatis
863 3531 1081 3581 dominis
1124 3533 1325 3596 sapien-

276 3604 423 3656 tiores
444 3622 580 3659 esse.
647 3607 782 3657 Haec
803 3607 869 3657 ad
891 3608 1087 3658 Donati
1112 3614 1326 3659 annota-

275 3681 475 3734 tionem.

334 3759 596 3812 Quantum
636 3760 827 3811 attinet
871 3759 937 3810 ad
988 3774 1097 3810 rem
1142 3761 1324 3826 ipsam,

279 3832 449 3886 Cicero
471 3837 660 3886 iterum
684 3837 781 3886 hoc
809 3837 924 3887 loco
945 3837 1113 3886 utitur
1148 3838 1212 3886 ad
1237 3837 1325 3886 de-

278 3911 655 3962 monstrandum
702 3912 856 3961 animi
888 3913 1155 3963 levitatem
1193 3913 1326 3963 Tus-

282 3986 373 4036 cul.
396 4001 476 4038 iv,
501 3993 584 4038 35.
612 3988 827 4037 Plautus
850 3997 1021 4038 autem
1044 3989 1230 4039 amoris
1250 3989 1327 4037 in-

280 4064 540 4113 commoda
573 4066 846 4128 exequitur
884 4067 1107 4116 omnium
1151 4066 1328 4128 copio-

282 4137 491 4204 sissime,
526 4142 578 4190 in
614 4142 850 4191 ›Mercat
874 4156 913 4191 1.
936 4147 983 4191 1.
1006 4146 1086 4191 18.
1149 4142 1166 4170 ‘
1191 4143 1329 4192 Nam

284 4227 496 4267 amorem
517 4218 631 4267 haec
664 4225 851 4266 cuncta
876 4217 1006 4266 vitia
1035 4217 1227 4267 sectari
1249 4232 1331 4266 so·

283 4288 403 4355 leat,
429 4294 586 4359 Cura,
621 4293 896 4358 aegritudo,
928 4293 1190 4361 nimiaque
1224 4294 1328 4342 ele-

2275 387 2446 454 1171

1394 544 1590 605 gautia,
1611 545 1709 593 etc.
1772 543 1874 594 Sed
1898 544 2338 596 amoriaccedunt
2349 547 2448 597 etii

1393 633 1472 668 am
1502 619 1638 680 hoec,
1662 634 1778 684 quae
1812 619 1921 669 dixi
1955 620 2137 682 minus,
2159 620 2443 686 Iusomnia,

1392 710 1640 758 aerumna,
1661 710 1824 757 error,
1846 705 2034 760 terror,
2058 704 2112 748 et
2147 698 2287 762 fuga.
2352 700 2443 749 Iu-

1390 772 1555 835 eptia,
1575 772 1898 838 stultitiaque
1922 772 2068 834 adeo,
2088 781 2143 822 et
2161 775 2447 839 temeritas,

1389 845 1762 913 Incogi'tautia,
1782 863 1965 898 excors
1981 849 2322 910 immodestia,
2349 851 2450 912 Pe?

1390 925 1628 985 minutia,
1644 925 1924 989 cupiditas,
1946 925 2305 974 malevolentia
2323 942 2338 986 ;
2362 926 2448 975 In-

1389 1001 1557 1052 haeret
1569 1002 1725 1052 etiam
1749 992 1987 1066 aviditas,
2007 1002 2223 1063 desidia,
2240 1003 2310 1066 inj
2319 1004 2452 1069 uria,

1392 1078 1594 1142 Inopia,
1633 1079 1962 1140 contumelia,
2005 1085 2061 1127 et
2106 1078 2452 1143 dispendium,

1392 1155 1799 1220 Multiloquium,
1855 1154 2271 1220 pauciloquium?
2336 1156 2453 1206 Βα-

1455 1309 1593 1359 Here
1614 1324 1716 1373 qua·
1730 1324 1826 1372 res,
1847 1309 1953 1373 aa]
1988 1310 2175 1359 Servus
2196 1323 2297 1358 uon
2321 1323 2446 1373 pau-

1392 1386 1443 1434 lo
1484 1385 1788 1448 sapientior.
1853 1388 1868 1414 ⁸
1895 1385 1944 1434 Ο
1997 1385 2121 1434 here
2167 1399 2283 1449 quae
2333 1386 2472 1450 res,'‘

1392 1462 1580 1513 Horat.
1599 1464 1707 1513 Sat.
1730 1462 1891 1512 dicta.
1925 1463 2208 1513 Furnabius.

1460 1540 1724 1588 Consilium
1764 1554 1909 1603 neque
1950 1538 2156 1600 modum]
2191 1537 2353 1588 Amor
2382 1554 2467 1589 ex«

1393 1615 1455 1666 iis
1475 1615 1748 1667 affectibus
1763 1624 1865 1678 est,
1881 1630 2100 1681 quorum
2123 1616 2285 1666 virtus
2300 1631 2450 1679 regu-

1393 1692 1444 1742 la
1465 1707 1580 1742 esse
1619 1707 1720 1741 non
1758 1699 1967 1757 potest:
2003 1691 2332 1741 mediocritas
2365 1706 2452 1740 au·

1396 1777 1501 1821 tem
1538 1776 1592 1820 et
1614 1767 1796 1821 modu‘s
1830 1767 2163 1819 affectionum
2186 1782 2218 1817 a
2251 1770 2473 1818 virtute·

1395 1845 1679 1908 dependet,
1702 1848 1801 1896 etc.
1864 1844 2083 1895 Aristot.
2125 1857 2189 1893 u.
2222 1844 2256 1893 l.
2277 1844 2449 1895 Ethic.

1398 1920 1601 1970 Nicom.
1620 1925 1670 1970 6.
1693 1936 1739 1970 c.
1774 1921 1921 1970 Idem.

1464 2001 1527 2047 14
1561 1998 1623 2046 In
1642 2012 1797 2046 umore
1817 1997 1915 2045 hee
1946 1996 2102 2046 onmia
2122 1995 2291 2044 insunt·
2304 1995 2450 2059 vitia]

1397 2074 1528 2122 Duas
1570 2073 1984 2138 praepositiones,
2012 2073 2067 2123 in
2096 2086 2252 2120 umore
2272 2071 2452 2122 insana

1394 2151 1649 2201 Donatus.-

1461 2227 1525 2275 In
1545 2241 1718 2287 amore,
1736 2224 1844 2290 εμπ]
1876 2227 1891 2254 ‘
1908 2224 2144 2275 Amorem
2162 2223 2275 2273 haec
2294 2238 2453 2273 cunc-

1397 2309 1454 2352 ta
1475 2302 1602 2351 vitia
1624 2303 1816 2351 sectari
1842 2302 2024 2361 solent,
2055 2301 2209 2359 Cura,
2243 2300 2453 2361 aegritu-

1399 2377 1506 2435 do,'
1543 2383 1643 2428 &m
1680 2378 1798 2427 vide
1834 2378 2099 2441 prologum
2121 2375 2451 2425 ·Mercatoris

1398 2455 1628 2507 Plautin.
1670 2456 1796 2506 “ln
1834 2469 2006 2506 amore
2043 2461 2099 2505 et
2134 2455 2230 2516 ira,
2260 2453 2455 2517 jurgia,

1400 2548 1600 2597 preces,
1632 2533 1987 2597 exprobratio,
2009 2529 2324 2593 satisfactio,’
2349 2533 2450 2580 ὅτε.

1394 2611 1569 2661 Tacit.
1590 2610 1786 2660 An.-1s.
1808 2608 2096 2659 Fam-abins.

1463 2691 1524 2736 15
1561 2687 1792 2751 Induct‘oe]
1832 2687 2061 2747 Inducioe,
2105 2689 2226 2733 sunt
2257 2698 2359 2746 pax
2399 2681 2480 2730 inv

1395 2778 1587 2829 paucos
1610 2765 1739 2821 dies,
1760 2764 1843 2813 vel
1866 2763 1998 2828 quod
2017 2763 2071 2811 iu
2095 2761 2229 2810 diem
2246 2759 2473 2820 dentur,

1397 2843 1482 2891 vel
1515 2842 1653 2907 quod
1688 2842 1740 2890 in
1795 2840 1923 2891 dies*
1952 2838 2116 2889 otium
2169 2834 2454 2900 praebeant.

1396 2918 1636 2967 Donatus.

1460 2994 1670 3057 Bellum,
1708 3009 1819 3056 pax«
1842 2991 2052 3054 rursum]
2086 2989 2163 3039 Ut
2199 3002 2358 3052 supra
2401 2986 2455 3035 in

1394 3066 1616 3131 Andria,
1633 3071 1649 3099 ⁴
1667 3067 1963 3119 Amantium
1985 3066 2094 3127 irae,
2117 3063 2304 3112 amoris
2325 3062 2457 3110 inte-

1395 3145 1597 3206 gratio,’
1630 3150 1761 3194 erat.
1798 3142 1933 3205 quod
1960 3142 2025 3189 de
2058 3138 2313 3189 communi
2348 3138 2479 3186 vita*

1394 3219 1610 3281 dictum,
1634 3218 1773 3282 apud
1808 3217 2072 3277 Plautum,
2112 3214 2179 3263 ad
2221 3218 2456 3262 amantes

1394 3295 1675 3359 praecipue-
1700 3295 1947 3358 pertinet,
1972 3290 2230 3353 Amphitr.
2276 3302 2363 3338 ιιι.
2403 3292 2455 3338 2.

1395 3379 1476 3425 57.
1520 3378 1618 3427 &c.
1683 3375 1699 3404 ‘
1724 3376 1871 3424 Nam·
1900 3373 1969 3422 in.
1998 3371 2256 3421 homiuum
2288 3376 2454 3419 »aetate

1394 3452 1557 3500 multa
1586 3448 2141 3513 eveniunt-hujusmodi
2166 3465 2182 3510 ς
2230 3447 2458 3511 capiunt

1396 3527 1708 3590 voluptates,
1767 3527 1979 3591 capiunt
2052 3540 2252 3575 rursum
2306 3523 2459 3574 mise-

1396 3603 1519 3654 rias.
1584 3603 1684 3652 Irae
1708 3602 2075 3664 interveniunt,
2104 3600 2327 3650 redeunt
2345 3613 2457 3648 rur-

1395 3694 1507 3747 sum
1529 3680 1580 3729 in
1620 3679 1854 3744 gratiam.
1916 3679 2109 3728 Verum
2142 3678 2233 3727 irae
2265 3676 2309 3725 si
2341 3690 2460 3740 quae

1396 3753 1805 3805 forteeveuiunt
1840 3753 2131 3823 hujusmodi
2169 3753 2321 3802 Inter
2354 3767 2460 3814 eos,

1397 3846 1601 3882 rursum
1627 3833 1668 3881 si
1697 3848 1751 3882 re
1784 3837 1992 3881 ventum
2028 3831 2081 3880 in
2119 3830 2335 3894 gratiam
2358 3838 2459 3892 est,

1398 3909 1489 3958 Bis
1522 3916 1676 3958 tanto
1689 3908 1840 3960 amici
1877 3916 1998 3957 sunt
2029 3908 2170 3957 inter
2194 3922 2270 3968 se,
2303 3920 2477 3975 quam<

1399 3985 1576 4048 prius?
1620 3986 1879 4036 Boeclerus.

1466 4067 1530 4112 lo
1580 4065 1693 4114 Pax
1726 4062 1936 4126 rursum]
1972 4062 2257 4124 Bene„ut>·
2279 4072 2458 4107 conso.

1402 4139 1620 4203 latetur,
1647 4139 1879 4189 ultimam
1897 4130 2101 4201 partem
2125 4134 2315 4198 posuit.
2353 4134 2458 4182 Do-

1400 4222 1557 4265 nutus.

1453 4292 1596 4342 ·Haee
1613 4288 1734 4342 si'ta
1766 4289 1993 4355 pumiles]
2019 4288 2092 4338 .1d
2115 4293 2218 4352 est,
2241 4286 2285 4335 si
2310 4285 2461 4352 velis,
