<?xml version="1.0" encoding="UTF-8"?>
<!DOCTYPE html PUBLIC "-//W3C//DTD XHTML 1.0 Transitional//EN"
    "http://www.w3.org/TR/xhtml1/DTD/xhtml1-transitional.dtd">
<html xmlns="http://www.w3.org/1999/xhtml" xml:lang="en" lang="en">
 <head>
  <title>
</title>
<meta http-equiv="Content-Type" content="text/html;charset=utf-8" />
  <meta name='ocr-system' content='tesseract 3.04.00' />
  <meta name='ocr-capabilities' content='ocr_page ocr_carea ocr_par ocr_line ocrx_word'/>
</head>
<body>
  <div class='ocr_page' id='page_1' title='image "./comoedisexvolum00westgoog_0286.png"; bbox 0 0 3035 4941; ppageno 0'>
   <div class='ocr_carea' id='block_1_1' title="bbox 546 357 720 426">
    <p class='ocr_par' dir='ltr' id='par_1_1' title="bbox 546 357 720 426">
     <span class='ocr_line' id='line_1_1' title="bbox 546 357 720 426; baseline -0.006 0"><span class='ocrx_word' id='word_1_1' title='bbox 546 357 720 426; x_wconf 75' lang='lat'><strong>1312</strong></span> 
     </span>
    </p>
   </div>
   <div class='ocr_carea' id='block_1_2' title="bbox 545 517 1614 572">
    <p class='ocr_par' dir='ltr' id='par_1_2' title="bbox 545 517 1614 572">
     <span class='ocr_line' id='line_1_2' title="bbox 545 517 1614 572; baseline 0.002 -3"><span class='ocrx_word' id='word_1_2' title='bbox 545 533 664 569; x_wconf 88' lang='lat' dir='ltr'><strong>cnm</strong></span> <span class='ocrx_word' id='word_1_3' title='bbox 682 520 770 569; x_wconf 79' lang='lat' dir='ltr'><strong>ta‘n</strong></span> <span class='ocrx_word' id='word_1_4' title='bbox 777 518 883 572; x_wconf 82' lang='lat' dir='ltr'><strong>t&#39;um</strong></span> <span class='ocrx_word' id='word_1_5' title='bbox 899 519 1120 570; x_wconf 81' lang='lat' dir='ltr'><strong>baberet</strong></span> <span class='ocrx_word' id='word_1_6' title='bbox 1130 517 1309 570; x_wconf 81' lang='lat' dir='ltr'><strong>filium.</strong></span> <span class='ocrx_word' id='word_1_7' title='bbox 1326 520 1614 572; x_wconf 64' lang='lat' dir='ltr'><strong>Fau-nabin.</strong></span> 
     </span>
    </p>
   </div>
   <div class='ocr_carea' id='block_1_3' title="bbox 552 594 1615 660">
    <p class='ocr_par' dir='ltr' id='par_1_3' title="bbox 552 594 1615 660">
     <span class='ocr_line' id='line_1_3' title="bbox 552 594 1615 660; baseline 0.002 -16"><span class='ocrx_word' id='word_1_8' title='bbox 552 617 558 626; x_wconf 93' lang='lat'><strong>·</strong></span> <span class='ocrx_word' id='word_1_9' title='bbox 614 598 709 644; x_wconf 89' lang='grc'><strong>100</strong></span> <span class='ocrx_word' id='word_1_10' title='bbox 755 594 815 644; x_wconf 69' lang='lat' dir='ltr'><strong>Si</strong></span> <span class='ocrx_word' id='word_1_11' title='bbox 830 595 936 660; x_wconf 72' lang='lat' dir='ltr'><strong>quis</strong></span> <span class='ocrx_word' id='word_1_12' title='bbox 954 602 1081 645; x_wconf 73' lang='lat' dir='ltr'><strong>recte</strong></span> <span class='ocrx_word' id='word_1_13' title='bbox 1099 602 1183 645; x_wconf 79' lang='lat' dir='ltr'><strong>aut</strong></span> <span class='ocrx_word' id='word_1_14' title='bbox 1204 598 1461 660; x_wconf 75' lang='lat' dir='ltr'><strong>commode]</strong></span> <span class='ocrx_word' id='word_1_15' title='bbox 1520 597 1615 646; x_wconf 91' lang='lat' dir='ltr'><strong>Su·</strong></span> 
     </span>
    </p>
   </div>
   <div class='ocr_carea' id='block_1_4' title="bbox 468 672 1610 3734">
    <p class='ocr_par' dir='ltr' id='par_1_4' title="bbox 539 672 1610 1201">
     <span class='ocr_line' id='line_1_4' title="bbox 542 672 1610 737; baseline -0.002 -16"><span class='ocrx_word' id='word_1_16' title='bbox 542 686 643 735; x_wconf 90' lang='lat' dir='ltr'><strong>pra</strong></span> <span class='ocrx_word' id='word_1_17' title='bbox 680 678 1018 722; x_wconf 85' lang='lat' dir='ltr'><strong>accusaverat</strong></span> <span class='ocrx_word' id='word_1_18' title='bbox 1057 680 1353 737; x_wconf 88' lang='lat' dir='ltr'><strong>utrumque,</strong></span> <span class='ocrx_word' id='word_1_19' title='bbox 1375 687 1494 722; x_wconf 88' lang='lat' dir='ltr'><strong>cum</strong></span> <span class='ocrx_word' id='word_1_20' title='bbox 1529 672 1610 720; x_wconf 88' lang='lat' dir='ltr'><strong>di-</strong></span> 
     </span>
     <span class='ocr_line' id='line_1_5' title="bbox 544 751 1609 813; baseline 0.001 -14"><span class='ocrx_word' id='word_1_21' title='bbox 544 756 707 813; x_wconf 84' lang='lat' dir='ltr'><strong>ceret,</strong></span> <span class='ocrx_word' id='word_1_22' title='bbox 728 752 875 800; x_wconf 82' lang='lat' dir='ltr'><strong>ambo</strong></span> <span class='ocrx_word' id='word_1_23' title='bbox 893 752 1179 802; x_wconf 77' lang='lat' dir='ltr'><strong>accusandi.-</strong></span> <span class='ocrx_word' id='word_1_24' title='bbox 1224 751 1379 800; x_wconf 89' lang='lat' dir='ltr'><strong>modo</strong></span> <span class='ocrx_word' id='word_1_25' title='bbox 1412 759 1609 800; x_wconf 86' lang='lat' dir='ltr'><strong>utrum·</strong></span> 
     </span>
     <span class='ocr_line' id='line_1_6' title="bbox 540 828 1608 893; baseline 0.001 -16"><span class='ocrx_word' id='word_1_26' title='bbox 540 842 641 893; x_wconf 86' lang='lat' dir='ltr'><strong>que</strong></span> <span class='ocrx_word' id='word_1_27' title='bbox 664 828 922 892; x_wconf 83' lang='lat' dir='ltr'><strong>defendit,</strong></span> <span class='ocrx_word' id='word_1_28' title='bbox 945 829 1082 893; x_wconf 88' lang='lat' dir='ltr'><strong>quod</strong></span> <span class='ocrx_word' id='word_1_29' title='bbox 1106 832 1239 879; x_wconf 84' lang='lat' dir='ltr'><strong>hunc</strong></span> <span class='ocrx_word' id='word_1_30' title='bbox 1268 829 1476 891; x_wconf 82' lang='lat' dir='ltr'><strong>ingenio</strong></span> <span class='ocrx_word' id='word_1_31' title='bbox 1500 829 1608 878; x_wconf 87' lang='lat' dir='ltr'><strong>leni</strong></span> 
     </span>
     <span class='ocr_line' id='line_1_7' title="bbox 542 906 1606 973; baseline 0.002 -18"><span class='ocrx_word' id='word_1_32' title='bbox 542 906 692 966; x_wconf 84' lang='lat' dir='ltr'><strong>dicit,</strong></span> <span class='ocrx_word' id='word_1_33' title='bbox 713 915 769 956; x_wconf 93' lang='lat' dir='ltr'><strong>et</strong></span> <span class='ocrx_word' id='word_1_34' title='bbox 788 908 932 958; x_wconf 88' lang='lat' dir='ltr'><strong>illum</strong></span> <span class='ocrx_word' id='word_1_35' title='bbox 956 908 1406 973; x_wconf 84' lang='lat' dir='ltr'><strong>obsequentem,si</strong></span> <span class='ocrx_word' id='word_1_36' title='bbox 1420 908 1606 973; x_wconf 82' lang='lat' dir='ltr'><strong>aliquis</strong></span> 
     </span>
     <span class='ocr_line' id='line_1_8' title="bbox 542 984 1603 1048; baseline 0 -16"><span class='ocrx_word' id='word_1_37' title='bbox 542 991 689 1033; x_wconf 86' lang='lat' dir='ltr'><strong>recte</strong></span> <span class='ocrx_word' id='word_1_38' title='bbox 714 992 767 1033; x_wconf 90' lang='lat' dir='ltr'><strong>et</strong></span> <span class='ocrx_word' id='word_1_39' title='bbox 791 984 1061 1034; x_wconf 90' lang='lat' dir='ltr'><strong>commode</strong></span> <span class='ocrx_word' id='word_1_40' title='bbox 1083 990 1339 1035; x_wconf 75' lang='lat' dir='ltr'><strong>tractaret</strong></span> <span class='ocrx_word' id='word_1_41' title='bbox 1356 985 1603 1048; x_wconf 87' lang='lat' dir='ltr'><strong>alterum,</strong></span> 
     </span>
     <span class='ocr_line' id='line_1_9' title="bbox 539 1048 1604 1126; baseline 0.003 -18"><span class='ocrx_word' id='word_1_42' title='bbox 539 1073 660 1109; x_wconf 85' lang='lat' dir='ltr'><strong>nam</strong></span> <span class='ocrx_word' id='word_1_43' title='bbox 681 1060 781 1110; x_wconf 86' lang='lat' dir='ltr'><strong>boc</strong></span> <span class='ocrx_word' id='word_1_44' title='bbox 803 1058 1001 1110; x_wconf 85' lang='lat' dir='ltr'><strong>factum</strong></span> <span class='ocrx_word' id='word_1_45' title='bbox 1019 1048 1133 1110; x_wconf 74' lang='lat' dir='ltr'><strong>es‘se</strong></span> <span class='ocrx_word' id='word_1_46' title='bbox 1156 1061 1305 1125; x_wconf 88' lang='lat' dir='ltr'><strong>dicit,</strong></span> <span class='ocrx_word' id='word_1_47' title='bbox 1318 1062 1455 1126; x_wconf 87' lang='lat' dir='ltr'><strong>quod</strong></span> <span class='ocrx_word' id='word_1_48' title='bbox 1478 1075 1604 1112; x_wconf 85' lang='lat' dir='ltr'><strong>neu·</strong></span> 
     </span>
     <span class='ocr_line' id='line_1_10' title="bbox 541 1135 1309 1201; baseline 0.003 -18"><span class='ocrx_word' id='word_1_49' title='bbox 541 1140 624 1183; x_wconf 89' lang='lat' dir='ltr'><strong>ter</strong></span> <span class='ocrx_word' id='word_1_50' title='bbox 645 1150 710 1184; x_wconf 83' lang='lat' dir='ltr'><strong>se</strong></span> <span class='ocrx_word' id='word_1_51' title='bbox 724 1135 948 1185; x_wconf 83' lang='lat' dir='ltr'><strong>noverit.</strong></span> <span class='ocrx_word' id='word_1_52' title='bbox 983 1136 1309 1201; x_wconf 60' lang='lat' dir='ltr'><strong>Bag-raphiae.</strong></span> 
     </span>
    </p>

    <p class='ocr_par' dir='ltr' id='par_1_5' title="bbox 468 1212 1604 2589">
     <span class='ocr_line' id='line_1_11' title="bbox 603 1212 1600 1277; baseline 0.001 -16"><span class='ocrx_word' id='word_1_53' title='bbox 603 1212 678 1261; x_wconf 33' lang='lat' dir='ltr'><strong>Si.</strong></span> <span class='ocrx_word' id='word_1_54' title='bbox 696 1212 957 1275; x_wconf 69' lang='lat' dir='ltr'><strong>quis-recte</strong></span> <span class='ocrx_word' id='word_1_55' title='bbox 987 1218 1074 1262; x_wconf 78' lang='lat' dir='ltr'><strong>out</strong></span> <span class='ocrx_word' id='word_1_56' title='bbox 1095 1213 1353 1277; x_wconf 79' lang='lat' dir='ltr'><strong>commode]</strong></span> <span class='ocrx_word' id='word_1_57' title='bbox 1404 1214 1600 1276; x_wconf 79' lang='lat' dir='ltr'><strong>Engra·</strong></span> 
     </span>
     <span class='ocr_line' id='line_1_12' title="bbox 537 1288 1604 1355; baseline 0.004 -20"><span class='ocrx_word' id='word_1_58' title='bbox 537 1288 707 1352; x_wconf 89' lang='lat' dir='ltr'><strong>pbius,</strong></span> <span class='ocrx_word' id='word_1_59' title='bbox 730 1290 745 1315; x_wconf 94' lang='lat'>‘</span> <span class='ocrx_word' id='word_1_60' title='bbox 763 1289 930 1352; x_wconf 88' lang='lat' dir='ltr'><strong>Supra</strong></span> <span class='ocrx_word' id='word_1_61' title='bbox 947 1298 1291 1341; x_wconf 84' lang='lat' dir='ltr'><strong>accusaverat</strong></span> <span class='ocrx_word' id='word_1_62' title='bbox 1304 1298 1604 1355; x_wconf 88' lang='lat' dir='ltr'><strong>utrumqne,</strong></span> 
     </span>
     <span class='ocr_line' id='line_1_13' title="bbox 537 1364 1601 1428; baseline 0.006 -16"><span class='ocrx_word' id='word_1_63' title='bbox 537 1378 652 1420; x_wconf 84' lang='lat' dir='ltr'><strong>cnm</strong></span> <span class='ocrx_word' id='word_1_64' title='bbox 677 1364 897 1428; x_wconf 86' lang='lat' dir='ltr'><strong>diceret,</strong></span> <span class='ocrx_word' id='word_1_65' title='bbox 920 1366 1069 1416; x_wconf 87' lang='lat' dir='ltr'><strong>ambo</strong></span> <span class='ocrx_word' id='word_1_66' title='bbox 1091 1367 1369 1417; x_wconf 84' lang='lat' dir='ltr'><strong>accusandi</strong></span> <span class='ocrx_word' id='word_1_67' title='bbox 1390 1384 1405 1417; x_wconf 75' lang='grc' dir='ltr'><strong>ι</strong></span> <span class='ocrx_word' id='word_1_68' title='bbox 1448 1367 1601 1418; x_wconf 87' lang='lat' dir='ltr'><strong>modo</strong></span> 
     </span>
     <span class='ocr_line' id='line_1_14' title="bbox 535 1440 1601 1505; baseline 0.003 -16"><span class='ocrx_word' id='word_1_69' title='bbox 535 1447 811 1505; x_wconf 84' lang='lat' dir='ltr'><strong>utrumque</strong></span> <span class='ocrx_word' id='word_1_70' title='bbox 844 1440 1117 1505; x_wconf 86' lang='lat' dir='ltr'><strong>defendit,&#39;</strong></span> <span class='ocrx_word' id='word_1_71' title='bbox 1150 1444 1246 1493; x_wconf 73' lang='grc' dir='ltr'>διο.</span> <span class='ocrx_word' id='word_1_72' title='bbox 1312 1444 1465 1495; x_wconf 84' lang='lat' dir='ltr'><strong>Quod</strong></span> <span class='ocrx_word' id='word_1_73' title='bbox 1498 1458 1601 1493; x_wconf 89' lang='lat' dir='ltr'><strong>non</strong></span> 
     </span>
     <span class='ocr_line' id='line_1_15' title="bbox 534 1520 1602 1572; baseline 0.007 -8"><span class='ocrx_word' id='word_1_74' title='bbox 534 1524 618 1565; x_wconf 76' lang='lat' dir='ltr'><strong>eat</strong></span> <span class='ocrx_word' id='word_1_75' title='bbox 664 1525 920 1569; x_wconf 88' lang='lat' dir='ltr'><strong>accurate.</strong></span> <span class='ocrx_word' id='word_1_76' title='bbox 951 1520 1421 1571; x_wconf 83' lang='lat' dir='ltr'><strong>dictum.·absolvit</strong></span> <span class='ocrx_word' id='word_1_77' title='bbox 1464 1523 1602 1572; x_wconf 87' lang='lat' dir='ltr'><strong>enim</strong></span> 
     </span>
     <span class='ocr_line' id='line_1_16' title="bbox 534 1593 1601 1661; baseline 0.005 -18"><span class='ocrx_word' id='word_1_78' title='bbox 534 1593 640 1656; x_wconf 80' lang='lat' dir='ltr'><strong>bie,</strong></span> <span class='ocrx_word' id='word_1_79' title='bbox 676 1595 815 1659; x_wconf 88' lang='lat' dir='ltr'><strong>quod</strong></span> <span class='ocrx_word' id='word_1_80' title='bbox 837 1610 1013 1659; x_wconf 59' lang='lat' dir='ltr'><strong>,supra</strong></span> <span class='ocrx_word' id='word_1_81' title='bbox 1048 1604 1298 1661; x_wconf 67' lang='lat' dir='ltr'><strong>coeperat,</strong></span> <span class='ocrx_word' id='word_1_82' title='bbox 1322 1605 1482 1661; x_wconf 89' lang='lat' dir='ltr'><strong>atque</strong></span> <span class='ocrx_word' id='word_1_83' title='bbox 1503 1599 1601 1648; x_wconf 90' lang='lat' dir='ltr'><strong>ite-</strong></span> 
     </span>
     <span class='ocr_line' id='line_1_17' title="bbox 534 1673 1601 1738; baseline 0.007 -21"><span class='ocrx_word' id='word_1_84' title='bbox 534 1683 648 1718; x_wconf 88' lang='lat' dir='ltr'><strong>rum</strong></span> <span class='ocrx_word' id='word_1_85' title='bbox 671 1677 949 1736; x_wconf 82' lang='lat' dir='ltr'><strong>utrumque</strong></span> <span class='ocrx_word' id='word_1_86' title='bbox 973 1680 1202 1731; x_wconf 86' lang='lat' dir='ltr'><strong>accusat,</strong></span> <span class='ocrx_word' id='word_1_87' title='bbox 1225 1673 1318 1724; x_wconf 89' lang='lat' dir='ltr'><strong>sed</strong></span> <span class='ocrx_word' id='word_1_88' title='bbox 1340 1674 1601 1738; x_wconf 76' lang='lat' dir='ltr'><strong>mitiorem</strong></span> 
     </span>
     <span class='ocr_line' id='line_1_18' title="bbox 532 1743 1598 1801; baseline 0.006 -7"><span class='ocrx_word' id='word_1_89' title='bbox 532 1743 664 1796; x_wconf 81' lang='lat' dir='ltr'><strong>facit</strong></span> <span class='ocrx_word' id='word_1_90' title='bbox 698 1748 1083 1799; x_wconf 72' lang='lat' dir='ltr'><strong>accusationem</strong></span> <span class='ocrx_word' id='word_1_91' title='bbox 1118 1749 1282 1800; x_wconf 84' lang='lat' dir='ltr'><strong>mixta</strong></span> <span class='ocrx_word' id='word_1_92' title='bbox 1314 1751 1472 1800; x_wconf 86' lang='lat' dir='ltr'><strong>laude</strong></span> <span class='ocrx_word' id='word_1_93' title='bbox 1506 1753 1598 1801; x_wconf 84' lang='lat' dir='ltr'><strong>ali·</strong></span> 
     </span>
     <span class='ocr_line' id='line_1_19' title="bbox 493 1823 1600 1890; baseline 0.007 -20"><span class='ocrx_word' id='word_1_94' title='bbox 493 1853 496 1856; x_wconf 93' lang='lat'><em>-</em></span> <span class='ocrx_word' id='word_1_95' title='bbox 533 1837 653 1886; x_wconf 78' lang='lat' dir='ltr'><strong>qua.</strong></span> <span class='ocrx_word' id='word_1_96' title='bbox 680 1823 856 1874; x_wconf 86' lang='lat' dir='ltr'><strong>laudat</strong></span> <span class='ocrx_word' id='word_1_97' title='bbox 878 1826 1386 1890; x_wconf 87' lang='lat' dir='ltr'><strong>ingenium,accusat</strong></span> <span class='ocrx_word' id='word_1_98' title='bbox 1408 1842 1600 1890; x_wconf 88' lang='lat' dir='ltr'><strong>mores,</strong></span> 
     </span>
     <span class='ocr_line' id='line_1_20' title="bbox 530 1902 1601 1966; baseline 0.006 -19"><span class='ocrx_word' id='word_1_99' title='bbox 530 1906 593 1949; x_wconf 90' lang='lat' dir='ltr'><strong>ut</strong></span> <span class='ocrx_word' id='word_1_100' title='bbox 625 1915 798 1963; x_wconf 79' lang='lat' dir='ltr'><strong>supra.</strong></span> <span class='ocrx_word' id='word_1_101' title='bbox 821 1908 877 1950; x_wconf 89' lang='lat' dir='ltr'><strong>et</strong></span> <span class='ocrx_word' id='word_1_102' title='bbox 899 1902 997 1952; x_wconf 90' lang='lat' dir='ltr'><strong>hoc</strong></span> <span class='ocrx_word' id='word_1_103' title='bbox 1020 1903 1189 1966; x_wconf 90' lang='lat' dir='ltr'><strong>ipsum</strong></span> <span class='ocrx_word' id='word_1_104' title='bbox 1226 1912 1310 1953; x_wconf 86' lang='lat' dir='ltr'><strong>est·</strong></span> <span class='ocrx_word' id='word_1_105' title='bbox 1341 1902 1601 1953; x_wconf 79' lang='grc' dir='ltr'><strong><em>ὑποθέσεως</em></strong></span> 
     </span>
     <span class='ocr_line' id='line_1_21' title="bbox 528 1978 1602 2045; baseline 0.005 -20"><span class='ocrx_word' id='word_1_106' title='bbox 528 1978 746 2036; x_wconf 77' lang='grc' dir='ltr'><strong>κωμικῆς.</strong></span> <span class='ocrx_word' id='word_1_107' title='bbox 765 1978 908 2039; x_wconf 83' lang='lat' dir='ltr'><strong>hinc,</strong></span> <span class='ocrx_word' id='word_1_108' title='bbox 930 1979 1156 2044; x_wconf 85' lang='lat' dir='ltr'><strong>inquam,</strong></span> <span class='ocrx_word' id='word_1_109' title='bbox 1170 1987 1281 2030; x_wconf 81' lang='lat' dir='ltr'><strong>tota</strong></span> <span class='ocrx_word' id='word_1_110' title='bbox 1300 1979 1602 2045; x_wconf 75' lang='grc' dir='ltr'><strong>πραγματεία</strong></span> 
     </span>
     <span class='ocr_line' id='line_1_22' title="bbox 530 2056 1598 2123; baseline 0.003 -19"><span class='ocrx_word' id='word_1_111' title='bbox 530 2056 733 2106; x_wconf 89' lang='lat' dir='ltr'><strong>comica</strong></span> <span class='ocrx_word' id='word_1_112' title='bbox 751 2103 756 2108; x_wconf 82' lang='grc'><strong>.</strong></span> <span class='ocrx_word' id='word_1_113' title='bbox 777 2056 1088 2108; x_wconf 86' lang='lat' dir='ltr'><strong>deducitur:</strong></span> <span class='ocrx_word' id='word_1_114' title='bbox 1150 2058 1291 2123; x_wconf 88' lang='lat' dir='ltr'><strong>quod</strong></span> <span class='ocrx_word' id='word_1_115' title='bbox 1335 2059 1598 2120; x_wconf 84' lang='lat' dir='ltr'><strong>ingenium</strong></span> 
     </span>
     <span class='ocr_line' id='line_1_23' title="bbox 529 2133 1597 2184; baseline 0.002 -4"><span class='ocrx_word' id='word_1_116' title='bbox 529 2140 588 2181; x_wconf 83' lang='lat' dir='ltr'><strong>et</strong></span> <span class='ocrx_word' id='word_1_117' title='bbox 621 2141 863 2183; x_wconf 88' lang='lat' dir='ltr'><strong>naturam</strong></span> <span class='ocrx_word' id='word_1_118' title='bbox 904 2148 1046 2184; x_wconf 81' lang='lat' dir='ltr'><strong>suam</strong></span> <span class='ocrx_word' id='word_1_119' title='bbox 1088 2134 1321 2184; x_wconf 89' lang='lat' dir='ltr'><strong>homiues</strong></span> <span class='ocrx_word' id='word_1_120' title='bbox 1363 2133 1428 2183; x_wconf 87' lang='lat' dir='ltr'><strong>ad</strong></span> <span class='ocrx_word' id='word_1_121' title='bbox 1469 2133 1597 2183; x_wconf 88' lang='lat' dir='ltr'><strong>illud</strong></span> 
     </span>
     <span class='ocr_line' id='line_1_24' title="bbox 528 2210 1598 2275; baseline 0.003 -18"><span class='ocrx_word' id='word_1_122' title='bbox 528 2210 739 2259; x_wconf 82' lang='lat' dir='ltr'><strong>vivendi</strong></span> <span class='ocrx_word' id='word_1_123' title='bbox 776 2217 1266 2274; x_wconf 76' lang='lat' dir='ltr'><strong>temperamentum,</strong></span> <span class='ocrx_word' id='word_1_124' title='bbox 1295 2225 1398 2275; x_wconf 91' lang='lat' dir='ltr'><strong>quo</strong></span> <span class='ocrx_word' id='word_1_125' title='bbox 1434 2210 1598 2260; x_wconf 87' lang='lat' dir='ltr'><strong>aetio·</strong></span> 
     </span>
     <span class='ocr_line' id='line_1_25' title="bbox 525 2286 1599 2350; baseline 0.002 -17"><span class='ocrx_word' id='word_1_126' title='bbox 525 2299 619 2333; x_wconf 85' lang='lat' dir='ltr'><strong>nes</strong></span> <span class='ocrx_word' id='word_1_127' title='bbox 644 2286 783 2335; x_wconf 86' lang='lat' dir='ltr'><strong>inter</strong></span> <span class='ocrx_word' id='word_1_128' title='bbox 805 2287 1017 2337; x_wconf 89' lang='lat' dir='ltr'><strong>nimium</strong></span> <span class='ocrx_word' id='word_1_129' title='bbox 1056 2293 1112 2336; x_wconf 89' lang='lat' dir='ltr'><strong>et</strong></span> <span class='ocrx_word' id='word_1_130' title='bbox 1153 2302 1331 2350; x_wconf 84' lang='lat' dir='ltr'><strong>parum</strong></span> <span class='ocrx_word' id='word_1_131' title='bbox 1367 2286 1599 2336; x_wconf 87' lang='lat' dir='ltr'><strong>cohiberi</strong></span> 
     </span>
     <span class='ocr_line' id='line_1_26' title="bbox 527 2360 1598 2429; baseline 0.003 -19"><span class='ocrx_word' id='word_1_132' title='bbox 527 2360 808 2424; x_wconf 83' lang='lat' dir='ltr'><strong>debebant,</strong></span> <span class='ocrx_word' id='word_1_133' title='bbox 831 2378 932 2412; x_wconf 94' lang='lat' dir='ltr'><strong>non</strong></span> <span class='ocrx_word' id='word_1_134' title='bbox 958 2362 1345 2426; x_wconf 82' lang='lat' dir='ltr'><strong>assuefaciunt3</strong></span> <span class='ocrx_word' id='word_1_135' title='bbox 1371 2362 1598 2429; x_wconf 85' lang='lat' dir='ltr'><strong>indeque</strong></span> 
     </span>
     <span class='ocr_line' id='line_1_27' title="bbox 525 2438 1598 2507; baseline 0.004 -20"><span class='ocrx_word' id='word_1_136' title='bbox 525 2438 683 2487; x_wconf 82' lang='lat' dir='ltr'><strong>variis</strong></span> <span class='ocrx_word' id='word_1_137' title='bbox 719 2440 1198 2502; x_wconf 79' lang='lat' dir='ltr'><strong>perturbationibus</strong></span> <span class='ocrx_word' id='word_1_138' title='bbox 1239 2441 1399 2491; x_wconf 83' lang='lat' dir='ltr'><strong>vitam</strong></span> <span class='ocrx_word' id='word_1_139' title='bbox 1438 2447 1598 2507; x_wconf 90' lang='lat' dir='ltr'><strong>atque</strong></span> 
     </span>
     <span class='ocr_line' id='line_1_28' title="bbox 468 2519 1514 2589; baseline 0.004 -25"><span class='ocrx_word' id='word_1_140' title='bbox 468 2583 471 2589; x_wconf 69' lang='lat'><strong>,</strong></span> <span class='ocrx_word' id='word_1_141' title='bbox 527 2524 738 2566; x_wconf 75' lang='lat' dir='ltr'><strong>aetatem</strong></span> <span class='ocrx_word' id='word_1_142' title='bbox 763 2532 904 2567; x_wconf 89' lang='lat' dir='ltr'><strong>suam</strong></span> <span class='ocrx_word' id='word_1_143' title='bbox 928 2521 1215 2584; x_wconf 90' lang='lat' dir='ltr'><strong>complent.</strong></span> <span class='ocrx_word' id='word_1_144' title='bbox 1252 2519 1514 2570; x_wconf 77' lang='lat' dir='ltr'><strong>Boeczem.</strong></span> 
     </span>
    </p>

    <p class='ocr_par' dir='ltr' id='par_1_6' title="bbox 518 2592 1598 3361">
     <span class='ocr_line' id='line_1_29' title="bbox 589 2592 1595 2661; baseline 0.007 -20"><span class='ocrx_word' id='word_1_145' title='bbox 589 2592 650 2642; x_wconf 83' lang='lat' dir='ltr'><strong>Si</strong></span> <span class='ocrx_word' id='word_1_146' title='bbox 683 2595 809 2656; x_wconf 77' lang='lat' dir='ltr'><strong>quis,</strong></span> <span class='ocrx_word' id='word_1_147' title='bbox 848 2595 957 2659; x_wconf 65' lang='lat' dir='ltr'><strong>sse-J</strong></span> <span class='ocrx_word' id='word_1_148' title='bbox 1003 2598 1276 2646; x_wconf 79' lang='lat' dir='ltr'><strong>Severitas</strong></span> <span class='ocrx_word' id='word_1_149' title='bbox 1316 2605 1595 2661; x_wconf 85' lang='lat' dir='ltr'><strong>parentum</strong></span> 
     </span>
     <span class='ocr_line' id='line_1_30' title="bbox 525 2669 1596 2742; baseline 0.007 -23"><span class='ocrx_word' id='word_1_150' title='bbox 525 2669 723 2719; x_wconf 80' lang='lat' dir='ltr'><strong>animos</strong></span> <span class='ocrx_word' id='word_1_151' title='bbox 746 2671 966 2724; x_wconf 87' lang='lat' dir='ltr'><strong>filiorum</strong></span> <span class='ocrx_word' id='word_1_152' title='bbox 991 2675 1180 2741; x_wconf 86' lang='lat' dir='ltr'><strong>dejicit</strong></span> <span class='ocrx_word' id='word_1_153' title='bbox 1201 2683 1256 2729; x_wconf 92' lang='lat' dir='ltr'><strong>et</strong></span> <span class='ocrx_word' id='word_1_154' title='bbox 1291 2677 1596 2742; x_wconf 76' lang='lat' dir='ltr'><strong>prosternit,</strong></span> 
     </span>
     <span class='ocr_line' id='line_1_31' title="bbox 522 2746 1598 2818; baseline 0.008 -23"><span class='ocrx_word' id='word_1_155' title='bbox 522 2746 850 2812; x_wconf 85' lang='lat' dir='ltr'><strong>indulgentia</strong></span> <span class='ocrx_word' id='word_1_156' title='bbox 864 2753 1167 2818; x_wconf 84' lang='lat' dir='ltr'><strong>corrumpit·</strong></span> <span class='ocrx_word' id='word_1_157' title='bbox 1198 2756 1214 2782; x_wconf 90' lang='lat'>‘</span> <span class='ocrx_word' id='word_1_158' title='bbox 1232 2753 1383 2803; x_wconf 85' lang='lat' dir='ltr'><strong>Inter</strong></span> <span class='ocrx_word' id='word_1_159' title='bbox 1401 2761 1598 2808; x_wconf 86' lang='lat' dir='ltr'><strong>utrum·</strong></span> 
     </span>
     <span class='ocr_line' id='line_1_32' title="bbox 522 2825 1596 2905; baseline 0.008 -31"><span class='ocrx_word' id='word_1_160' title='bbox 522 2825 652 2890; x_wconf 86' lang='lat' dir='ltr'><strong>que’</strong></span> <span class='ocrx_word' id='word_1_161' title='bbox 671 2829 879 2892; x_wconf 88' lang='lat' dir='ltr'><strong>(monet</strong></span> <span class='ocrx_word' id='word_1_162' title='bbox 917 2831 1197 2905; x_wconf 77' lang='lat' dir='ltr'><strong>Seneca)‘</strong></span> <span class='ocrx_word' id='word_1_163' title='bbox 1216 2832 1477 2896; x_wconf 84' lang='lat' dir='ltr'><strong>regendus</strong></span> <span class='ocrx_word' id='word_1_164' title='bbox 1512 2840 1596 2884; x_wconf 88' lang='lat' dir='ltr'><strong>est</strong></span> 
     </span>
     <span class='ocr_line' id='line_1_33' title="bbox 520 2903 1595 2972; baseline 0.009 -22"><span class='ocrx_word' id='word_1_165' title='bbox 520 2903 721 2953; x_wconf 88' lang='lat' dir='ltr'><strong>animus</strong></span> <span class='ocrx_word' id='word_1_166' title='bbox 743 2907 1071 2959; x_wconf 75' lang='lat' dir='ltr'><strong>institutione</strong></span> <span class='ocrx_word' id='word_1_167' title='bbox 1096 2909 1467 2972; x_wconf 87' lang='lat' dir='ltr'><strong>liberorum,ut</strong></span> <span class='ocrx_word' id='word_1_168' title='bbox 1487 2925 1595 2960; x_wconf 93' lang='lat' dir='ltr'><strong>mo-</strong></span> 
     </span>
     <span class='ocr_line' id='line_1_34' title="bbox 522 2978 1590 3047; baseline 0.008 -19"><span class='ocrx_word' id='word_1_169' title='bbox 522 2978 608 3029; x_wconf 89' lang='lat' dir='ltr'><strong>do</strong></span> <span class='ocrx_word' id='word_1_170' title='bbox 619 2979 785 3031; x_wconf 80' lang='lat' dir='ltr'><strong>frenis</strong></span> <span class='ocrx_word' id='word_1_171' title='bbox 819 2989 1045 3047; x_wconf 89' lang='lat' dir='ltr'><strong>utamur,</strong></span> <span class='ocrx_word' id='word_1_172' title='bbox 1074 2986 1228 3036; x_wconf 89' lang='lat' dir='ltr'><strong>modo</strong></span> <span class='ocrx_word' id='word_1_173' title='bbox 1264 2985 1522 3036; x_wconf 62' lang='lat' dir='ltr'><strong>stimulis?</strong></span> <span class='ocrx_word' id='word_1_174' title='bbox 1554 2988 1590 3036; x_wconf 92' lang='grc'><strong>1.</strong></span> 
     </span>
     <span class='ocr_line' id='line_1_35' title="bbox 524 3058 1591 3126; baseline 0.007 -20"><span class='ocrx_word' id='word_1_175' title='bbox 524 3071 587 3108; x_wconf 83' lang='grc' dir='ltr'><strong>ιι.</strong></span> <span class='ocrx_word' id='word_1_176' title='bbox 612 3058 680 3109; x_wconf 91' lang='lat' dir='ltr'><strong>de</strong></span> <span class='ocrx_word' id='word_1_177' title='bbox 705 3061 802 3110; x_wconf 65' lang='lat' dir='ltr'><strong>‚Ira</strong></span> <span class='ocrx_word' id='word_1_178' title='bbox 837 3077 956 3126; x_wconf 81' lang='lat' dir='ltr'><strong>cap.</strong></span> <span class='ocrx_word' id='word_1_179' title='bbox 988 3066 1069 3113; x_wconf 84' lang='lat'><strong>21.</strong></span> <span class='ocrx_word' id='word_1_180' title='bbox 1092 3063 1183 3112; x_wconf 83' lang='lat' dir='ltr'><strong>sed</strong></span> <span class='ocrx_word' id='word_1_181' title='bbox 1208 3069 1263 3112; x_wconf 91' lang='lat' dir='ltr'><strong>et</strong></span> <span class='ocrx_word' id='word_1_182' title='bbox 1284 3067 1367 3113; x_wconf 90' lang='grc'><strong>20.</strong></span> <span class='ocrx_word' id='word_1_183' title='bbox 1393 3077 1591 3125; x_wconf 81' lang='lat' dir='ltr'><strong>praece-</strong></span> 
     </span>
     <span class='ocr_line' id='line_1_36' title="bbox 522 3134 1590 3203; baseline 0.007 -21"><span class='ocrx_word' id='word_1_184' title='bbox 522 3134 670 3198; x_wconf 86' lang='lat' dir='ltr'><strong>dens,</strong></span> <span class='ocrx_word' id='word_1_185' title='bbox 694 3147 745 3186; x_wconf 90' lang='lat' dir='ltr'><strong>et</strong></span> <span class='ocrx_word' id='word_1_186' title='bbox 768 3137 904 3203; x_wconf 84' lang='lat' dir='ltr'><strong>qnod</strong></span> <span class='ocrx_word' id='word_1_187' title='bbox 928 3139 1165 3203; x_wconf 85' lang='lat' dir='ltr'><strong>sequitur</strong></span> <span class='ocrx_word' id='word_1_188' title='bbox 1186 3154 1233 3190; x_wconf 89' lang='lat' dir='ltr'><strong>c.</strong></span> <span class='ocrx_word' id='word_1_189' title='bbox 1256 3144 1339 3189; x_wconf 88' lang='grc'><strong>22.</strong></span> <span class='ocrx_word' id='word_1_190' title='bbox 1363 3140 1590 3189; x_wconf 87' lang='lat' dir='ltr'><strong>lectione</strong></span> 
     </span>
     <span class='ocr_line' id='line_1_37' title="bbox 518 3213 1588 3280; baseline 0.005 -20"><span class='ocrx_word' id='word_1_191' title='bbox 518 3213 977 3280; x_wconf 70' lang='lat' dir='ltr'><strong>atint1dignissima,</strong></span> <span class='ocrx_word' id='word_1_192' title='bbox 1007 3230 1106 3265; x_wconf 87' lang='lat' dir='ltr'><strong>nec</strong></span> <span class='ocrx_word' id='word_1_193' title='bbox 1141 3230 1243 3265; x_wconf 91' lang='lat' dir='ltr'><strong>non</strong></span> <span class='ocrx_word' id='word_1_194' title='bbox 1278 3219 1363 3265; x_wconf 80' lang='grc'><strong>23.</strong></span> <span class='ocrx_word' id='word_1_195' title='bbox 1396 3215 1588 3265; x_wconf 73' lang='lat' dir='ltr'><strong>Fama-</strong></span> 
     </span>
     <span class='ocr_line' id='line_1_38' title="bbox 519 3287 912 3361; baseline 0.003 -25"><span class='ocrx_word' id='word_1_196' title='bbox 519 3287 637 3337; x_wconf 75' lang='lat' dir='ltr'><strong>bt&#39;as.</strong></span> <span class='ocrx_word' id='word_1_197' title='bbox 872 3326 912 3361; x_wconf 41' lang='grc' dir='ltr'><strong><em>θ</em></strong></span> 
     </span>
    </p>

    <p class='ocr_par' dir='ltr' id='par_1_7' title="bbox 515 3366 1585 3734">
     <span class='ocr_line' id='line_1_39' title="bbox 585 3366 1585 3430; baseline 0.001 -16"><span class='ocrx_word' id='word_1_198' title='bbox 585 3370 680 3415; x_wconf 86' lang='grc'><strong>102</strong></span> <span class='ocrx_word' id='word_1_199' title='bbox 722 3367 818 3416; x_wconf 79' lang='lat' dir='ltr'><strong>Ubi</strong></span> <span class='ocrx_word' id='word_1_200' title='bbox 836 3384 932 3417; x_wconf 77' lang='lat' dir='ltr'><strong>non</strong></span> <span class='ocrx_word' id='word_1_201' title='bbox 951 3384 1060 3418; x_wconf 81' lang='lat' dir='ltr'><strong>vere</strong></span> <span class='ocrx_word' id='word_1_202' title='bbox 1080 3367 1287 3430; x_wconf 77' lang='lat' dir='ltr'><strong>vivitur]</strong></span> <span class='ocrx_word' id='word_1_203' title='bbox 1340 3366 1446 3417; x_wconf 88' lang='lat' dir='ltr'><strong>Ubi</strong></span> <span class='ocrx_word' id='word_1_204' title='bbox 1482 3381 1585 3416; x_wconf 89' lang='lat' dir='ltr'><strong>non</strong></span> 
     </span>
     <span class='ocr_line' id='line_1_40' title="bbox 515 3439 1585 3504; baseline 0.002 -15"><span class='ocrx_word' id='word_1_205' title='bbox 515 3439 721 3504; x_wconf 80' lang='lat' dir='ltr'><strong>integre</strong></span> <span class='ocrx_word' id='word_1_206' title='bbox 741 3443 848 3492; x_wconf 79' lang='lat' dir='ltr'><strong>vita</strong></span> <span class='ocrx_word' id='word_1_207' title='bbox 865 3444 1174 3504; x_wconf 81' lang='lat' dir='ltr'><strong>ostenditur,</strong></span> <span class='ocrx_word' id='word_1_208' title='bbox 1195 3442 1282 3491; x_wconf 90' lang='lat' dir='ltr'><strong>ubi</strong></span> <span class='ocrx_word' id='word_1_209' title='bbox 1298 3457 1400 3492; x_wconf 89' lang='lat' dir='ltr'><strong>non</strong></span> <span class='ocrx_word' id='word_1_210' title='bbox 1422 3442 1585 3491; x_wconf 87' lang='lat' dir='ltr'><strong>nuda·</strong></span> 
     </span>
     <span class='ocr_line' id='line_1_41' title="bbox 517 3517 1583 3582; baseline 0.005 -20"><span class='ocrx_word' id='word_1_211' title='bbox 517 3520 622 3576; x_wconf 84' lang='lat' dir='ltr'><strong>tur,</strong></span> <span class='ocrx_word' id='word_1_212' title='bbox 644 3525 705 3564; x_wconf 86' lang='lat' dir='ltr'><strong>ut</strong></span> <span class='ocrx_word' id='word_1_213' title='bbox 722 3518 836 3580; x_wconf 90' lang='lat' dir='ltr'><strong>quis</strong></span> <span class='ocrx_word' id='word_1_214' title='bbox 862 3519 1030 3581; x_wconf 82' lang='lat' dir='ltr'><strong>qualis</strong></span> <span class='ocrx_word' id='word_1_215' title='bbox 1051 3518 1138 3579; x_wconf 84' lang='lat' dir='ltr'><strong>sit,</strong></span> <span class='ocrx_word' id='word_1_216' title='bbox 1160 3517 1372 3581; x_wconf 77' lang='lat' dir='ltr'><strong>agnosci</strong></span> <span class='ocrx_word' id='word_1_217' title='bbox 1407 3525 1583 3582; x_wconf 83' lang='lat' dir='ltr'><strong>queat.</strong></span> 
     </span>
     <span class='ocr_line' id='line_1_42' title="bbox 518 3592 837 3655; baseline 0 -16"><span class='ocrx_word' id='word_1_218' title='bbox 518 3592 837 3655; x_wconf 72' lang='lat' dir='ltr'><strong>Eugropke&#39;us.</strong></span> 
     </span>
     <span class='ocr_line' id='line_1_43' title="bbox 525 3667 1583 3734; baseline 0.003 -18"><span class='ocrx_word' id='word_1_219' title='bbox 525 3702 532 3707; x_wconf 91' lang='lat'>-</span> <span class='ocrx_word' id='word_1_220' title='bbox 583 3667 695 3716; x_wconf 84' lang='lat' dir='ltr'><strong>Hoc</strong></span> <span class='ocrx_word' id='word_1_221' title='bbox 716 3668 785 3716; x_wconf 77' lang='lat' dir='ltr'><strong>ibi</strong></span> <span class='ocrx_word' id='word_1_222' title='bbox 802 3669 890 3732; x_wconf 80' lang='lat' dir='ltr'><strong>fit,</strong></span> <span class='ocrx_word' id='word_1_223' title='bbox 926 3668 1007 3717; x_wconf 70' lang='lat' dir='ltr'><strong>uhi</strong></span> <span class='ocrx_word' id='word_1_224' title='bbox 1038 3683 1262 3719; x_wconf 65' lang='lat' dir='ltr'><strong>neuwen-e</strong></span> <span class='ocrx_word' id='word_1_225' title='bbox 1283 3669 1483 3734; x_wconf 71' lang='lat' dir='ltr'><strong>vivitur]</strong></span> <span class='ocrx_word' id='word_1_226' title='bbox 1505 3670 1583 3720; x_wconf 68' lang='grc' dir='ltr'>«Ῐιι</span> 
     </span>
    </p>
   </div>
   <div class='ocr_carea' id='block_1_5' title="bbox 515 3742 1628 3811">
    <p class='ocr_par' dir='ltr' id='par_1_8' title="bbox 515 3742 1628 3811">
     <span class='ocr_line' id='line_1_44' title="bbox 515 3742 1628 3811; baseline 0.004 -19"><span class='ocrx_word' id='word_1_227' title='bbox 515 3742 773 3806; x_wconf 80' lang='lat' dir='ltr'><strong>aliquibus</strong></span> <span class='ocrx_word' id='word_1_228' title='bbox 797 3752 876 3792; x_wconf 91' lang='lat' dir='ltr'><strong>est</strong></span> <span class='ocrx_word' id='word_1_229' title='bbox 900 3745 987 3793; x_wconf 79' lang='lat' dir='ltr'><strong>hoc</strong></span> <span class='ocrx_word' id='word_1_230' title='bbox 1005 3744 1087 3808; x_wconf 77' lang='lat' dir='ltr'><strong>qui</strong></span> <span class='ocrx_word' id='word_1_231' title='bbox 1107 3745 1196 3809; x_wconf 81' lang='lat' dir='ltr'><strong>fit.</strong></span> <span class='ocrx_word' id='word_1_232' title='bbox 1227 3745 1279 3794; x_wconf 90' lang='lat' dir='ltr'><strong>in</strong></span> <span class='ocrx_word' id='word_1_233' title='bbox 1306 3746 1583 3811; x_wconf 91' lang='lat' dir='ltr'><strong>Bembino,</strong></span> <span class='ocrx_word' id='word_1_234' title='bbox 1625 3800 1628 3805; x_wconf 19' lang='grc' dir='ltr'><strong>Δ</strong></span> 
     </span>
    </p>
   </div>
   <div class='ocr_carea' id='block_1_6' title="bbox 510 3819 1580 4267">
    <p class='ocr_par' dir='ltr' id='par_1_9' title="bbox 513 3819 1070 3883">
     <span class='ocr_line' id='line_1_45' title="bbox 513 3819 1070 3883; baseline 0.004 -16"><span class='ocrx_word' id='word_1_235' title='bbox 513 3819 781 3883; x_wconf 77' lang='lat' dir='ltr'><strong>hocquefit.</strong></span> <span class='ocrx_word' id='word_1_236' title='bbox 819 3819 1070 3870; x_wconf 68' lang='lat' dir='ltr'><strong>Faernus.</strong></span> 
     </span>
    </p>

    <p class='ocr_par' dir='ltr' id='par_1_10' title="bbox 510 3895 1580 4267">
     <span class='ocr_line' id='line_1_46' title="bbox 581 3895 1578 3961; baseline 0.003 -17"><span class='ocrx_word' id='word_1_237' title='bbox 581 3897 779 3959; x_wconf 80' lang='lat' dir='ltr'><strong>Hocque</strong></span> <span class='ocrx_word' id='word_1_238' title='bbox 788 3895 858 3961; x_wconf 80' lang='lat' dir='ltr'><strong>fit</strong></span> <span class='ocrx_word' id='word_1_239' title='bbox 880 3897 961 3946; x_wconf 78' lang='lat' dir='ltr'><strong>ubi</strong></span> <span class='ocrx_word' id='word_1_240' title='bbox 985 3912 1079 3946; x_wconf 77' lang='lat' dir='ltr'><strong>non</strong></span> <span class='ocrx_word' id='word_1_241' title='bbox 1101 3911 1210 3947; x_wconf 80' lang='lat' dir='ltr'><strong>vere</strong></span> <span class='ocrx_word' id='word_1_242' title='bbox 1228 3896 1440 3960; x_wconf 75' lang='lat' dir='ltr'><strong>vivitur]</strong></span> <span class='ocrx_word' id='word_1_243' title='bbox 1474 3897 1578 3947; x_wconf 85' lang='lat' dir='ltr'><strong>Ge-</strong></span> 
     </span>
     <span class='ocr_line' id='line_1_47' title="bbox 510 3973 1578 4037; baseline 0.004 -17"><span class='ocrx_word' id='word_1_244' title='bbox 510 3985 638 4023; x_wconf 76' lang='lat' dir='ltr'><strong>nere</strong></span> <span class='ocrx_word' id='word_1_245' title='bbox 659 3973 899 4036; x_wconf 87' lang='lat' dir='ltr'><strong>loquendi</strong></span> <span class='ocrx_word' id='word_1_246' title='bbox 944 3973 1178 4037; x_wconf 84' lang='lat' dir='ltr'><strong>inprimis</strong></span> <span class='ocrx_word' id='word_1_247' title='bbox 1202 3974 1442 4037; x_wconf 83' lang='lat' dir='ltr'><strong>elegante</strong></span> <span class='ocrx_word' id='word_1_248' title='bbox 1477 3974 1578 4024; x_wconf 88' lang='lat' dir='ltr'><strong>uti-</strong></span> 
     </span>
     <span class='ocr_line' id='line_1_48' title="bbox 512 4049 1578 4113; baseline 0.001 -14"><span class='ocrx_word' id='word_1_249' title='bbox 512 4053 599 4099; x_wconf 81' lang='lat' dir='ltr'><strong>tur</strong></span> <span class='ocrx_word' id='word_1_250' title='bbox 633 4050 792 4098; x_wconf 85' lang='lat' dir='ltr'><strong>etiam</strong></span> <span class='ocrx_word' id='word_1_251' title='bbox 830 4050 955 4098; x_wconf 88' lang='lat' dir='ltr'><strong>alibi</strong></span> <span class='ocrx_word' id='word_1_252' title='bbox 985 4049 1179 4113; x_wconf 68' lang='lat' dir='ltr'><strong>poetaz</strong></span> <span class='ocrx_word' id='word_1_253' title='bbox 1214 4050 1316 4099; x_wconf 46' lang='lat' dir='ltr'><strong>“Id</strong></span> <span class='ocrx_word' id='word_1_254' title='bbox 1340 4064 1441 4100; x_wconf 88' lang='lat' dir='ltr'><strong>non</strong></span> <span class='ocrx_word' id='word_1_255' title='bbox 1463 4050 1578 4100; x_wconf 84' lang='lat' dir='ltr'><strong>fieri</strong></span> 
     </span>
     <span class='ocr_line' id='line_1_49' title="bbox 511 4126 1580 4192; baseline 0.006 -20"><span class='ocrx_word' id='word_1_256' title='bbox 511 4137 576 4172; x_wconf 85' lang='lat' dir='ltr'><strong>ex</strong></span> <span class='ocrx_word' id='word_1_257' title='bbox 598 4141 724 4174; x_wconf 89' lang='lat' dir='ltr'><strong>vera</strong></span> <span class='ocrx_word' id='word_1_258' title='bbox 747 4126 882 4188; x_wconf 85' lang='lat' dir='ltr'><strong>vita,</strong></span> <span class='ocrx_word' id='word_1_259' title='bbox 903 4142 1071 4192; x_wconf 89' lang='lat' dir='ltr'><strong>neque</strong></span> <span class='ocrx_word' id='word_1_260' title='bbox 1097 4127 1229 4177; x_wconf 88' lang='lat' dir='ltr'><strong>adeo</strong></span> <span class='ocrx_word' id='word_1_261' title='bbox 1252 4142 1319 4176; x_wconf 81' lang='lat' dir='ltr'><strong>ex</strong></span> <span class='ocrx_word' id='word_1_262' title='bbox 1343 4141 1494 4192; x_wconf 76' lang='lat' dir='ltr'><strong>aequo</strong></span> <span class='ocrx_word' id='word_1_263' title='bbox 1524 4133 1580 4178; x_wconf 89' lang='lat' dir='ltr'><strong>et</strong></span> 
     </span>
     <span class='ocr_line' id='line_1_50' title="bbox 512 4199 1579 4267; baseline 0.004 -16"><span class='ocrx_word' id='word_1_264' title='bbox 512 4199 688 4251; x_wconf 59' lang='lat' dir='ltr'><strong>bono?</strong></span> <span class='ocrx_word' id='word_1_265' title='bbox 706 4200 818 4253; x_wconf 76' lang='lat' dir='ltr'><strong>Ad.</strong></span> <span class='ocrx_word' id='word_1_266' title='bbox 837 4218 892 4253; x_wconf 85' lang='lat' dir='ltr'><strong>v.</strong></span> <span class='ocrx_word' id='word_1_267' title='bbox 911 4209 963 4254; x_wconf 82' lang='lat'><strong>9.</strong></span> <span class='ocrx_word' id='word_1_268' title='bbox 980 4208 1062 4254; x_wconf 80' lang='grc'><strong>30.</strong></span> <span class='ocrx_word' id='word_1_269' title='bbox 1083 4204 1099 4232; x_wconf 76' lang='lat'><strong><em>⁴</em></strong></span> <span class='ocrx_word' id='word_1_270' title='bbox 1117 4205 1260 4254; x_wconf 87' lang='lat' dir='ltr'><strong>Vere</strong></span> <span class='ocrx_word' id='word_1_271' title='bbox 1282 4203 1499 4267; x_wconf 82' lang='lat' dir='ltr'><strong>vivere,&#39;</strong></span> <span class='ocrx_word' id='word_1_272' title='bbox 1521 4210 1579 4255; x_wconf 88' lang='lat' dir='ltr'><strong>et</strong></span> 
     </span>
    </p>
   </div>
   <div class='ocr_carea' id='block_1_7' title="bbox 419 4275 1576 4353">
    <p class='ocr_par' dir='ltr' id='par_1_11' title="bbox 419 4275 1576 4353">
     <span class='ocr_line' id='line_1_51' title="bbox 419 4275 1576 4353; baseline 0.007 -28"><span class='ocrx_word' id='word_1_273' title='bbox 419 4342 426 4353; x_wconf 27' lang='lat'><strong><em>⁴</em></strong></span> <span class='ocrx_word' id='word_1_274' title='bbox 513 4275 678 4329; x_wconf 55' lang='lat' dir='ltr'><strong>§vera</strong></span> <span class='ocrx_word' id='word_1_275' title='bbox 717 4279 865 4342; x_wconf 84' lang='lat' dir='ltr'><strong>vita,&#39;</strong></span> <span class='ocrx_word' id='word_1_276' title='bbox 912 4287 994 4337; x_wconf 82' lang='lat' dir='ltr'><strong>est</strong></span> <span class='ocrx_word' id='word_1_277' title='bbox 1023 4281 1083 4329; x_wconf 77' lang='grc' dir='ltr'><strong>τὸ</strong></span> <span class='ocrx_word' id='word_1_278' title='bbox 1133 4279 1268 4343; x_wconf 50' lang='grc' dir='ltr'><strong>μόγῳ</strong></span> <span class='ocrx_word' id='word_1_279' title='bbox 1316 4279 1424 4344; x_wconf 67' lang='grc' dir='ltr'><strong>ζῇν,</strong></span> <span class='ocrx_word' id='word_1_280' title='bbox 1472 4296 1576 4333; x_wconf 89' lang='lat' dir='ltr'><strong>non</strong></span> 
     </span>
    </p>
   </div>
   <div class='ocr_carea' id='block_1_8' title="bbox 1033 373 2060 430">
    <p class='ocr_par' dir='ltr' id='par_1_12' title="bbox 1033 337 2060 430">
     <span class='ocr_line' id='line_1_52' title="bbox 1033 373 2060 430; baseline 0.017 -17"><span class='ocrx_word' id='word_1_281' title='bbox 1033 385 1038 392; x_wconf 70' lang='grc'>·</span> <span class='ocrx_word' id='word_1_282' title='bbox 1121 407 1126 414; x_wconf 93' lang='grc'><strong>.</strong></span> <span class='ocrx_word' id='word_1_283' title='bbox 1195 373 1473 427; x_wconf 62' lang='lat' dir='ltr'><strong>nora</strong></span> <span class='ocrx_word' id='word_1_284' title='bbox 1524 373 2060 430; x_wconf 53' lang='lat' dir='ltr'><strong>mantuanum</strong></span> 
     </span>
    </p>
   </div>
   <div class='ocr_carea' id='block_1_9' title="bbox 1686 517 2749 786">
    <p class='ocr_par' dir='ltr' id='par_1_13' title="bbox 1686 517 2748 740">
     <span class='ocr_line' id='line_1_53' title="bbox 1689 517 2748 588; baseline 0 -17"><span class='ocrx_word' id='word_1_285' title='bbox 1689 521 1926 583; x_wconf 73' lang='lat' dir='ltr'><strong>lubidini,</strong></span> <span class='ocrx_word' id='word_1_286' title='bbox 1950 522 2043 573; x_wconf 87' lang='lat' dir='ltr'><strong>sed</strong></span> <span class='ocrx_word' id='word_1_287' title='bbox 2079 521 2265 574; x_wconf 80' lang='lat' dir='ltr'><strong>rationi</strong></span> <span class='ocrx_word' id='word_1_288' title='bbox 2282 521 2654 588; x_wconf 53' lang='lat' dir='ltr'><strong>obsequntem</strong></span> <span class='ocrx_word' id='word_1_289' title='bbox 2676 517 2748 572; x_wconf 85' lang='lat' dir='ltr'><strong>at&#39;-</strong></span> 
     </span>
     <span class='ocr_line' id='line_1_54' title="bbox 1688 596 2748 660; baseline -0.002 -13"><span class='ocrx_word' id='word_1_290' title='bbox 1688 596 1853 660; x_wconf 81' lang='lat' dir='ltr'><strong>fectu,</strong></span> <span class='ocrx_word' id='word_1_291' title='bbox 1895 597 1987 648; x_wconf 85' lang='lat' dir='ltr'><strong>sed</strong></span> <span class='ocrx_word' id='word_1_292' title='bbox 2012 599 2246 648; x_wconf 87' lang='lat' dir='ltr'><strong>-consilio</strong></span> <span class='ocrx_word' id='word_1_293' title='bbox 2293 599 2497 647; x_wconf 68' lang='lat' dir='ltr'><strong>vivere:</strong></span> <span class='ocrx_word' id='word_1_294' title='bbox 2556 598 2748 659; x_wconf 75' lang='lat' dir='ltr'><strong>Eugra-</strong></span> 
     </span>
     <span class='ocr_line' id='line_1_55' title="bbox 1686 673 2749 786; baseline 0.002 -65"><span class='ocrx_word' id='word_1_295' title='bbox 1686 675 1836 738; x_wconf 70' lang='lat' dir='ltr'><strong>pitius</strong></span> <span class='ocrx_word' id='word_1_296' title='bbox 1861 689 1960 723; x_wconf 88' lang='lat' dir='ltr'><strong>non</strong></span> <span class='ocrx_word' id='word_1_297' title='bbox 1978 675 2275 786; x_wconf 79' lang='lat' dir='ltr'><strong>assequitur</strong></span> <span class='ocrx_word' id='word_1_298' title='bbox 2294 675 2523 724; x_wconf 87' lang='lat' dir='ltr'><strong>mentem</strong></span> <span class='ocrx_word' id='word_1_299' title='bbox 2551 673 2749 724; x_wconf 63' lang='lat' dir='ltr'><strong>Poeta.</strong></span> 
     </span>
    </p>
   </div>
   <div class='ocr_carea' id='block_1_10' title="bbox 1684 752 2750 924">
    <p class='ocr_par' dir='ltr' id='par_1_14' title="bbox 1684 752 2725 891">
     <span class='ocr_line' id='line_1_56' title="bbox 1684 752 1950 801; baseline 0 -1"><span class='ocrx_word' id='word_1_300' title='bbox 1684 752 1950 801; x_wconf 75' lang='lat' dir='ltr'><strong>Boeclerus.</strong></span> 
     </span>
     <span class='ocr_line' id='line_1_57' title="bbox 1694 825 2750 924; baseline -0.003 -47"><span class='ocrx_word' id='word_1_301' title='bbox 1694 855 1699 858; x_wconf 97' lang='lat'>-</span> <span class='ocrx_word' id='word_1_302' title='bbox 1747 831 1842 877; x_wconf 75' lang='grc'><strong>103</strong></span> <span class='ocrx_word' id='word_1_303' title='bbox 1870 828 2053 884; x_wconf 76' lang='lat' dir='ltr'><strong>Quanti</strong></span> <span class='ocrx_word' id='word_1_304' title='bbox 2082 826 2327 891; x_wconf 79' lang='lat' dir='ltr'><strong>penderes]</strong></span> <span class='ocrx_word' id='word_1_305' title='bbox 2367 828 2640 924; x_wconf 82' lang='lat' dir='ltr'><strong>Quantum</strong></span> <span class='ocrx_word' id='word_1_306' title='bbox 2677 825 2750 876; x_wconf 88' lang='lat' dir='ltr'><strong>di·</strong></span> 
     </span>
    </p>
   </div>
   <div class='ocr_carea' id='block_1_11' title="bbox 1680 904 2750 1036">
    <p class='ocr_par' dir='ltr' id='par_1_15' title="bbox 1680 904 2734 1031">
     <span class='ocr_line' id='line_1_58' title="bbox 1680 904 2256 967; baseline -0.002 -14"><span class='ocrx_word' id='word_1_307' title='bbox 1680 905 1889 967; x_wconf 76' lang='lat' dir='ltr'><strong>ligares.</strong></span> <span class='ocrx_word' id='word_1_308' title='bbox 1928 904 2256 967; x_wconf 77' lang='lat' dir='ltr'><strong>Eugraphius.</strong></span> 
     </span>
     <span class='ocr_line' id='line_1_59' title="bbox 1690 980 2750 1036; baseline -0.003 -6"><span class='ocrx_word' id='word_1_309' title='bbox 1690 1009 1695 1016; x_wconf 77' lang='lat'><em>‹</em></span> <span class='ocrx_word' id='word_1_310' title='bbox 1749 984 1843 1031; x_wconf 81' lang='grc'><strong>104</strong></span> <span class='ocrx_word' id='word_1_311' title='bbox 1868 980 1974 1031; x_wconf 81' lang='lat' dir='ltr'><strong>Nee</strong></span> <span class='ocrx_word' id='word_1_312' title='bbox 2006 981 2097 1029; x_wconf 72' lang='lat' dir='ltr'><strong>tibi</strong></span> <span class='ocrx_word' id='word_1_313' title='bbox 2130 982 2212 1028; x_wconf 79' lang='lat' dir='ltr'><strong>ille</strong></span> <span class='ocrx_word' id='word_1_314' title='bbox 2249 984 2318 1029; x_wconf 78' lang='lat' dir='ltr'><strong>est</strong></span> <span class='ocrx_word' id='word_1_315' title='bbox 2362 981 2554 1029; x_wconf 80' lang='lat' dir='ltr'><strong>eredere</strong></span> <span class='ocrx_word' id='word_1_316' title='bbox 2589 985 2750 1036; x_wconf 70' lang='lat' dir='ltr'><strong>aum.</strong></span> 
     </span>
    </p>
   </div>
   <div class='ocr_carea' id='block_1_12' title="bbox 1679 1055 2750 1123">
    <p class='ocr_par' dir='ltr' id='par_1_16' title="bbox 1679 1055 2750 1123">
     <span class='ocr_line' id='line_1_60' title="bbox 1679 1055 2750 1123; baseline -0.006 -15"><span class='ocrx_word' id='word_1_317' title='bbox 1679 1073 1784 1123; x_wconf 75' lang='lat' dir='ltr'><strong>quoe</strong></span> <span class='ocrx_word' id='word_1_318' title='bbox 1825 1064 1894 1107; x_wconf 74' lang='lat' dir='ltr'><strong>est</strong></span> <span class='ocrx_word' id='word_1_319' title='bbox 1937 1073 2122 1121; x_wconf 76' lang='lat' dir='ltr'><strong>oequum</strong></span> <span class='ocrx_word' id='word_1_320' title='bbox 2161 1055 2318 1120; x_wconf 70' lang='lat' dir='ltr'><strong>patri]</strong></span> <span class='ocrx_word' id='word_1_321' title='bbox 2362 1056 2551 1119; x_wconf 85' lang='lat' dir='ltr'><strong>Itaque</strong></span> <span class='ocrx_word' id='word_1_322' title='bbox 2600 1062 2750 1119; x_wconf 81' lang='lat' dir='ltr'><strong>pater</strong></span> 
     </span>
    </p>
   </div>
   <div class='ocr_carea' id='block_1_13' title="bbox 1600 1131 2752 1197">
    <p class='ocr_par' dir='ltr' id='par_1_17' title="bbox 1600 1131 2752 1197">
     <span class='ocr_line' id='line_1_61' title="bbox 1600 1131 2752 1197; baseline -0.004 -12"><span class='ocrx_word' id='word_1_323' title='bbox 1600 1159 1603 1164; x_wconf 92' lang='lat'><em>·</em></span> <span class='ocrx_word' id='word_1_324' title='bbox 1678 1136 1767 1185; x_wconf 88' lang='lat' dir='ltr'><strong>ille</strong></span> <span class='ocrx_word' id='word_1_325' title='bbox 1807 1136 2084 1185; x_wconf 88' lang='lat' dir='ltr'><strong>Plautinus</strong></span> <span class='ocrx_word' id='word_1_326' title='bbox 2111 1140 2390 1197; x_wconf 86' lang='lat' dir='ltr'><strong>tantopere</strong></span> <span class='ocrx_word' id='word_1_327' title='bbox 2426 1132 2621 1196; x_wconf 85' lang='lat' dir='ltr'><strong>probat</strong></span> <span class='ocrx_word' id='word_1_328' title='bbox 2658 1131 2752 1181; x_wconf 81' lang='lat' dir='ltr'><strong>filii</strong></span> 
     </span>
    </p>
   </div>
   <div class='ocr_carea' id='block_1_14' title="bbox 1665 1210 2757 2739">
    <p class='ocr_par' dir='ltr' id='par_1_18' title="bbox 1665 1210 2757 2739">
     <span class='ocr_line' id='line_1_62' title="bbox 1678 1210 2752 1274; baseline -0.003 -14"><span class='ocrx_word' id='word_1_329' title='bbox 1678 1211 1961 1274; x_wconf 84' lang='lat' dir='ltr'><strong>ingenium,</strong></span> <span class='ocrx_word' id='word_1_330' title='bbox 1996 1226 2143 1274; x_wconf 73' lang='grc' dir='ltr'>ᾳιιιιηι</span> <span class='ocrx_word' id='word_1_331' title='bbox 2180 1210 2224 1257; x_wconf 76' lang='lat' dir='ltr'><strong>is</strong></span> <span class='ocrx_word' id='word_1_332' title='bbox 2261 1210 2478 1271; x_wconf 71' lang='lat' dir='ltr'><strong>dig-uum,</strong></span> <span class='ocrx_word' id='word_1_333' title='bbox 2514 1210 2597 1258; x_wconf 79' lang='grc' dir='ltr'>σιιι·</span> <span class='ocrx_word' id='word_1_334' title='bbox 2624 1224 2752 1262; x_wconf 66' lang='grc' dir='ltr'><strong>,ωηο</strong></span> 
     </span>
     <span class='ocr_line' id='line_1_63' title="bbox 1675 1287 2751 1350; baseline -0.002 -13"><span class='ocrx_word' id='word_1_335' title='bbox 1675 1289 1904 1350; x_wconf 74' lang='lat' dir='ltr'><strong>cre‘deret,</strong></span> <span class='ocrx_word' id='word_1_336' title='bbox 1941 1287 2199 1348; x_wconf 76' lang='lat' dir='ltr'><strong>habuisset,</strong></span> <span class='ocrx_word' id='word_1_337' title='bbox 2258 1287 2375 1335; x_wconf 92' lang='lat' dir='ltr'><strong>loco</strong></span> <span class='ocrx_word' id='word_1_338' title='bbox 2417 1299 2599 1349; x_wconf 86' lang='lat' dir='ltr'><strong>quem·</strong></span> <span class='ocrx_word' id='word_1_339' title='bbox 2625 1294 2751 1335; x_wconf 86' lang='lat' dir='ltr'><strong>ante</strong></span> 
     </span>
     <span class='ocr_line' id='line_1_64' title="bbox 1677 1363 2750 1433; baseline -0.003 -14"><span class='ocrx_word' id='word_1_340' title='bbox 1677 1368 1930 1433; x_wconf 79' lang='lat' dir='ltr'><strong>coepimus</strong></span> <span class='ocrx_word' id='word_1_341' title='bbox 1961 1366 2203 1427; x_wconf 78' lang='lat' dir='ltr'><strong>laudare,</strong></span> <span class='ocrx_word' id='word_1_342' title='bbox 2226 1379 2292 1413; x_wconf 82' lang='lat' dir='ltr'><strong>ex</strong></span> <span class='ocrx_word' id='word_1_343' title='bbox 2317 1363 2572 1413; x_wconf 80' lang='lat' dir='ltr'><strong>Asinaria.</strong></span> <span class='ocrx_word' id='word_1_344' title='bbox 2593 1365 2750 1417; x_wconf 78' lang='lat' dir='ltr'><strong>Boecl.</strong></span> 
     </span>
     <span class='ocr_line' id='line_1_65' title="bbox 1743 1442 2757 1502; baseline -0.003 -8"><span class='ocrx_word' id='word_1_345' title='bbox 1743 1449 1837 1494; x_wconf 82' lang='lat'><strong>105</strong></span> <span class='ocrx_word' id='word_1_346' title='bbox 1877 1446 2014 1500; x_wconf 82' lang='lat' dir='ltr'><strong>Quod</strong></span> <span class='ocrx_word' id='word_1_347' title='bbox 2035 1443 2081 1493; x_wconf 80' lang='lat' dir='ltr'><strong>si</strong></span> <span class='ocrx_word' id='word_1_348' title='bbox 2113 1442 2469 1502; x_wconf 70' lang='lat' dir='ltr'><strong>esset-sactum,</strong></span> <span class='ocrx_word' id='word_1_349' title='bbox 2492 1442 2757 1491; x_wconf 66' lang='lat' dir='ltr'><strong>hecnam-</strong></span> 
     </span>
     <span class='ocr_line' id='line_1_66' title="bbox 1682 1521 2753 1587; baseline -0.005 -15"><span class='ocrx_word' id='word_1_350' title='bbox 1682 1522 1847 1587; x_wconf 75' lang='lat' dir='ltr'><strong>quum]</strong></span> <span class='ocrx_word' id='word_1_351' title='bbox 1880 1521 1938 1570; x_wconf 89' lang='lat' dir='ltr'><strong>Si</strong></span> <span class='ocrx_word' id='word_1_352' title='bbox 1977 1527 2154 1569; x_wconf 90' lang='lat' dir='ltr'><strong>autem</strong></span> <span class='ocrx_word' id='word_1_353' title='bbox 2190 1525 2249 1568; x_wconf 91' lang='lat' dir='ltr'><strong>tu</strong></span> <span class='ocrx_word' id='word_1_354' title='bbox 2284 1532 2456 1567; x_wconf 81' lang='lat' dir='ltr'><strong>mores</strong></span> <span class='ocrx_word' id='word_1_355' title='bbox 2493 1524 2753 1581; x_wconf 83' lang='lat' dir='ltr'><strong>tnos‚.aut</strong></span> 
     </span>
     <span class='ocr_line' id='line_1_67' title="bbox 1678 1592 2755 1663; baseline -0.006 -14"><span class='ocrx_word' id='word_1_356' title='bbox 1678 1601 1767 1649; x_wconf 83' lang='lat' dir='ltr'><strong>ilie</strong></span> <span class='ocrx_word' id='word_1_357' title='bbox 1797 1598 1893 1649; x_wconf 87' lang='lat' dir='ltr'><strong>tibi</strong></span> <span class='ocrx_word' id='word_1_358' title='bbox 1912 1598 2084 1663; x_wconf 84' lang='lat' dir='ltr'><strong>qualis</strong></span> <span class='ocrx_word' id='word_1_359' title='bbox 2120 1602 2278 1659; x_wconf 83' lang='lat' dir='ltr'><strong>esset,</strong></span> <span class='ocrx_word' id='word_1_360' title='bbox 2315 1592 2647 1657; x_wconf 79' lang='lat' dir='ltr'><strong>ostenderet,</strong></span> <span class='ocrx_word' id='word_1_361' title='bbox 2679 1592 2755 1643; x_wconf 59' lang='lat' dir='ltr'><strong>faa</strong></span> 
     </span>
     <span class='ocr_line' id='line_1_68' title="bbox 1680 1672 2751 1734; baseline -0.006 -8"><span class='ocrx_word' id='word_1_362' title='bbox 1680 1677 1783 1726; x_wconf 90' lang='lat' dir='ltr'><strong>cile</strong></span> <span class='ocrx_word' id='word_1_363' title='bbox 1826 1675 2035 1725; x_wconf 85' lang='lat' dir='ltr'><strong>ad-hoc</strong></span> <span class='ocrx_word' id='word_1_364' title='bbox 2075 1672 2390 1722; x_wconf 81' lang='lat' dir='ltr'><strong>calamitatis</strong></span> <span class='ocrx_word' id='word_1_365' title='bbox 2435 1684 2599 1734; x_wconf 75' lang='lat' dir='ltr'><strong>genua</strong></span> <span class='ocrx_word' id='word_1_366' title='bbox 2647 1685 2751 1720; x_wconf 92' lang='lat' dir='ltr'><strong>non</strong></span> 
     </span>
     <span class='ocr_line' id='line_1_69' title="bbox 1673 1750 2641 1818; baseline -0.015 -13"><span class='ocrx_word' id='word_1_367' title='bbox 1673 1753 2045 1818; x_wconf 79' lang='lat' dir='ltr'><strong>perveniretis.</strong></span> <span class='ocrx_word' id='word_1_368' title='bbox 2084 1750 2411 1814; x_wconf 67' lang='lat' dir='ltr'><strong>Engo-ophitis.</strong></span> <span class='ocrx_word' id='word_1_369' title='bbox 2638 1785 2641 1790; x_wconf 89' lang='lat'><strong>.</strong></span> 
     </span>
     <span class='ocr_line' id='line_1_70' title="bbox 1681 1827 2750 1892; baseline -0.006 -10"><span class='ocrx_word' id='word_1_370' title='bbox 1681 1865 1690 1873; x_wconf 89' lang='lat'>-</span> <span class='ocrx_word' id='word_1_371' title='bbox 1741 1836 1837 1881; x_wconf 83' lang='grc'><strong>106</strong></span> <span class='ocrx_word' id='word_1_372' title='bbox 1867 1830 1948 1880; x_wconf 71' lang='lat' dir='ltr'><strong>Ita</strong></span> <span class='ocrx_word' id='word_1_373' title='bbox 1967 1844 2045 1879; x_wconf 80' lang='lat' dir='ltr'><strong>res</strong></span> <span class='ocrx_word' id='word_1_374' title='bbox 2063 1827 2439 1891; x_wconf 80' lang='lat' dir='ltr'><strong>estJQuoniam</strong></span> <span class='ocrx_word' id='word_1_375' title='bbox 2463 1832 2750 1892; x_wconf 71' lang='lat' dir='ltr'><strong>utrumque</strong></span> 
     </span>
     <span class='ocr_line' id='line_1_71' title="bbox 1674 1901 2745 1973; baseline -0.002 -17"><span class='ocrx_word' id='word_1_376' title='bbox 1674 1901 2054 1973; x_wconf 86' lang='lat' dir='ltr'><strong>quodammodo</strong></span> <span class='ocrx_word' id='word_1_377' title='bbox 2091 1910 2448 1955; x_wconf 82' lang='lat' dir='ltr'><strong>accusaverat·</strong></span> <span class='ocrx_word' id='word_1_378' title='bbox 2465 1904 2745 1972; x_wconf 78' lang='lat' dir='ltr'><strong>Chremes,</strong></span> 
     </span>
     <span class='ocr_line' id='line_1_72' title="bbox 1677 1983 2747 2049; baseline -0.003 -15"><span class='ocrx_word' id='word_1_379' title='bbox 1677 1985 1812 2049; x_wconf 87' lang='lat' dir='ltr'><strong>quod</strong></span> <span class='ocrx_word' id='word_1_380' title='bbox 1847 1990 2035 2034; x_wconf 88' lang='lat' dir='ltr'><strong>neuter</strong></span> <span class='ocrx_word' id='word_1_381' title='bbox 2074 1983 2148 2032; x_wconf 90' lang='lat' dir='ltr'><strong>ibi</strong></span> <span class='ocrx_word' id='word_1_382' title='bbox 2183 1996 2356 2032; x_wconf 89' lang='lat' dir='ltr'><strong>mores</strong></span> <span class='ocrx_word' id='word_1_383' title='bbox 2398 1983 2747 2046; x_wconf 73' lang='lat' dir='ltr'><strong>ostendisset,</strong></span> 
     </span>
     <span class='ocr_line' id='line_1_73' title="bbox 1675 2059 2745 2124; baseline 0 -14"><span class='ocrx_word' id='word_1_384' title='bbox 1675 2076 1823 2110; x_wconf 87' lang='lat' dir='ltr'><strong>omne</strong></span> <span class='ocrx_word' id='word_1_385' title='bbox 1859 2061 2053 2111; x_wconf 87' lang='lat' dir='ltr'><strong>crimen</strong></span> <span class='ocrx_word' id='word_1_386' title='bbox 2093 2060 2268 2124; x_wconf 89' lang='lat' dir='ltr'><strong>potius</strong></span> <span class='ocrx_word' id='word_1_387' title='bbox 2306 2059 2512 2108; x_wconf 86' lang='lat' dir='ltr'><strong>derivat</strong></span> <span class='ocrx_word' id='word_1_388' title='bbox 2538 2075 2745 2121; x_wconf 74' lang='lat' dir='ltr'><strong>-senex,</strong></span> 
     </span>
     <span class='ocr_line' id='line_1_74' title="bbox 1673 2136 2749 2201; baseline 0 -14"><span class='ocrx_word' id='word_1_389' title='bbox 1673 2154 1736 2188; x_wconf 88' lang='lat' dir='ltr'><strong>ac</strong></span> <span class='ocrx_word' id='word_1_390' title='bbox 1758 2138 1907 2200; x_wconf 84' lang='lat' dir='ltr'><strong>dicit,</strong></span> <span class='ocrx_word' id='word_1_391' title='bbox 1925 2139 2117 2200; x_wconf 82' lang='lat' dir='ltr'><strong>fateor,</strong></span> <span class='ocrx_word' id='word_1_392' title='bbox 2141 2142 2384 2201; x_wconf 77' lang='lat' dir='ltr'><strong>peecatum</strong></span> <span class='ocrx_word' id='word_1_393' title='bbox 2414 2151 2463 2188; x_wconf 85' lang='grc' dir='ltr'><strong>ιι</strong></span> <span class='ocrx_word' id='word_1_394' title='bbox 2481 2151 2565 2185; x_wconf 78' lang='lat' dir='ltr'><strong>me</strong></span> <span class='ocrx_word' id='word_1_395' title='bbox 2588 2136 2749 2187; x_wconf 78' lang='lat' dir='ltr'><strong>maxi·</strong></span> 
     </span>
     <span class='ocr_line' id='line_1_75' title="bbox 1671 2214 2757 2268; baseline -0.001 -5"><span class='ocrx_word' id='word_1_396' title='bbox 1671 2230 1798 2263; x_wconf 79' lang='lat' dir='ltr'><strong>mum</strong></span> <span class='ocrx_word' id='word_1_397' title='bbox 1821 2219 1910 2264; x_wconf 81' lang='lat' dir='ltr'><strong>est.</strong></span> <span class='ocrx_word' id='word_1_398' title='bbox 1946 2214 2111 2268; x_wconf 89' lang='lat' dir='ltr'><strong>Idem.</strong></span> <span class='ocrx_word' id='word_1_399' title='bbox 2185 2241 2215 2264; x_wconf 82' lang='grc'><strong>.·</strong></span> <span class='ocrx_word' id='word_1_400' title='bbox 2752 2253 2757 2262; x_wconf 92' lang='grc'>.</span> 
     </span>
     <span class='ocr_line' id='line_1_76' title="bbox 1737 2289 2747 2354; baseline -0.002 -13"><span class='ocrx_word' id='word_1_401' title='bbox 1737 2292 1996 2341; x_wconf 77' lang='lat' dir='ltr'><strong>Peccatum</strong></span> <span class='ocrx_word' id='word_1_402' title='bbox 2028 2303 2075 2340; x_wconf 82' lang='lat' dir='ltr'><strong>a</strong></span> <span class='ocrx_word' id='word_1_403' title='bbox 2096 2303 2187 2339; x_wconf 89' lang='lat' dir='ltr'><strong>me</strong></span> <span class='ocrx_word' id='word_1_404' title='bbox 2202 2289 2466 2339; x_wconf 73' lang='lat' dir='ltr'><strong>maximam</strong></span> <span class='ocrx_word' id='word_1_405' title='bbox 2506 2289 2608 2354; x_wconf 73' lang='lat' dir='ltr'><strong>est]</strong></span> <span class='ocrx_word' id='word_1_406' title='bbox 2660 2290 2747 2339; x_wconf 87' lang='lat' dir='ltr'><strong>Ita</strong></span> 
     </span>
     <span class='ocr_line' id='line_1_77' title="bbox 1669 2367 2749 2419; baseline -0.003 0"><span class='ocrx_word' id='word_1_407' title='bbox 1669 2369 1803 2419; x_wconf 88' lang='lat' dir='ltr'><strong>liber</strong></span> <span class='ocrx_word' id='word_1_408' title='bbox 1836 2369 2117 2418; x_wconf 88' lang='lat' dir='ltr'><strong>Bembinus</strong></span> <span class='ocrx_word' id='word_1_409' title='bbox 2140 2372 2210 2415; x_wconf 89' lang='lat' dir='ltr'><strong>et</strong></span> <span class='ocrx_word' id='word_1_410' title='bbox 2243 2368 2579 2416; x_wconf 85' lang='lat' dir='ltr'><strong>Vaticanus.</strong></span> <span class='ocrx_word' id='word_1_411' title='bbox 2628 2367 2749 2416; x_wconf 86' lang='lat' dir='ltr'><strong>Vic-</strong></span> 
     </span>
     <span class='ocr_line' id='line_1_78' title="bbox 1672 2441 2747 2507; baseline -0.005 -12"><span class='ocrx_word' id='word_1_412' title='bbox 1672 2445 1907 2496; x_wconf 87' lang='lat' dir='ltr'><strong>torianus</strong></span> <span class='ocrx_word' id='word_1_413' title='bbox 1933 2458 2077 2506; x_wconf 84' lang='lat' dir='ltr'><strong>vero,</strong></span> <span class='ocrx_word' id='word_1_414' title='bbox 2112 2443 2338 2493; x_wconf 68' lang='lat' dir='ltr'><strong>maxime.</strong></span> <span class='ocrx_word' id='word_1_415' title='bbox 2377 2442 2565 2507; x_wconf 89' lang='lat' dir='ltr'><strong>priore·</strong></span> <span class='ocrx_word' id='word_1_416' title='bbox 2586 2441 2747 2491; x_wconf 78' lang='lat' dir='ltr'><strong>modo</strong></span> 
     </span>
     <span class='ocr_line' id='line_1_79' title="bbox 1665 2517 2747 2585; baseline -0.005 -15"><span class='ocrx_word' id='word_1_417' title='bbox 1665 2527 1910 2585; x_wconf 78' lang='lat' dir='ltr'><strong>peccatum</strong></span> <span class='ocrx_word' id='word_1_418' title='bbox 1931 2534 2116 2569; x_wconf 89' lang='lat' dir='ltr'><strong>nomen</strong></span> <span class='ocrx_word' id='word_1_419' title='bbox 2136 2528 2221 2568; x_wconf 88' lang='lat' dir='ltr'><strong>est</strong></span> <span class='ocrx_word' id='word_1_420' title='bbox 2238 2537 2259 2580; x_wconf 67' lang='lat'>3</span> <span class='ocrx_word' id='word_1_421' title='bbox 2290 2526 2349 2567; x_wconf 88' lang='lat' dir='ltr'><strong>ut</strong></span> <span class='ocrx_word' id='word_1_422' title='bbox 2371 2517 2442 2566; x_wconf 88' lang='lat' dir='ltr'><strong>sit</strong></span> <span class='ocrx_word' id='word_1_423' title='bbox 2463 2528 2654 2566; x_wconf 78' lang='lat' dir='ltr'><strong>sensus</strong></span> <span class='ocrx_word' id='word_1_424' title='bbox 2674 2535 2691 2566; x_wconf 73' lang='grc' dir='ltr'><strong>ι</strong></span> <span class='ocrx_word' id='word_1_425' title='bbox 2714 2533 2747 2565; x_wconf 80' lang='lat' dir='ltr'><strong>a</strong></span> 
     </span>
     <span class='ocr_line' id='line_1_80' title="bbox 1669 2594 2746 2665; baseline -0.004 -18"><span class='ocrx_word' id='word_1_426' title='bbox 1669 2613 1774 2661; x_wconf 86' lang='lat' dir='ltr'><strong>me,</strong></span> <span class='ocrx_word' id='word_1_427' title='bbox 1807 2599 1860 2648; x_wconf 90' lang='lat' dir='ltr'><strong>id</strong></span> <span class='ocrx_word' id='word_1_428' title='bbox 1876 2603 2000 2665; x_wconf 79' lang='lat' dir='ltr'><strong>eet,</strong></span> <span class='ocrx_word' id='word_1_429' title='bbox 2039 2612 2070 2646; x_wconf 80' lang='lat' dir='ltr'><strong>a</strong></span> <span class='ocrx_word' id='word_1_430' title='bbox 2111 2603 2262 2659; x_wconf 89' lang='lat' dir='ltr'><strong>parte</strong></span> <span class='ocrx_word' id='word_1_431' title='bbox 2301 2609 2417 2644; x_wconf 87' lang='lat' dir='ltr'><strong>mea</strong></span> <span class='ocrx_word' id='word_1_432' title='bbox 2459 2594 2746 2643; x_wconf 86' lang='lat' dir='ltr'><strong>maximum</strong></span> 
     </span>
     <span class='ocr_line' id='line_1_81' title="bbox 1671 2658 2750 2739; baseline -0.006 -14"><span class='ocrx_word' id='word_1_433' title='bbox 1671 2658 1948 2739; x_wconf 83' lang='lat' dir='ltr'><strong>peccatum</strong></span> <span class='ocrx_word' id='word_1_434' title='bbox 1986 2665 2268 2724; x_wconf 82' lang='lat' dir='ltr'><strong>invenitur.</strong></span> <span class='ocrx_word' id='word_1_435' title='bbox 2300 2670 2613 2735; x_wconf 81' lang='lat' dir='ltr'><strong>posteriore</strong></span> <span class='ocrx_word' id='word_1_436' title='bbox 2622 2685 2750 2735; x_wconf 81' lang='lat' dir='ltr'><strong>par·</strong></span> 
     </span>
    </p>
   </div>
   <div class='ocr_carea' id='block_1_15' title="bbox 1672 2750 2742 2889">
    <p class='ocr_par' dir='ltr' id='par_1_19' title="bbox 1672 2750 2742 2888">
     <span class='ocr_line' id='line_1_82' title="bbox 1672 2750 2193 2815; baseline -0.002 -16"><span class='ocrx_word' id='word_1_437' title='bbox 1672 2750 1925 2815; x_wconf 89' lang='lat' dir='ltr'><strong>ticipium.</strong></span> <span class='ocrx_word' id='word_1_438' title='bbox 1957 2750 2193 2800; x_wconf 77' lang='lat' dir='ltr'><strong>Fa&#39;e&#39;rnus.</strong></span> 
     </span>
     <span class='ocr_line' id='line_1_83' title="bbox 1739 2823 2742 2889; baseline -0.002 -13"><span class='ocrx_word' id='word_1_439' title='bbox 1739 2830 1831 2876; x_wconf 86' lang='grc'><strong>107</strong></span> <span class='ocrx_word' id='word_1_440' title='bbox 1846 2824 2152 2889; x_wconf 79' lang='lat' dir='ltr'><strong>Menedeme]</strong></span> <span class='ocrx_word' id='word_1_441' title='bbox 2169 2823 2255 2875; x_wconf 90' lang='lat' dir='ltr'><strong>Ad</strong></span> <span class='ocrx_word' id='word_1_442' title='bbox 2277 2838 2573 2888; x_wconf 83' lang='lat' dir='ltr'><strong>personam.</strong></span> <span class='ocrx_word' id='word_1_443' title='bbox 2618 2824 2742 2874; x_wconf 83' lang='lat' dir='ltr'><strong>Hoc</strong></span> 
     </span>
    </p>
   </div>
   <div class='ocr_carea' id='block_1_16' title="bbox 1639 2901 2745 4346">
    <p class='ocr_par' dir='ltr' id='par_1_20' title="bbox 1663 2901 2745 3271">
     <span class='ocr_line' id='line_1_84' title="bbox 1670 2901 2745 2967; baseline -0.002 -15"><span class='ocrx_word' id='word_1_444' title='bbox 1670 2918 1745 2953; x_wconf 83' lang='lat' dir='ltr'><strong>ex</strong></span> <span class='ocrx_word' id='word_1_445' title='bbox 1760 2903 1863 2952; x_wconf 88' lang='lat' dir='ltr'><strong>illis</strong></span> <span class='ocrx_word' id='word_1_446' title='bbox 1887 2918 2002 2967; x_wconf 79' lang='lat' dir='ltr'><strong>quae</strong></span> <span class='ocrx_word' id='word_1_447' title='bbox 2014 2917 2182 2966; x_wconf 83' lang='lat' dir='ltr'><strong>supra</strong></span> <span class='ocrx_word' id='word_1_448' title='bbox 2199 2901 2469 2966; x_wconf 86' lang='lat' dir='ltr'><strong>promisit.</strong></span> <span class='ocrx_word' id='word_1_449' title='bbox 2505 2901 2745 2950; x_wconf 72' lang='lat' dir='ltr'><strong>inveniet</strong></span> 
     </span>
     <span class='ocr_line' id='line_1_85' title="bbox 1668 2978 2741 3045; baseline -0.003 -17"><span class='ocrx_word' id='word_1_450' title='bbox 1668 2979 1806 3045; x_wconf 90' lang='lat' dir='ltr'><strong>quod</strong></span> <span class='ocrx_word' id='word_1_451' title='bbox 1833 2978 2058 3040; x_wconf 82' lang='lat' dir='ltr'><strong>adferat,</strong></span> <span class='ocrx_word' id='word_1_452' title='bbox 2076 2979 2282 3028; x_wconf 86' lang='lat' dir='ltr'><strong>seilicet</strong></span> <span class='ocrx_word' id='word_1_453' title='bbox 2303 2978 2741 3039; x_wconf 77' lang='lat' dir='ltr'><strong>consolationem.</strong></span> 
     </span>
     <span class='ocr_line' id='line_1_86' title="bbox 1667 3055 2743 3123; baseline -0.002 -17"><span class='ocrx_word' id='word_1_454' title='bbox 1667 3056 1921 3120; x_wconf 80' lang='lat' dir='ltr'><strong>siquidem</strong></span> <span class='ocrx_word' id='word_1_455' title='bbox 1966 3056 2123 3106; x_wconf 86' lang='lat' dir='ltr'><strong>dicit:</strong></span> <span class='ocrx_word' id='word_1_456' title='bbox 2143 3056 2310 3123; x_wconf 77' lang='lat' dir='ltr'><strong>filium</strong></span> <span class='ocrx_word' id='word_1_457' title='bbox 2345 3055 2627 3114; x_wconf 76' lang='lat' dir='ltr'><strong>adfuturum</strong></span> <span class='ocrx_word' id='word_1_458' title='bbox 2661 3056 2743 3104; x_wconf 77' lang='grc' dir='ltr'><strong>Ιιίο</strong></span> 
     </span>
     <span class='ocr_line' id='line_1_87' title="bbox 1663 3131 2741 3196; baseline -0.001 -15"><span class='ocrx_word' id='word_1_459' title='bbox 1663 3132 1847 3196; x_wconf 79' lang='lat' dir='ltr'><strong>confido</strong></span> <span class='ocrx_word' id='word_1_460' title='bbox 1871 3132 2156 3196; x_wconf 79' lang='lat' dir='ltr'><strong>propediem.</strong></span> <span class='ocrx_word' id='word_1_461' title='bbox 2239 3131 2458 3195; x_wconf 73' lang='lat' dir='ltr'><strong>Confido,</strong></span> <span class='ocrx_word' id='word_1_462' title='bbox 2492 3131 2591 3181; x_wconf 87' lang='lat' dir='ltr'><strong>hoc</strong></span> <span class='ocrx_word' id='word_1_463' title='bbox 2634 3139 2741 3194; x_wconf 75' lang='lat' dir='ltr'><strong>eet,</strong></span> 
     </span>
     <span class='ocr_line' id='line_1_88' title="bbox 1663 3207 2562 3271; baseline 0.004 -14"><span class='ocrx_word' id='word_1_464' title='bbox 1663 3207 1908 3259; x_wconf 85' lang='lat' dir='ltr'><strong>fiduciam</strong></span> <span class='ocrx_word' id='word_1_465' title='bbox 1933 3224 2090 3271; x_wconf 86' lang='lat' dir='ltr'><strong>gero..</strong></span> <span class='ocrx_word' id='word_1_466' title='bbox 2110 3209 2438 3271; x_wconf 78' lang='lat' dir='ltr'><strong>Eugraphius.</strong></span> <span class='ocrx_word' id='word_1_467' title='bbox 2552 3253 2562 3261; x_wconf 93' lang='lat'><strong>.</strong></span> 
     </span>
    </p>

    <p class='ocr_par' dir='ltr' id='par_1_21' title="bbox 1656 3285 2738 3812">
     <span class='ocr_line' id='line_1_89' title="bbox 1732 3285 2738 3346; baseline 0 -11"><span class='ocrx_word' id='word_1_468' title='bbox 1732 3290 1828 3335; x_wconf 91' lang='grc'><strong>108</strong></span> <span class='ocrx_word' id='word_1_469' title='bbox 1863 3287 1937 3335; x_wconf 80' lang='lat' dir='ltr'><strong>Et</strong></span> <span class='ocrx_word' id='word_1_470' title='bbox 1972 3287 2109 3335; x_wconf 76' lang='lat' dir='ltr'><strong>illum</strong></span> <span class='ocrx_word' id='word_1_471' title='bbox 2147 3286 2237 3336; x_wconf 77' lang='lat' dir='ltr'><strong>tibi</strong></span> <span class='ocrx_word' id='word_1_472' title='bbox 2271 3287 2456 3335; x_wconf 77' lang='lat' dir='ltr'><strong>salvum</strong></span> <span class='ocrx_word' id='word_1_473' title='bbox 2482 3285 2599 3346; x_wconf 72' lang='lat' dir='ltr'><strong>ads.</strong></span> <span class='ocrx_word' id='word_1_474' title='bbox 2637 3300 2738 3335; x_wconf 65' lang='lat' dir='ltr'><strong>esee</strong></span> 
     </span>
     <span class='ocr_line' id='line_1_90' title="bbox 1660 3361 2737 3426; baseline -0.002 -16"><span class='ocrx_word' id='word_1_475' title='bbox 1660 3361 1740 3411; x_wconf 76' lang='lat' dir='ltr'><strong>hie</strong></span> <span class='ocrx_word' id='word_1_476' title='bbox 1751 3361 1878 3423; x_wconf 75' lang='lat' dir='ltr'><strong>conf.</strong></span> <span class='ocrx_word' id='word_1_477' title='bbox 1892 3361 2184 3426; x_wconf 78' lang='lat' dir='ltr'><strong>propediem]</strong></span> <span class='ocrx_word' id='word_1_478' title='bbox 2205 3362 2530 3416; x_wconf 77' lang='lat' dir='ltr'><strong>OEconomioe</strong></span> <span class='ocrx_word' id='word_1_479' title='bbox 2556 3363 2737 3412; x_wconf 78' lang='lat' dir='ltr'><strong>servit.</strong></span> 
     </span>
     <span class='ocr_line' id='line_1_91' title="bbox 1662 3436 2736 3504; baseline 0.001 -17"><span class='ocrx_word' id='word_1_480' title='bbox 1662 3439 1987 3503; x_wconf 60' lang='lat' dir='ltr'><strong>praedicitur,</strong></span> <span class='ocrx_word' id='word_1_481' title='bbox 2028 3439 2165 3504; x_wconf 86' lang='lat' dir='ltr'><strong>quod</strong></span> <span class='ocrx_word' id='word_1_482' title='bbox 2198 3454 2318 3489; x_wconf 85' lang='lat' dir='ltr'><strong>mox</strong></span> <span class='ocrx_word' id='word_1_483' title='bbox 2355 3436 2597 3488; x_wconf 83' lang='lat' dir='ltr'><strong>futurum</strong></span> <span class='ocrx_word' id='word_1_484' title='bbox 2633 3445 2736 3488; x_wconf 82' lang='lat' dir='ltr'><strong>est.</strong></span> 
     </span>
     <span class='ocr_line' id='line_1_92' title="bbox 1661 3517 2734 3582; baseline -0.003 -15"><span class='ocrx_word' id='word_1_485' title='bbox 1661 3517 1875 3579; x_wconf 86' lang='lat' dir='ltr'><strong>accidit,</strong></span> <span class='ocrx_word' id='word_1_486' title='bbox 1895 3532 1996 3582; x_wconf 92' lang='lat' dir='ltr'><strong>quo</strong></span> <span class='ocrx_word' id='word_1_487' title='bbox 2019 3518 2243 3566; x_wconf 87' lang='lat' dir='ltr'><strong>maxime</strong></span> <span class='ocrx_word' id='word_1_488' title='bbox 2254 3522 2579 3579; x_wconf 39' lang='lat' dir='ltr'><strong>,expectatur</strong></span> <span class='ocrx_word' id='word_1_489' title='bbox 2600 3522 2734 3565; x_wconf 89' lang='lat' dir='ltr'><strong>tem·</strong></span> 
     </span>
     <span class='ocr_line' id='line_1_93' title="bbox 1660 3592 2731 3659; baseline -0.004 -15"><span class='ocrx_word' id='word_1_490' title='bbox 1660 3609 1805 3658; x_wconf 88' lang='lat' dir='ltr'><strong>pore.</strong></span> <span class='ocrx_word' id='word_1_491' title='bbox 1843 3595 2023 3659; x_wconf 89' lang='lat' dir='ltr'><strong>itaque</strong></span> <span class='ocrx_word' id='word_1_492' title='bbox 2047 3601 2226 3643; x_wconf 82' lang='lat' dir='ltr'><strong>votum</strong></span> <span class='ocrx_word' id='word_1_493' title='bbox 2262 3594 2437 3643; x_wconf 83' lang='lat' dir='ltr'><strong>miseri</strong></span> <span class='ocrx_word' id='word_1_494' title='bbox 2475 3592 2731 3657; x_wconf 66' lang='lat' dir='ltr'><strong>parentib,</strong></span> 
     </span>
     <span class='ocr_line' id='line_1_94' title="bbox 1656 3670 2730 3732; baseline 0.002 -14"><span class='ocrx_word' id='word_1_495' title='bbox 1656 3670 1842 3720; x_wconf 70' lang='lat' dir='ltr'><strong>utinam</strong></span> <span class='ocrx_word' id='word_1_496' title='bbox 1883 3673 1956 3720; x_wconf 79' lang='lat' dir='ltr'><strong>ita</strong></span> <span class='ocrx_word' id='word_1_497' title='bbox 1997 3670 2071 3719; x_wconf 73' lang='lat' dir='ltr'><strong>dia·</strong></span> <span class='ocrx_word' id='word_1_498' title='bbox 2098 3670 2303 3732; x_wconf 71' lang='lat' dir='ltr'><strong>faxint,</strong></span> <span class='ocrx_word' id='word_1_499' title='bbox 2335 3670 2482 3720; x_wconf 78' lang='grc' dir='ltr'><strong><em>πόθος</em></strong></span> <span class='ocrx_word' id='word_1_500' title='bbox 2519 3672 2730 3725; x_wconf 69' lang='lat' dir='ltr'><strong>theatro</strong></span> 
     </span>
     <span class='ocr_line' id='line_1_95' title="bbox 1657 3748 2609 3812; baseline 0.001 -16"><span class='ocrx_word' id='word_1_501' title='bbox 1657 3755 1926 3811; x_wconf 84' lang='lat' dir='ltr'><strong>praeparat</strong></span> <span class='ocrx_word' id='word_1_502' title='bbox 1947 3748 1999 3796; x_wconf 91' lang='lat' dir='ltr'><strong>in</strong></span> <span class='ocrx_word' id='word_1_503' title='bbox 2017 3749 2308 3812; x_wconf 82' lang='lat' dir='ltr'><strong>sequentia.</strong></span> <span class='ocrx_word' id='word_1_504' title='bbox 2343 3749 2609 3797; x_wconf 70' lang='lat' dir='ltr'><strong>Boeclem.</strong></span> 
     </span>
    </p>

    <p class='ocr_par' dir='ltr' id='par_1_22' title="bbox 1639 3824 2727 4346">
     <span class='ocr_line' id='line_1_96' title="bbox 1666 3824 2727 3888; baseline -0.001 -16"><span class='ocrx_word' id='word_1_505' title='bbox 1666 3848 1691 3865; x_wconf 53' lang='grc' dir='ltr'>ω</span> <span class='ocrx_word' id='word_1_506' title='bbox 1725 3826 1821 3874; x_wconf 87' lang='grc'><strong>109</strong></span> <span class='ocrx_word' id='word_1_507' title='bbox 1846 3824 2045 3874; x_wconf 77' lang='lat' dir='ltr'><strong>Utinam</strong></span> <span class='ocrx_word' id='word_1_508' title='bbox 2065 3825 2116 3873; x_wconf 70' lang='lat' dir='ltr'><strong>dc·</strong></span> <span class='ocrx_word' id='word_1_509' title='bbox 2139 3825 2213 3874; x_wconf 77' lang='lat' dir='ltr'><strong>ita</strong></span> <span class='ocrx_word' id='word_1_510' title='bbox 2225 3824 2423 3888; x_wconf 75' lang='lat' dir='ltr'><strong>faxint]</strong></span> <span class='ocrx_word' id='word_1_511' title='bbox 2443 3824 2727 3875; x_wconf 80' lang='lat' dir='ltr'><strong>Bembinus</strong></span> 
     </span>
     <span class='ocr_line' id='line_1_97' title="bbox 1652 3898 2727 3957; baseline 0.001 -10"><span class='ocrx_word' id='word_1_512' title='bbox 1652 3898 1790 3948; x_wconf 90' lang='lat' dir='ltr'><strong>liber</strong></span> <span class='ocrx_word' id='word_1_513' title='bbox 1831 3907 1886 3950; x_wconf 89' lang='lat' dir='ltr'><strong>et</strong></span> <span class='ocrx_word' id='word_1_514' title='bbox 1921 3901 2272 3957; x_wconf 84' lang='lat' dir='ltr'><strong>Victorianus,</strong></span> <span class='ocrx_word' id='word_1_515' title='bbox 2320 3901 2520 3955; x_wconf 64' lang='lat' dir='ltr'><strong>Uchium</strong></span> <span class='ocrx_word' id='word_1_516' title='bbox 2554 3901 2636 3950; x_wconf 75' lang='lat' dir='ltr'><strong>‚ita</strong></span> <span class='ocrx_word' id='word_1_517' title='bbox 2670 3899 2727 3948; x_wconf 67' lang='lat' dir='ltr'><strong>aa·</strong></span> 
     </span>
     <span class='ocr_line' id='line_1_98' title="bbox 1639 3975 2720 4039; baseline 0 -14"><span class='ocrx_word' id='word_1_518' title='bbox 1639 3975 1834 4038; x_wconf 72' lang='lat' dir='ltr'><strong>faxint,</strong></span> <span class='ocrx_word' id='word_1_519' title='bbox 1855 3977 2070 4039; x_wconf 81' lang='lat' dir='ltr'><strong>meliore</strong></span> <span class='ocrx_word' id='word_1_520' title='bbox 2094 3977 2462 4037; x_wconf 88' lang='lat' dir='ltr'><strong>collocatione,</strong></span> <span class='ocrx_word' id='word_1_521' title='bbox 2486 3991 2584 4026; x_wconf 87' lang='lat' dir='ltr'><strong>nec</strong></span> <span class='ocrx_word' id='word_1_522' title='bbox 2606 3990 2720 4025; x_wconf 81' lang='lat' dir='ltr'><strong>ver-</strong></span> 
     </span>
     <span class='ocr_line' id='line_1_99' title="bbox 1653 4052 2721 4116; baseline 0 -15"><span class='ocrx_word' id='word_1_523' title='bbox 1653 4067 1712 4101; x_wconf 80' lang='lat' dir='ltr'><strong>su</strong></span> <span class='ocrx_word' id='word_1_524' title='bbox 1739 4059 2084 4116; x_wconf 84' lang='lat' dir='ltr'><strong>repugnante,</strong></span> <span class='ocrx_word' id='word_1_525' title='bbox 2118 4052 2160 4101; x_wconf 86' lang='lat' dir='ltr'><strong>si</strong></span> <span class='ocrx_word' id='word_1_526' title='bbox 2200 4053 2285 4102; x_wconf 88' lang='lat' dir='ltr'><strong>vel</strong></span> <span class='ocrx_word' id='word_1_527' title='bbox 2321 4053 2373 4101; x_wconf 91' lang='lat' dir='ltr'><strong>in</strong></span> <span class='ocrx_word' id='word_1_528' title='bbox 2397 4054 2616 4116; x_wconf 86' lang='lat' dir='ltr'><strong>primam</strong></span> <span class='ocrx_word' id='word_1_529' title='bbox 2636 4066 2721 4102; x_wconf 80' lang='lat' dir='ltr'><strong>se-</strong></span> 
     </span>
     <span class='ocr_line' id='line_1_100' title="bbox 1653 4129 2720 4192; baseline -0.001 -13"><span class='ocrx_word' id='word_1_530' title='bbox 1653 4129 1772 4179; x_wconf 87' lang='lat' dir='ltr'><strong>dem</strong></span> <span class='ocrx_word' id='word_1_531' title='bbox 1788 4129 2619 4192; x_wconf 72' lang='lat' dir='ltr'><strong>proceleusmaticusadmittatur,</strong></span> <span class='ocrx_word' id='word_1_532' title='bbox 2632 4129 2720 4178; x_wconf 84' lang='lat' dir='ltr'><strong>vel</strong></span> 
     </span>
     <span class='ocr_line' id='line_1_101' title="bbox 1652 4198 2719 4270; baseline 0.002 -17"><span class='ocrx_word' id='word_1_533' title='bbox 1652 4205 1872 4268; x_wconf 90' lang='lat' dir='ltr'><strong>primam</strong></span> <span class='ocrx_word' id='word_1_534' title='bbox 1897 4206 2046 4269; x_wconf 83' lang='lat' dir='ltr'><strong>hujus</strong></span> <span class='ocrx_word' id='word_1_535' title='bbox 2070 4198 2267 4256; x_wconf 31' lang='lat' dir='ltr'><strong>versus*</strong></span> <span class='ocrx_word' id='word_1_536' title='bbox 2285 4206 2548 4270; x_wconf 81' lang='lat' dir='ltr'><strong>syllabam·</strong></span> <span class='ocrx_word' id='word_1_537' title='bbox 2562 4203 2719 4256; x_wconf 77' lang='lat' dir='ltr'><strong>finem</strong></span> 
     </span>
     <span class='ocr_line' id='line_1_102' title="bbox 1650 4283 2573 4346; baseline -0.002 -12"><span class='ocrx_word' id='word_1_538' title='bbox 1650 4283 1997 4346; x_wconf 73' lang='lat' dir='ltr'><strong>praecedentis</strong></span> <span class='ocrx_word' id='word_1_539' title='bbox 2019 4284 2271 4337; x_wconf 62' lang='lat' dir='ltr'><strong>absumat.</strong></span> <span class='ocrx_word' id='word_1_540' title='bbox 2303 4330 2310 4338; x_wconf 82' lang='grc'><strong>.</strong></span> <span class='ocrx_word' id='word_1_541' title='bbox 2341 4283 2573 4336; x_wconf 57' lang='lat' dir='ltr'><strong>Faernus.</strong></span> 
     </span>
    </p>
   </div>
  </div>
 </body>
</html>
