3035 4941
543 423 714 489 1630

548 581 953 646 iutelligi,quam
977 593 1042 627 ex
1067 576 1401 628 contentione
1425 573 1607 623 Demi-

550 660 732 726 phonis
768 667 820 708 et
853 656 1110 706 Phaedriae
1155 668 1312 702 scena
1350 649 1610 715 sequenti.

549 736 684 801 quod
708 736 839 783 enim
858 733 1086 796 Antipho
1105 727 1437 790 subterfugit,
1456 727 1609 774 Phae-

550 814 663 862 dria
683 803 688 808 ’
710 811 868 876 probe
916 811 1154 873 implevit
1200 806 1445 856 officium.
1500 804 1613 852 Βω-

551 891 720 938 clerus.
1006 921 1009 924 π

615 971 680 1015 36
716 966 796 1014 Ne
817 968 865 1013 te
896 964 1050 1011 iratus
1084 960 1183 1009 suis
1215 957 1450 1007 soeridicis
1471 954 1615 1004 dictis

549 1041 772 1109 protelet]
826 1041 1096 1092 causalem
1136 1038 1239 1087 vim
1279 1037 1435 1085 habet
1478 1033 1612 1097 quod

553 1121 629 1170 ait
646 1121 764 1181 hoc,
784 1118 966 1166 iratus.-
997 1115 1096 1164 hoc
1130 1120 1228 1171 est,
1252 1113 1336 1176 qui
1374 1111 1439 1160 ob
1480 1124 1610 1174 prae·

552 1202 749 1247 sentem
774 1195 899 1243 iram
913 1191 1268 1240 vehementius
1287 1196 1457 1238 tecum
1475 1194 1614 1249 agat.

554 1274 768 1323 Protelet
790 1277 845 1318 et
870 1270 1101 1332 protelum
1122 1282 1151 1315 a
1171 1263 1263 1329 πρὺ
1284 1272 1339 1314 et
1363 1265 1490 1314 ἑλεῖν
1513 1262 1618 1311 dic-

555 1357 663 1397 tum
714 1354 812 1409 est,
856 1343 990 1408 quod
1036 1350 1118 1391 est
1158 1347 1290 1389 ante*
1311 1349 1369 1388 et
1414 1340 1615 1389 trahere.

558 1426 662 1476 Alii
685 1424 751 1473 ab
775 1421 979 1471 assiduo
1004 1420 1225 1468 telorum
1255 1418 1403 1481 jactu
1440 1415 1619 1464 existi-

557 1509 700 1552 mant
741 1500 861 1549 dici.
908 1505 967 1547 ut
1012 1495 1303 1557 Lucretiae,
1341 1496 1356 1523 ‘
1380 1493 1618 1556 Undique

559 1578 760 1643 protelo
814 1577 1081 1642 plagarum
1130 1568 1472 1631 continuato,’
1522 1569 1619 1616 hoc

558 1663 658 1715 est,
684 1662 880 1703 tenore.
914 1652 1153 1700 Donatus.

642 1728 874 1790 Protelet]
941 1725 1244 1786 Protrahat,
1309 1720 1623 1787 praeveniat,

560 1808 813 1870 exagitet.
849 1805 1001 1853 Idem.

570 1904 576 1909 ·
627 1880 926 1942 Soevidictis]
962 1877 1086 1940 Alii,
1106 1874 1342 1925 soevidicis
1362 1872 1523 1923 dietis.
1544 1873 1624 1921 M.

563 1959 917 2010 Casaubonus.
1490 1967 1495 1972 ·

629 2033 863 2096 Protelet]
893 2029 1192 2091 Protrahat,
1210 2025 1519 2092 praeveniat,
1536 2040 1626 2073 ex-

550 2113 749 2175 ·agitet.
781 2110 852 2159 D.
895 2108 1006 2169 Vel,
1031 2107 1182 2169 longe
1209 2111 1403 2163 arceat,
1427 2101 1623 2164 abigat.

563 2190 738 2237 Plaut.
762 2185 976 2247 Argum.
1004 2183 1231 2231 Mercat.
1295 2181 1310 2206 ‘
1336 2180 1462 2228 Eam
1485 2177 1626 2226 domi

566 2263 941 2329 deprehensam
998 2260 1190 2322 conjux
1262 2256 1398 2305 illius
1452 2254 1627 2303 Vicini

564 2347 791 2392 scortum
823 2337 1118 2387 insimulat:
1156 2333 1387 2398 protelat
1420 2330 1625 2380 virum?

568 2418 720 2467 Idem.

631 2493 763 2556 Scio]
797 2493 1033 2557 Apparet
1048 2490 1146 2537 hoc
1165 2486 1376 2535 verbum
1396 2499 1458 2534 eo
1482 2485 1629 2533 vultu

567 2571 688 2634 dici,
712 2578 769 2619 ut
803 2566 1129 2618 manifestum
1164 2564 1250 2624 sit,
1276 2561 1481 2612 absenti
1520 2560 1627 2609 ani-

567 2665 652 2698 mo
676 2662 786 2697 esse
811 2660 928 2695 eum
953 2645 1040 2708 qui
1064 2641 1308 2706 loquitur.
1342 2641 1580 2689 Donatus.

633 2729 695 2774 87
737 2723 800 2773 Vi
820 2726 1031 2771 coactam
1051 2724 1100 2768 te
1115 2733 1212 2767 esse
1234 2714 1458 2777 invitum]
1491 2714 1631 2764 Mira

569 2799 850 2864 brevitas,'
839 2814 891 2848 m
921 2812 1020 2861 quo
1044 2803 1157 2845 tota
1194 2792 1430 2843 defensio
1462 2793 1630 2842 conti-

569 2885 739 2939 netur.
781 2884 835 2927 et
874 2870 1300 2936 subauditur-,sac
1336 2872 1631 2979 respondeas,

571 2963 662 3004 aut
687 2954 809 3020 quid
836 2953 957 3003 tale.
998 2952 1145 2999 Idem.

641 3031 704 3082 Vi
736 3035 945 3080 coactum
965 3032 1012 3075 te
1033 3041 1131 3075 esse
1159 3025 1380 3087 invitum,
1402 3025 1524 3086 lege,
1548 3023 1631 3085 ja-

567 3106 714 3169 dicio]
751 3105 995 3156 Oratorie
1031 3103 1208 3152 divisit
1245 3117 1353 3150 rem
1378 3116 1551 3158 unam,
1577 3110 1633 3150 ut

570 3184 738 3247 major
760 3182 1045 3231 videretur.
1112 3187 1127 3208 ⁴
1155 3179 1450 3230 Necessitas
1471 3179 1602 3239 legis
1621 3183 1633 3204 ’

570 3261 896 3322 intelligitur.
913 3261 1008 3308 Jas
1022 3258 1212 3309 dicitur
1227 3270 1388 3318 cogere
1406 3254 1631 3318 Adelph.

571 3351 658 3387 111.
676 3343 725 3387 5.
749 3340 830 3385 44.
850 3339 906 3384 et
945 3335 1158 3382 Phorm.
1183 3346 1246 3382 11.
1271 3337 1318 3382 1.
1339 3336 1390 3380 6.
1425 3339 1631 3380 senten-

572 3415 657 3464 tiis
679 3411 1155 3474 scilicetjudicum,
1178 3410 1456 3459 secundum
1471 3408 1633 3471 juset

570 3493 715 3556 leges
754 3488 1214 3553 pronuntiantium.
1236 3486 1313 3534 ita
1338 3501 1412 3535 vs.
1432 3487 1514 3533 49.
1538 3485 1631 3534 hu-

564 3570 652 3633 jus
690 3581 878 3629 scenae,
910 3564 1258 3616 defensionem
1299 3561 1503 3611 facilem
1530 3562 1633 3624 sig-

571 3643 782 3695 nificare
807 3644 1000 3706 volens,
1022 3641 1305 3705 partitione
1349 3638 1631 3703 amplifica-

572 3722 648 3770 vit
671 3720 792 3770 etin
817 3721 981 3784 majus
1002 3718 1168 3769 audiri
1190 3716 1320 3767 fecit
1342 3734 1355 3767 τ
1384 3718 1400 3745 ‘
1425 3717 1633 3768 Justam

571 3798 711 3846 illam
732 3811 954 3859 causam,
972 3795 1197 3855 facilem,
1211 3792 1631 3856 vincibilem,op-

572 3874 781 3925 timam.'
802 3880 1005 3937 promta
1024 3871 1278 3934 defensio,
1300 3875 1357 3920 et
1380 3870 1629 3934 simplex:

571 3953 650 4001 lex
667 3951 838 4014 coegit.
874 3950 1160 3999 Boeclerus.

637 4026 873 4089 Invitum]
927 4027 1070 4075 Bene
1123 4025 1264 4074 idem
1318 4023 1512 4087 repetit
1566 4023 1631 4072 ad

573 4102 973 4154 confirmandam
1018 4102 1316 4151 memoriam
1364 4100 1632 4163 trepidan-

572 4181 656 4229 tis,
680 4194 782 4229 non
806 4178 941 4228 enim
964 4178 1170 4227 diversa
1200 4184 1337 4234 sunt,
1367 4176 1456 4225 sed
1482 4191 1631 4240 repe-

572 4262 771 4318 tuntur,
795 4263 851 4304 ut
872 4256 1035 4306 teneri
1069 4256 1234 4320 possit
1259 4255 1330 4318 id,
1352 4253 1632 4318 quod'cau·

571 4346 644 4381 sae
679 4346 807 4394 opus
848 4338 945 4381 est.
1009 4331 1148 4381 Nam
1183 4330 1232 4380 vi
1269 4335 1479 4380 coactum
1515 4344 1631 4394 esse,

1246 431 1457 479 No'rAE
1507 426 1908 475 VARIORUM
1959 424 2038 471 IN

1687 568 1823 619 idem
1869 566 2135 631 significat
2185 563 2321 628 quod
2377 560 2636 610 invitum.⁴
2677 557 2753 607 Αιι

1688 646 1804 693 ideo
1837 643 1892 693 ri
1936 648 2146 692 coactum
2178 640 2401 699 invitum,
2429 627 2754 700 jungendum

1690 730 1789 783 est,
1809 722 1929 786 quia
1951 717 2211 768 interdum
2237 716 2393 764 etiam
2432 713 2533 775 ipsi
2557 726 2652 760 nos
2677 725 2757 759 co

1691 800 1854 863 gimus
1877 796 2092 859 propria
2130 793 2440 841 voluntate?
2474 797 2537 837 ut
2572 788 2757 850 ipsein

1691 875 1907 936 Andria,
1943 875 1959 901 ‘
1983 874 2063 921 Tu
2103 877 2314 921 coactus
2357 874 2455 915 tua
2495 866 2760 913 voluntate

1692 953 1786 1004 es!
1812 954 2049 1002 Donatus.
2591 947 2596 953 ’
2756 945 2760 952 ’

1762 1029 1931 1091 Tenes]
1965 1026 2232 1090 Exquisite
2268 1020 2675 1072 addidit-tenes.-
2708 1023 2764 1066 ut

1695 1111 1964 1171 appareat,
2005 1102 2356 1165 Antiphonem
2394 1098 2551 1145 vultu
2595 1101 2762 1145 osten·

1694 1185 1840 1246 dere,
1865 1181 2003 1246 quod
2037 1182 2216 1229 horum
2254 1177 2381 1225 nihil
2417 1174 2762 1239 perturbatus

1696 1261 1957 1310 advertat.
1995 1259 2146 1307 Idem.
2191 1277 2195 1281 ·

1709 1361 1714 1364 ·
1759 1342 1823 1387 38
1859 1337 1957 1386 Sed
1989 1336 2093 1398 quis
2127 1334 2205 1382 hic
2241 1338 2313 1382 est
2350 1329 2522 1393 senex]
2559 1330 2674 1391 Sed,
2712 1337 2766 1378 nt

1696 1413 1943 1473 diximuS,
1960 1411 2233 1461 transitum
2250 1407 2519 1472 significat
2534 1408 2600 1455 ad
2618 1407 2764 1458 aliam

1697 1505 1824 1550 rem,
1846 1489 1998 1549 abxea
2020 1503 2137 1552 quae
2161 1485 2433 1550 agebatur.
2470 1483 2626 1531 Idem.

1766 1567 1918 1621 Quem
1959 1565 2093 1613 v‘ideo
2136 1562 2190 1612 in
2234 1561 2405 1609 ultima
2438 1557 2632 1622 platea]
2687 1558 2768 1607 Sic

1699 1643 1835 1692 dixit
1887 1643 2057 1691 ultima
2102 1641 2281 1703 platea,
2330 1635 2769 1701 quemadmodum

1690 1714 2014 1783 'Virgilium‘
2039 1718 2177 1766 Imas
2195 1713 2471 1763 Obsedere
2492 1710 2674 1761 fores?
2697 1712 2772 1759 121.

1766 1797 1828 1846 In
1860 1796 2027 1845 ultima
2058 1792 2242 1857 platea]
2277 1791 2339 1839 In
2378 1788 2630 1837 ulteriore
2665 1788 2772 1849 pla-

1700 1880 1803 1923 teae
1837 1881 2008 1938 parte.
2042 1879 2101 1921 ut
2122 1871 2231 1919 imoe
2252 1868 2408 1929 sores,
2429 1867 2464 1914 i.
2495 1862 2773 1914 e.·forium

1701 1965 1823 2015 pars
1845 1951 1965 2013 ima,
1985 1954 2084 2000 διο.
2108 1949 2236 1997 Mer.
2259 1944 2589 1994 Casaubonas.

1728 2025 1735 2032 ‘
1769 2027 1908 2090 Ipsus
1926 2026 2021 2089 est]
2055 2027 2125 2075 Et
2148 2024 2265 2089 quia
2293 2020 2532 2071 timidior
2564 2025 2686 2067 est:
2722 2026 2773 2067 et

1702 2102 1822 2167 quia
1847 2107 2030 2166 postea
2054 2102 2119 2150 de
2143 2098 2376 2165 proximo
2398 2096 2514 2160 ipse
2540 2094 2775 2159 agnoscit

1702 2179 1884 2240 magis,
1919 2179 2162 2227 Donatus.

1766 2260 1833 2306 39
1867 2256 1980 2303 Non
1995 2269 2186 2318 possum
2205 2246 2392 2313 adesse]
2433 2250 2697 2313 Apparet,
2713 2263 2774 2297 ex

1704 2340 1987 2395 conspectu
2045 2330 2209 2394 patris
2270 2328 2434 2389 magis
2499 2325 2776 2384 confundi,

1704 2424 1859 2474 quam
1896 2424 1961 2457 ex
2000 2410 2186 2457 nuntio
2231 2406 2492 2454 adventus
2541 2403 2684 2466 ejnS,
2721 2401 2777 2451 fi-

1704 2487 1845 2537 lium.
1882 2488 2035 2536 Idem.

1774 2565 1880 2619 Quo
1913 2563 2040 2626 abis]
2074 2563 2206 2623 Aba,
2244 2558 2498 2629 Antipho?
2551 2560 2644 2610 Sic
2663 2560 2776 2609 Vir·

1705 2641 1858 2703 gilius
1878 2658 1891 2689 ι
1911 2641 1926 2666 ‘
1948 2642 2066 2692 Quo
2081 2639 2237 2702 fugis,
2256 2639 2420 2688 AEnea
2434 2637 2470 2685 ?’
2507 2638 2636 2700 Et‚‘
2662 2639 2776 2689 Quo

1704 2716 1903 2781 fugitiS,
1927 2717 2050 2766 socii
2067 2715 2099 2765 ?’
2131 2716 2217 2765 Sic
2242 2715 2378 2762 enim
2418 2714 2671 2777 loquitur,
2694 2714 2776 2778 qui

1705 2794 1817 2842 vult
1840 2792 2119 2842 ostendere
2152 2790 2504 2840 conditionem
2532 2791 2777 2851 locorum,

1707 2868 1758 2917 in
1786 2885 1885 2932 qua
1911 2883 2157 2933 perverso
2193 2868 2348 2917 modo
2371 2868 2505 2917 alius
2544 2876 2772 2931 petatur,

1707 2946 1838 2995 alius
1864 2948 2151 3011 linquatur.
2186 2947 2339 2996 Idem.

1771 3022 1870 3087 Ah,
1902 3025 2015 3087 qaid
2054 3021 2188 3085 agis]
2247 3023 2318 3071 Et
2358 3020 2659 3084 perturbati
2702 3020 2773 3068 in·

1708 3102 2007 3152 tercessoris
2049 3109 2126 3149 est
2163 3099 2358 3161 dicere,
2395 3099 2513 3167 quid
2544 3100 2690 3160 agis?
2723 3103 2774 3157 u‚t

1706 3179 1758 3226 in
1788 3177 2001 3240 Andria,
2022 3172 2037 3207 ὅ
2061 3178 2189 3226 Mea
2223 3175 2550 3238 Glycerium,
2590 3174 2774 3236 inquit,

1708 3253 1832 3318 quid
1859 3255 1999 3315 agis?
2023 3267 2115 3304 cur
2139 3259 2193 3302 te
2218 3251 2261 3299 is
2285 3249 2593 3313 perditum?
2627 3251 2772 3299 Idem.
2797 3282 2808 3292 1

1770 3334 1835 3379 40
1890 3332 2055 3393 Mane,
2100 3345 2253 3386 mane.
2296 3328 2516 3392 inquam]
2590 3328 2773 3376 Omnia

1708 3408 1820 3457 liaec
1841 3407 2035 3458 habent
2059 3409 2370 3473 singularem
2396 3406 2501 3454 vim
2539 3407 2594 3454 in
2621 3421 2677 3454 se
2699 3419 2772 3453 re·

1706 3484 1959 3534 vocantis.
1994 3485 2166 3535 Idem.

1776 3562 1977 3622 Egomet
2007 3576 2082 3610 me
2104 3561 2231 3622 nori,
2252 3565 2301 3610 et
2329 3565 2576 3624 peccatum
2604 3557 2775 3620 meum]

1708 3637 1826 3686 Duo
1848 3636 2013 3699 dixit,
2047 3645 2103 3686 et
2133 3641 2148 3665 ‘
2179 3637 2457 3685 Hominem
2497 3632 2774 3699 pavidum,'

1708 3720 1762 3762 et
1781 3715 1796 3741 ‘
1823 3714 2110 3776 Peccatum
2134 3712 2331 3776 grave.'
2364 3713 2514 3761 Idem.

1773 3790 1977 3852 Egomet
1998 3805 2072 3838 me
2099 3791 2226 3847 novi,
2248 3795 2296 3838 et
2324 3795 2573 3852 peccatam
2604 3785 2772 3849 meum]

1708 3869 1778 3917 Et
1799 3874 2000 3931 natura,
2034 3875 2090 3916 et
2113 3882 2178 3915 ex
2203 3866 2523 3916 conscientia
2544 3865 2772 3914 criminis

1708 3944 1917 3995 admissi
1939 3942 2112 4009 (quod.
2131 3943 2383 4006 juvenem
2417 3949 2472 3989 et
2495 3941 2771 4003 ingenuum

1710 4019 2215 4083 decebat)·paviduS.
2235 4019 2371 4068 ,Men
2395 4017 2714 4066 Casaubonue.

1771 4101 1832 4146 41
1877 4097 2012 4145 Vobis
2049 4097 2319 4146 commendo
2342 4095 2601 4156 Phanium,
2636 4099 2683 4143 el
2705 4092 2773 4141 vi·

1708 4181 1806 4225 tam
1843 4174 2016 4238 meam]
2053 4174 2281 4230 Comice,
2314 4172 2517 4221 duobus
2555 4171 2657 4221 duo
2697 4185 2768 4217 re-

1709 4253 1862 4302 tulit:
1900 4254 1990 4301 Me
2024 4259 2078 4302 et
2117 4258 2393 4325 peccatum
2428 4264 2619 4311 meum,
2643 4248 2771 4297 Pha·

1707 4329 1847 4378 nium
1884 4334 1940 4378 et
1984 4329 2143 4377 vitam
2186 4340 2368 4377 meam.
2438 4327 2509 4375 Et
2550 4322 2768 4374 animad-
