3035 4941
744 420 1106 492 Tunnu'ru
1154 413 1439 467 PHORM.
1486 418 1649 467 Ac'r‘.
1696 419 1776 469 11.
1823 419 1928 469 SC.
1975 420 2023 465 1.

283 579 385 613 non
400 564 536 614 enim
562 561 714 626 dixit,
733 564 900 629 Neque
921 564 1247 616 testimonium
1259 563 1332 613 di·

280 657 396 693 cere.
431 641 596 692 Idem.
699 653 705 662 ’

351 720 515 782 Neque
552 718 816 770 testimonii
852 718 998 767 dictio
1021 719 1115 782 est]
1149 719 1336 782 Neque

283 795 487 844 dicendi
523 793 806 844 testimonii
838 808 990 845 servo
1030 794 1197 857 copia,
1249 801 1340 843 aut

282 869 537 922 facultas.
562 885 657 935 per
671 870 877 922 easdem
897 873 1038 935 leges
1060 871 1173 922 scil.
1208 871 1337 920 Mer.

287 948 604 997 Cusuabouas.

348 1025 503 1074 Mitto
533 1019 710 1089 omniu]
748 1027 819 1076 Et
848 1026 960 1090 jam
992 1027 1089 1077 hoc
1113 1024 1342 1091 perdidit

285 1111 467 1164 senex,
507 1103 649 1167 quod
693 1103 968 1154 videbatur
1013 1103 1234 1153 validum
1274 1101 1339 1151 ad

287 1180 686 1231 accusationem.
750 1180 838 1230 Ita
861 1179 1117 1245 gradatim
1140 1165 1214 1229 illi
1237 1178 1341 1227 sin-

288 1258 411 1320 gula
471 1256 845 1319 subducuntur,
890 1262 943 1305 et
999 1255 1340 1306 accusationis

287 1333 513 1396 impetus
535 1332 813 1383 evanescit.
849 1333 1084 1382 Donatus.
1158 1343 1163 1346 ·

352 1412 417 1458 64
450 1408 591 1458 Addo
603 1410 744 1468 istuc,
766 1410 1034 1473 imprudens
1054 1408 1213 1458 timuit
1229 1409 1340 1456 ado·

289 1486 493 1549 lesem]
516 1486 652 1537 Haee
692 1487 865 1538 omnia
895 1486 1050 1537 verba
1086 1485 1342 1535 causalem

293 1562 358 1612 ad
376 1564 837 1627 argumentandum
863 1563 963 1612 vim
993 1562 1202 1611 habent.
1236 1562 1312 1609 Id·

356 1640 634 1703 Imprudens
684 1639 845 1688 timuit
897 1640 1176 1700 adolescens,
1219 1635 1347 1699 sino]

293 1718 482 1778 Σχῆμα,
502 1715 697 1767 διανοίας
710 1715 1023 1780 συγχώρησις.
1089 1717 1157 1765 Et
1174 1715 1345 1779 singu·

292 1793 343 1841 la
364 1793 768 1857 pronuntianda,
791 1802 848 1843 ut
886 1794 1035 1858 plura
1055 1792 1345 1843 videantur.

293 1870 463 1932 Mitto,
483 1868 607 1930 sino,
634 1869 737 1919 vim
752 1869 949 1918 habent
964 1878 1148 1922 contra
1170 1869 1346 1918 volun-

295 1952 460 1995 tatem
483 1946 840 1996 concedentis.
876 1946 1027 1996 Idem.

357 2027 420 2072 65
461 2024 535 2073 Tu
565 2038 741 2074 ser-cas.
775 2038 934 2074 verum
969 2025 1013 2072 si
1043 2029 1244 2086 cognata
1281 2029 1350 2074 est

293 2098 521 2162 manime]
572 2100 680 2149 Sub
721 2098 940 2149 obtentu
970 2100 1121 2164 hujus
1163 2116 1350 2164 propo·

296 2176 514 2240 sitionis,
536 2176 589 2225 in
622 2190 725 2241 qua
745 2190 865 2239 pars
886 2174 1019 2238 legis
1042 2177 1351 2238 ostenditur,

286 2255 396 2319 jam
420 2253 591 2303 Poeta
627 2260 893 2318 praeparat
923 2252 1092 2301 locum
1130 2251 1349 2303 fallaciae

298 2330 639 2394 Phormionis,
662 2329 728 2380 de
744 2330 869 2379 dote
888 2328 1215 2393 accipienda.
1251 2330 1327 2379 Id.

308 2425 313 2430 ·
372 2406 547 2457 Verum
583 2407 628 2456 si
657 2411 862 2469 cognata
904 2410 978 2455 est
1020 2405 1250 2469 maxime]
1280 2406 1355 2467 Τῷ

298 2483 543 2546 &macinii
584 2483 784 2535 addidit
821 2482 1059 2532 maxime.-
1093 2497 1212 2532 nam
1242 2483 1352 2531 sive

300 2568 381 2613 est
411 2566 655 2626 cognata,
690 2559 801 2610 sive
838 2574 942 2610 non
977 2564 1077 2622 est,
1096 2573 1201 2609 non
1225 2559 1354 2609 reci-

303 2639 384 2704 pit
413 2638 473 2687 τδ
503 2641 691 2700 μᾶλλον
723 2635 802 2688 καὶ
830 2636 890 2688 τὸ
925 2634 1088 2695 ἧττον.
1129 2637 1223 2686 hoc
1257 2642 1358 2698 est,

301 2731 404 2767 non
430 2715 621 2767 dicitur
643 2717 862 2766 maxime
885 2722 1127 2779 cognata,
1157 2722 1214 2764 et
1234 2729 1354 2778 cog-

302 2797 429 2843 nata
461 2782 699 2856 minime:
737 2793 848 2856 sed,
869 2799 960 2842 aut
995 2798 1093 2855 est,
1127 2800 1218 2842 aut
1253 2806 1357 2851 nou

304 2877 404 2921 est.
470 2869 573 2920 Alii
610 2870 686 2920 sic
722 2870 979 2927 ordinant,
1004 2871 1119 2919 Non
1141 2869 1249 2930 suit
1279 2884 1360 2918 ne-

301 2963 428 2998 cesse
467 2947 672 2998 mxime
728 2947 914 2997 habere.
996 2944 1119 3009 Alii,
1171 2947 1256 2995 sed
1307 2946 1360 2995 id

302 3026 424 3089 quod
444 3027 523 3075 lex
548 3024 706 3090 jubet,
742 3039 948 3076 nsaxvne
980 3024 1137 3074 dotem
1166 3024 1360 3075 duretis.

305 3102 476 3154 Idem.

372 3182 433 3233 Si
471 3185 671 3243 cognata
701 3186 773 3230 est
804 3177 1041 3240 mame]
1087 3177 1166 3228 Ut
1203 3184 1265 3227 ut
1295 3177 1362 3227 de

308 3258 622 3322 cognatione
646 3257 867 3306 maxime
910 3262 1137 3312 constet,
1179 3261 1235 3304 et
1272 3269 1362 3305 ex-

307 3337 517 3401 plorata
555 3347 635 3382 res
676 3334 761 3383 sit.
827 3331 965 3383 Nam
1006 3331 1241 3381 Donatus
1279 3331 1365 3381 hic

306 3410 500 3461 nodum
524 3409 578 3460 in
598 3409 774 3474 scirpo
796 3407 996 3475 quaerit.
1036 3408 1166 3458 Mer.
1190 3407 1367 3458 Casuu-

307 3491 467 3540 bonus.

376 3570 442 3615 66
475 3563 572 3615 Sed
584 3567 635 3617 id
655 3567 775 3629 quod
794 3566 874 3616 lex
881 3563 1038 3626 jubet,
1055 3565 1213 3612 dotem
1231 3563 1367 3613 dare·

309 3641 396 3705 tis]
445 3641 507 3691 Id
553 3640 688 3706 quod
734 3643 817 3692 lex
849 3640 1036 3704 jubet:
1094 3639 1237 3688 ordo.
1291 3638 1367 3688 sic

308 3717 580 3782 Virgilius,
641 3718 655 3744 ‘
680 3717 894 3779 Verum,
935 3717 987 3766 id
1029 3715 1164 3780 quod
1203 3715 1367 3765 multo

314 3802 430 3844 tute
448 3793 561 3857 ipse
583 3790 817 3841 fatebere
838 3791 1044 3856 majus!
1066 3793 1303 3842 Donatus.

379 3869 475 3920 Sed
508 3869 562 3920 id
582 3871 706 3934 qaod
724 3871 802 3919 lex
825 3866 983 3933 jubet,
1002 3871 1157 3919 dotem
1177 3867 1371 3929 daretis,

311 3951 546 4010 quareret
588 3945 736 3995 ulium
773 3943 953 4014 uirum]
1011 3944 1115 3994 Hic
1154 3943 1371 3995 affertur

312 4025 482 4075 altera
500 4037 620 4087 pars
644 4022 795 4086 legis,
813 4027 931 4086 post
953 4035 1063 4070 eam
1083 4035 1195 4085 qnae
1216 4036 1373 4086 pone·

313 4104 468 4155 batur
488 4109 589 4152 act.
611 4115 649 4149 ι.
675 4104 817 4150 sc-2.
842 4113 936 4159 trs.
958 4101 1040 4147 ⁷5.
1063 4100 1162 4147 &c.
1228 4098 1372 4148 Inte-

314 4194 410 4245 gra
434 4193 557 4243 ergo
578 4184 658 4227 est
677 4193 692 4226 ε

315 4263 470 4305 natus
514 4253 689 4314 ducat,
738 4258 832 4302 aut
891 4247 1079 4299 dotet.’
1140 4247 1372 4313 pluribus

316 4331 490 4384 verbis
534 4329 780 4396 proponit
816 4325 1138 4392 Eugrapliius
1183 4325 1246 4374 ad
1282 4325 1375 4375 ini·

722 4179 739 4206 ‘
755 4175 952 4226 Orbam
971 4173 1232 4237 proximus
1254 4189 1377 4238 cog-.

2290 382 2477 470 1641*

1409 561 1539 612 tium
1585 577 1760 613 se-rn.
1796 568 1960 614 act.2.
2001 569 2127 627 ergo
2167 557 2254 613 l‘ex
2292 562 2461 627 optio'-

1411 653 1528 688 nem
1552 638 1642 688 dat
1671 647 1910 703 cognato.
1942 653 2038 689 cur
2070 654 2172 689 non
2219 640 2469 703 elegistis,

1411 722 1613 779 partem
1626 717 1860 777 aiteram,
1872 716 2142 779 minusque
2162 716 2465 765 onerosam?

1412 793 1565 842 Unde
1593 803 1650 844 et
1680 794 1730 841 in
1754 793 1877 857 jure
1900 794 2133 843 Romano
2150 792 2276 842 illud
2313 793 2346 841 l.
2368 806 2489 854 cx»,

1414 872 1514 935 §th
1554 871 1621 920 de
1666 871 1727 921 R.
1770 870 1823 921 J.
1864 871 1951 919 nbi
1985 871 2143 920 verba
2183 869 2467 933 conjuncta

1414 963 1520 997 non
1563 956 1701 1006 sunt,
1741 946 1970 998 ‘sufficit
2010 949 2314 998 alterutrum
2350 962 2465 1000 esse

1416 1022 1650 1090 factum,’
1693 1026 1902 1088 proprie
1932 1026 1996 1074 ad
2039 1026 2225 1088 legum,
2266 1026 2466 1076 edicto·

1418 1115 1547 1164 rum,
1572 1108 1627 1150 et
1649 1108 1958 1151 statutorum
1984 1102 2466 1165 interpretationem

1418 1179 1701 1241 pertinere,
1735 1186 1952 1229 annotat
1971 1179 2086 1231 Jac.
2118 1179 2468 1231 Gothofredus

1417 1256 1796 1306 Commentario
1818 1255 1886 1306 ad
1907 1258 2035 1318 Reg.
2058 1258 2172 1308 Jur.
2192 1259 2450 1309 Boecterus.

1481 1336 1544 1381 67
1581 1332 1754 1382 Dotem
1773 1333 1974 1396 daretis]
2007 1332 2139 1382 Vide
2158 1334 2224 1399 ad
2242 1333 2471 1399 Adelph.

1420 1415 1524 1457 act.
1548 1422 1624 1458 nv.
1649 1423 1720 1457 sc.
1737 1415 1785 1457 5.
1824 1410 1948 1460 Mer.
1964 1409 2280 1461 Cusaubonus.

1487 1485 1735 1540 Quaereret
1787 1485 1934 1534 alium
1975 1485 2153 1550 virum]
2211 1486 2478 1549 Qum-eret,

1421 1575 1572 1625 quam
1612 1562 1846 1611 idoneum
1865 1571 1946 1613 est
1963 1563 2027 1613 ad
2046 1562 2473 1628 significationem

1422 1638 1653 1688 odiorum
1685 1641 1696 1688 !
1732 1639 2001 1703 Virgilius,
2064 1643 2081 1671 ‘
2118 1642 2339 1694 Quaerat
2374 1641 2472 1691 sibi

1421 1712 1623 1764 foedera
1643 1715 1881 1767 Turnus.'
1914 1718 2151 1768 Donatus.

1484 1795 1551 1840 68
1587 1792 1695 1847 Qua
1715 1791 1899 1841 ratione
1936 1794 2119 1857 inopem
2137 1794 2308 1858 'potins
2337 1797 2474 1845 duce-

1422 1867 1503 1917 bat
1515 1869 1721 1933 dmum]
1740 1869 1929 1932 Magno
1943 1869 2112 1922 sonitu
2128 1870 2324 1931 intulit,
2338 1872 2476 1935 quod

1423 1944 1593 1994 minus
1632 1943 1875 1994 momenti
1907 1944 2066 1995 habet
2100 1945 2345 1996 adversus
2386 1962 2477 1996 eos

1424 2020 1514 2085 qui
1548 2029 1872 2084 accusantur,
1895 2036 2047 2087 quam
2070 2022 2159 2072 illa
2192 2022 2478 2087 superiora.

1427 2099 1579 2148 Idem.

1492 2177 1685 2239 Inopem
1712 2176 1871 2239 potius
1892 2177 2089 2229 ducebat
2117 2177 2323 2241 domam]
2359 2147 2484 2230 Non

1425 2254 1607 2318 inopem
1628 2252 1799 2316 potius.
1832 2252 1923 2304 sed
1956 2254 2117 2317 potius
2150 2254 2345 2305 ducebat
2363 2255 2484 2305 sub-

1426 2329 1845 2392 distinguendum
1880 2336 1975 2380 est.
2009 2331 2159 2379 Idem.
2323 2351 2328 2356 ·

1444 2449 1453 2452 -
1493 2405 1710 2455 Ducebat
1751 2408 1958 2473 domum]
2039 2406 2193 2459 Quod
2253 2407 2484 2458 absolute

1428 2481 1581 2547 vulgo
1625 2482 1837 2548 dicitur,
1871 2484 2085 2535 ducebat.
2131 2484 2267 2535 Mer.
2293 2485 2488 2539 Casan-A

1428 2558 1611 2610 bonus.

1492 2640 1559 2685 69
1594 2637 1708 2686 Non
1738 2636 1882 2702 ratio,
1911 2652 2073 2688 verum
2103 2643 2355 2700 argentam
2378 2639 2486 2689 dee·

1428 2711 1531 2774 rae]
1554 2712 1673 2765 Hoc
1708 2716 1781 2764 ita
1803 2715 2117 2784 ludibundus
2142 2716 2363 2766 absolvit
2383 2716 2488 2767 Ge·

1432 2795 1502 2853 ta,
1533 2798 1593 2840 ut
1623 2792 1779 2841 etiam
1805 2794 1951 2858 quasi
1971 2807 2065 2857 per
2075 2794 2255 2857 jocum
2275 2808 2487 2858 respon·

1431 2867 1574 2919 deat.
1614 2870 1854 2921 Donatus.

1498 2946 1610 2994 Nou
1646 2947 1792 3002 ratio,
1822 2962 1984 2997 verum
2010 2953 2262 3010 argenium
2300 2948 2494 3011 deerat]

1432 3021 1609 3072 Plaut.
1649 3023 1789 3075 Trin.
1831 3025 2026 3075 ‘Ratio
2062 3025 2272 3092 quidem
2315 3025 2500 3077 hercle.

1434 3107 1675 3166 apparet,
1692 3103 1784 3152 sed
1808 3112 2079 3168 argentum
2113 3103 2329 3167 vixerat!
2363 3105 2494 3154 Mer.

1438 3176 1778 3229 Omnibonus.

1500 3258 1565 3304 70
1596 3254 1857 3306 Alit-unde.
1852 3254 1869 3289 ¹
1902 3256 2024 3305 nihil
2055 3262 2127 3307 est
2158 3223 2302 3307 dictis
2324 3202 2493 3316 sacili-

1435 3330 1516 3394 us]
1554 3330 1670 3380 Hoc
1704 3333 1850 3396 quasi
1889 3332 2177 3396 subridens,
2221 3341 2275 3384 et
2313 3348 2502 3384 averso.

1439 3406 1505 3457 ab
1528 3406 1616 3456 illo
1640 3409 1787 3456 vultu
1810 3409 2165 3472 pronuntiavit
2183 3409 2338 3460 Geta.
2358 3410 2499 3473 quod

1440 3498 1602 3549 genus
1641 3484 1857 3553 actionis
1896 3484 2231 3537 securitatem
2266 3484 2502 3536 ostendit

1440 3561 1674 3624 hominis,
1717 3561 1990 3613 manifesta
2043 3561 2282 3615 dicentis.

1438 3643 1536 3689 tus-

1503 3715 1759 3780 Alicande]
1792 3715 2050 3782 Demipho
2070 3717 2287 3767 alicunde
2322 3717 2386 3767 ad
2428 3716 2503 3767 fa-

1442 3792 1691 3844 cilitatem
1726 3795 1942 3843 retulit:
1986 3793 2069 3844 hic
2108 3795 2184 3844 sic
2207 3795 2503 3858 intelligere

1444 3884 1500 3921 se
1538 3869 1707 3934 fingit,
1746 3877 1824 3933 ut,
1862 3871 2007 3935 quasi
2030 3885 2132 3920 non
2169 3871 2357 3921 habens
2391 3871 2503 3934 ipse

1444 3947 1705 4012 Demipho
1740 3947 1805 3996 de
1851 3947 2086 4011 proximo
2118 3961 2149 3995 a
2192 3961 2294 4011 quo
2330 3946 2504 3996 dicere

1443 4025 1679 4089 incipiat,
1714 4025 1908 4076 dixerit
1928 4025 2161 4075 alicunde.
2196 4023 2363 4076 Idem.
2423 4046 2426 4049 >

1460 4144 1465 4147 .
1514 4103 1657 4155 Nihil
1676 4109 1744 4153 est
1763 4100 2123 4163 dictufucilitoe]
2161 4101 2318 4158 Mire,
2342 4110 2401 4152 ut
2424 4117 2506 4152 so-.

1447 4182 1540 4244 let,
1567 4180 1840 4245 proverbio
1864 4194 1970 4229 uno.
1982 4176 2220 4228 dissolvit
2242 4184 2404 4227 totam
2428 4193 2507 4229 se·

1448 4259 1528 4309 nis
1582 4259 1942 4312 intentionem.
1989 4264 2066 4307 ut'
2112 4257 2163 4305 in
2219 4256 2507 4308 Heautont-

1450 4339 1463 4365 ‘
1485 4335 1623 4389 Quid
1648 4336 1691 4385 si
1714 4337 1807 4386 hoe
1823 4342 1974 4400 pater
1996 4331 2306 4384 resciverit?
2365 4332 2507 4386 Quid

2329 3563 2499 3612 Dona
