3035 4941
512 365 690 441 1042

516 527 614 577 lius
636 523 918 577 Ciceronis.
955 523 1233 573 Fas-nubim-

580 607 642 652 41
684 601 966 664 Οὺοεφιίιιηι
1007 599 1202 662 amicvs]
1245 599 1348 649 Hic
1394 613 1575 649 versus

517 694 614 744 per
636 679 997 742 improperium
1022 685 1119 727 est.
1154 678 1392 729 Donatus.

590 756 780 807 Veritas
799 755 958 805 odiam
976 754 1129 818 parit]
1151 757 1358 805 Falsum
1377 760 1462 806 est
1483 770 1575 804 au·

510 842 623 885 tem
645 834 781 899 quod
806 834 990 884 Cicero
1012 834 1142 884 dixit
1173 835 1438 899 obsequium
1470 834 1577 898 pri·

516 926 656 961 mum
717 911 912 960 dixisse
971 911 1305 962 Terentium:
1360 926 1476 962 cum
1521 917 1579 961 et

516 989 735 1039 Plautus
758 997 813 1039 et
835 989 1050 1039 Naevius
1080 998 1203 1039 ante
1228 990 1486 1040 dixerint:
1521 995 1578 1039 et

514 1072 602 1117 est
621 1066 881 1115 sententia
894 1063 1165 1129 παράδοξος,
1182 1072 1239 1115 et
1252 1066 1412 1130 magis
1434 1067 1578 1117 thea-

518 1148 602 1192 tro
633 1149 772 1207 apta,
802 1157 955 1206 quam
989 1140 1179 1205 officio,
1210 1142 1279 1192 de
1311 1157 1415 1208 qua
1446 1143 1581 1192 Tul-

518 1219 619 1269 lius
642 1221 806 1270 multa
833 1221 980 1271 dixit.
1014 1220 1166 1270 Idem.

587 1297 872 1361 Obsequium
908 1299 1103 1363 amicos]
1152 1299 1423 1350 Sententia
1457 1313 1578 1364 pro-

516 1374 709 1426 babilis
729 1376 910 1441 magis,
927 1391 1079 1442 quam
1102 1378 1396 1429 necessaria
1416 1384 1472 1429 et
1491 1378 1579 1428 bo-

517 1459 687 1502 nesta.
721 1453 868 1503 Idm.

586 1527 870 1591 Obsequium
889 1531 1079 1593 amicos,
1098 1532 1277 1581 veritas
1303 1532 1461 1582 odium
1491 1546 1578 1595 pa-

515 1604 609 1667 rit]
643 1605 746 1655 Qui
781 1606 1004 1671 aliquam
1038 1609 1121 1658 hic
1157 1609 1340 1659 Poe'tae
1371 1610 1576 1672 culpam

512 1688 829 1745 agnoscunt,
892 1691 949 1732 et
1003 1686 1310 1737 sententiam
1366 1685 1575 1734 minime

517 1756 735 1821 probam
758 1772 874 1808 esse
905 1760 1237 1827 arbitrantur,
1271 1769 1416 1813 certe
1450 1764 1577 1812 alias

519 1846 603 1882 res
627 1840 816 1896 agunt:
852 1849 1019 1900 neque
1041 1838 1178 1888 enim
1201 1840 1462 1889 sententia
1494 1844 1578 1888 est

516 1923 589 1958 ex»
602 1909 683 1971 iis,
699 1925 816 1974 quae
833 1911 1140 1976 decernunt,
1154 1915 1275 1979 quid
1293 1914 1408 1965 fieri
1425 1928 1576 1979 opor·

518 1991 666 2047 teat3
698 1987 792 2036 sed
818 1990 1075 2055 enuntiat,
1097 1993 1222 2056 quid
1246 1991 1356 2054 flat,
1379 2008 1444 2042 ex
1467 2007 1576 2041 mo-

518 2063 663 2111 ribus
708 2071 1026 2128 temporum:
1077 2068 1202 2133 qaid
1246 2070 1432 2119 clarius
1485 2069 1578 2119 illa

514 2139 788 2205 προσθήκης
824 2143 910 2191 hoc
942 2143 1186 2208 tempore?
1218 2145 1343 2210 quid
1367 2146 1579 2208 clarius,

518 2233 669 2282 quam
693 2219 757 2268 de
778 2221 1014 2284 populari
1035 2222 1124 2270 illa
1145 2228 1201 2270 et
1222 2223 1361 2271 inter
1379 2222 1577 2272 adoles·

518 2302 696 2344 centes
733 2296 941 2359 usitata,
974 2311 1076 2347 non
1099 2297 1167 2347 de
1192 2297 1432 2361 perfecta
1452 2299 1577 2347 ami-

519 2370 665 2431 citia,
690 2386 981 2422 sermonem
1020 2375 1170 2423 esse?
1203 2375 1460 2439 quomodo
1499 2375 1577 2426 fa-

510 2447 622 2497 cilc
654 2448 807 2498 liceat
836 2449 972 2499 inter
1008 2449 1238 2501 homines
1270 2451 1489 2516 agitare,
1523 2450 1577 2500 id

518 2529 620 2581 est,
637 2513 965 2587 συνδῖαγάγειν
979 2526 1057 2575 καὶ
1071 2528 1462 2592 συνδιημερεῦσιι,
1474 2542 1578 2578 non

520 2615 790 2666 quousque
821 2605 987 2652 virtus
1009 2602 1187 2667 perfici
1208 2612 1579 2669 queat,·sermo

519 2684 619 2728 est.
684 2678 872 2742 Itaque
914 2694 1011 2730 nec
1056 2681 1240 2731 Cicero
1281 2689 1440 2745 negat
1476 2683 1579 2745 hoc¹

517 2752 651 2815 fieri,
700 2769 816 2803 cum
859 2755 958 2804 hoc
1016 2756 1211 2805 dictum
1252 2757 1483 2820 explicat
1521 2757 1577 2807 in

519 2831 680 2880 Laelio
711 2828 783 2895 (c.
807 2845 970 2880 xxw.
1007 2840 1062 2880 et
1097 2830 1257 2897 xxv.)
1291 2832 1382 2883 sed
1423 2833 1488 2882 ad
1523 2833 1578 2882 id

519 2914 672 2956 vocat
695 2922 804 2968 nos,
829 2908 966 2972 quod
991 2909 1042 2957 in
1068 2924 1187 2959 vera
1215 2910 1443 2960 amicitia
1461 2910 1582 2966 fieri

517 2983 705 3034 debet:
741 3000 856 3048 quas
891 2987 1165 3035 veritatem
1197 3001 1299 3037 non
1323 2988 1576 3052 excludit,

517 3060 820 3124 obsequium
864 3071 1036 3111 autem
1075 3063 1320 3113 comitate
1358 3079 1461 3114 non
1497 3079 1578 3113 as·

516 3138 808 3187 sentatione
826 3139 1053 3188 metitur.
1102 3140 1222 3189 Non
1243 3154 1371 3204 opus
1391 3138 1579 3192 fuisset

516 3213 695 3278 igitur,
717 3222 776 3264 ut
797 3217 1057 3278 Donatus,
1095 3224 1242 3267 tanto
1275 3225 1463 3269 conatu
1493 3234 1577 3268 os-

517 3290 783 3353 tenderet,
816 3292 834 3320 ‘
865 3294 1177 3342 sententiam
1213 3293 1346 3344 hanc
1389 3295 1577 3357 proba-

514 3367 674 3417 bilem
707 3371 887 3434 magis,
925 3387 1074 3435 quam
1098 3373 1578 3424 necessariam-esse

517 3449 573 3492 ct
594 3444 899 3493 honestam.'
933 3446 1190 3495 Boeelerus.

582 3523 647 3569 42
680 3520 894 3584 Interea]
928 3522 1120 3571 Interea
1142 3529 1241 3584 est,
1280 3538 1395 3573 cum
1418 3524 1579 3575 habet

514 3595 814 3647 instantiam
840 3600 1163 3662 superiorum
1187 3607 1439 3656 actorum.
1472 3602 1576 3650 Do-

504 3679 676 3724 natus.

581 3751 762 3800 Mulier
784 3753 1020 3817 quaedam]
1040 3755 1125 3804 Sic
1143 3755 1295 3818 dixit,
1310 3771 1411 3806 non
1427 3759 1576 3823 quasi

516 3825 779 3888 ignoraret
822 3842 1009 3877 nomeu
1054 3831 1181 3895 ejus,
1241 3835 1395 3898 paulo
1434 3841 1576 3897 -post

516 3902 821 3965 Chrysidem
866 3907 1249 3959 nominaturus:
1300 3910 1393 3959 sed
1436 3911 1575 3974 ideo,

515 3984 578 4025 ut
608 3986 1263 4045 gratam-expectationem
1296 3986 1477 4048 faciat,
1511 3988 1575 4036 si·

515 4055 723 4118 mulque
768 4057 1024 4108 lectorem
1080 4061 1287 4113 avidum
1355 4063 1577 4113 nominis

506 4131 721 4183 reddat.
787 4136 863 4185 Ut
886 4137 1070 4200 Virgil.
1098 4140 1249 4202 paulo
1274 4145 1396 4202 post
1412 4140 1577 4187 nomi·

502 4215 726 4274 ‹naturus›
765 4212 858 4276 ait,
888 4215 903 4243 ‘
929 4217 1073 4264 Ecce
1109 4230 1291 4265 manus
1325 4216 1578 4280 juvenem

514 4284 718 4338 interea
742 4296 864 4353 post
887 4297 1035 4354 terga
1058 4290 1388 4350 revinctum.'
1422 4291 1576 4343 Idem.

1213 380 1433 430 No'l’AE
1482 376 1889 429 vammum
1937 380 2017 432 ΙΝ

1717 524 1913 573 Interea
1939 524 2133 589 mulier]
2165 524 2288 576 Hic‘
2307 525 2563 590 digressio
2593 534 2708 578 est:

1653 614 1771 648 nam
1814 602 2084 665 proposuit
2117 603 2280 653 Gnati
2317 604 2475 654 vitam
2516 605 2712 661 diceres

1655 677 1806 727 Idem.

1717 753 1906 804 Abhinc
1934 754 2214 820 triennium]
2251 754 2545 806 Artificiose
2575 755 2716 806 dixit

1652 831 1930 895 triennium,
1966 847 2084 883 cum
2118 838 2298 897 posset
2330 834 2446 897 plus
2475 833 2713 882 minusve

1654 909 1903 973 temporis
1943 924 2174 973 poneret
2210 918 2270 960 ut
2308 912 2381 959 sit
2420 911 2721 974 verisimile,

1653 998 1809 1036 unum
1825 1002 2011 1037 annum
2032 986 2190 1037 fuisse
2211 987 2416 1051 pudicae
2437 978 2712 1052 parcesque

1653 1063 1810 1113 vitm:
1844 1071 2167 1129 sequentem,
2188 1064 2497 1115 conditionis
2530 1078 2713 1127 accep-

1654 1148 1759 1193 tae=
1816 1144 2049 1207 tertium,
2088 1143 2285 1193 mortis.
2359 1142 2539 1192 Primo
2585 1155 2713 1205 ergo

1655 1232 1789 1267 anno
1834 1218 2072 1282 ignorata
2108 1225 2192 1269 est
2228 1219 2408 1269 domus
2446 1217 2716 1282 Chrysidis

1654 1295 1955 1360 Pamphilo:
1990 1297 2218 1347 secundo
2256 1295 2504 1361 Glycerio
2537 1295 2716 1360 cogni-

1635 1380 1772 1422 -tusz
1810 1373 1986 1434 tertio,
2016 1374 2191 1437 nupsit
2220 1372 2520 1437 Glycerium
2554 1372 2714 1428 Panse

1653 1449 1812 1514 philo,
1858 1457 1915 1500 et
1960 1451 2158 1515 pariter
2203 1451 2407 1500 invenit
2451 1458 2715 1514 parentes.

1650 1526 1807 1577 Idem.

1716 1608 1780 1654 4³
1815 1605 1930 1654 Huc
1964 1605 2175 1669 vicinia]
2217 1604 2418 1655 Vicinioe
2447 1602 2714 1667 παρέλκονε

1652 1679 1895 1737 hucloci,
1938 1683 2019 1730 vel
2056 1683 2154 1731 huc
2181 1683 2428 1731 locorum.
2495 1682 2716 1744 Legitur

1651 1761 1706 1804 et
1728 1755 1836 1804 haic
1857 1756 2060 1806 nic-inice.
2095 1756 2260 1807 Idem.

1715 1837 1780 1884 44
1803 1835 1988 1899 Inopia,
2004 1840 2051 1885 et
2072 1840 2375 1898 cognatorum
2394 1836 2717 1900 negligentia]

1647 1910 1899 1961 Laudatis
1920 1912 2179 1976 Pamphili
2209 1912 2438 1962 moribus
2473 1913 2562 1977 qui
2592 1926 2716 1962 mox

1652 1987 1815 2037 ducet
1857 2003 2091 2052 uxorem,
2138 1995 2377 2053 superest
2418 1993 2474 2037 nt
2518 1987 2715 2040 futurae

1651 2077 1853 2128 quoque
1897 2071 2166 2127 matronae,
2212 2065 2266 2115 id
2305 2070 2402 2127 est,
2448 2065 2718 2130 Glycerio,

1652 2140 1967 2204 probitatem
1988 2141 2218 2193 debitam
2238 2156 2333 2206 pro
2352 2155 2580 2206 persona
2601 2142 2721 2192 red-

1652 2216 1772 2266 dat:
1799 2233 1914 2282 quae
1938 2219 2057 2284 quia
2081 2219 2294 2269 honesta
2315 2234 2577 2283 nunqnam
2600 2232 2717 2271 esse

1653 2293 1867 2355 poterit,
1900 2294 1942 2343 si
1976 2295 2049 2343 sic
2074 2309 2189 2343 eam
2213 2301 2416 2344 constet
2438 2303 2561 2345 ante
2583 2310 2716 2359 nup·

1651 2367 1751 2418 tias
1789 2368 2102 2432 impudicam
2136 2370 2341 2420 ductam
2366 2384 2499 2430 esse,
2524 2373 2718 2436 partim

1654 2443 2002 2509 defendenda,
2066 2446 2255 2510 partim
2322 2447 2581 2499 laudanda
2635 2455 2720 2500 est

1653 2522 1883 2585 Chrysis,
1934 2536 2052 2572 cum
2094 2537 2195 2588 qua
2238 2530 2556 2574 commorata
2596 2532 2715 2575 est:

1653 2613 1807 2663 quam
1831 2600 2071 2664 quoniam
2111 2614 2325 2650 necesse
2366 2606 2446 2648 est
2478 2601 2718 2651 meretri·

1653 2690 1766 2726 cem
1806 2675 1980 2739 fateri,
2012 2679 2065 2727 iu
2100 2677 2399 2728 conditione
2437 2678 2720 2740 turpissimi

1655 2754 1874 2803 nominis
1926 2754 2143 2803 multum
2186 2754 2407 2803 sumitur
2446 2755 2719 2812 excusatio

1653 2832 1948 2882 voluntatis.
1985 2834 2136 2884 Idem.

1719 2909 1789 2957 Et
1811 2911 2140 2974 cognatorum]
2181 2910 2283 2960 Hic
2306 2924 2398 2960 nos
2425 2910 2539 2974 jam
2560 2916 2717 2975 parat

1653 2984 1721 3034 ad
1744 2986 1969 3036 Critonis
1991 2987 2291 3037 adventum.
2325 2987 2474 3036 Idem.

1720 3063 1889 3127 Inopia
1908 3068 1955 3113 et
1979 3068 2280 3125 cognatorum
2300 3062 2620 3127 negligentia]
2651 3063 2720 3113 In

1654 3140 1870 3203 gratiam
1915 3140 2169 3205 Glycerii‚
2208 3137 2427 3188 Poetam
2472 3138 2525 3187 in
2565 3137 2717 3189 dimir·

1652 3216 1857 3268 nuenda
1901 3225 2133 3282 quaestus
2193 3215 2475 3266 meretricii
2518 3215 2719 3270 invidia

1653 3306 1948 3357 operosum,
1965 3308 2082 3343 cum
2095 3292 2170 3342 de
2189 3290 2443 3356 Chryside
2464 3291 2718 3357 loquitur,

1654 3376 1800 3420 recte
1824 3379 1973 3421 notat
1993 3372 2256 3422 Donatus.
2292 3369 2550 3419 Boeolerus.

1665 3439 1668 3442 ’
1723 3447 2044 3509 Cognatomm
2084 3445 2398 3509 negligentia]
2434 3445 2601 3508 Leges
2628 3444 2717 3509 ju-

1654 3523 1853 3574 bebant
1895 3525 2112 3585 Atticae,
2157 3538 2222 3572 ex
2262 3521 2496 3584 cognatis
2540 3522 2719 3584 proxi-

1653 3615 1802 3649 mum.
1815 3608 1868 3650 et
1891 3601 2195 3651 ditissimum
2213 3600 2420 3662 inopem
2438 3607 2716 3661 cognatam

1654 3685 1743 3725 aut
1767 3677 1976 3740 ducere,
1995 3686 2084 3725 aut
2100 3677 2203 3739 ipsi
2221 3675 2399 3726 dotem
2421 3673 2566 3724 dare.
2591 3674 2718 3724 Far·

1651 3753 1835 3803 nabius.

1716 3834 1778 3879 45
1821 3828 2153 3893 EgregiaJJd
2181 3833 2279 3890 est,
2308 3827 2558 3882 eminenti
2579 3841 2718 3891 pras·

1653 3905 1931 3969 stantique.
1945 3941 1952 3954 .
1967 3906 2207 3954 Donatus.

1716 3970 1879 4045 Atque
1914 3986 2057 4030 oetate
2101 3979 2315 4043 integra]
2371 3977 2591 4040 Integra
2632 3983 2719 4030 est

1652 4065 1802 4120 aetas,
1817 4058 2005 4123 quaein
2017 4054 2144 4107 flore
2163 4056 2415 4116 consistit,
2437 4054 2522 4104 cui
2537 4068 2716 4118 neque

1653 4137 1946 4187 addendum
1967 4136 2079 4200 jam
2121 4136 2209 4199 sit,
2242 4147 2410 4199 neque
2433 4131 2716 4197 quidquam

1653 4212 1823 4262 adhuc
1853 4212 1924 4261 sit
1954 4211 2306 4261 imminutum:
2348 4216 2407 4260 ut
2430 4208 2714 4272 Virgilius:

1656 4290 1672 4321 ‘
1690 4290 1906 4354 Integer
1929 4290 2028 4341 aevi
2043 4286 2330 4341 Ascanius.’
2392 4285 2467 4337 Et
2487 4285 2717 4346 contulit
