3035 4941
486 369 846 420 'I'ERENTII
895 364 1552 418 ΗΕΑῙΓῙὊΝἸἾΜΟΒ.ς
1584 366 1750 417 Ao'r.
1785 368 1869 415 11.
1915 368 2025 420 SO.
2060 368 2162 417 IV.

263 514 462 580 Apolog.
495 514 776 565 Farnobius.

266 615 271 622 ·
314 592 671 655 &Minimeque
701 591 774 641 ita
812 605 887 640 me
922 589 1038 653 DI]
1086 588 1294 639 Etenim

259 683 349 717 non
370 669 513 717 valde
534 670 710 731 miror,
743 667 787 716 si
818 681 933 716 cum
962 667 1039 715 his
1052 666 1296 715 nuoribns

215 792 221 798 ,
261 752 309 793 et
331 745 421 794 hac
455 744 523 793 sis
560 742 966 808 pulchritudine,
990 757 1056 792 ne
1090 757 1191 791 non
1227 741 1297 792 sit

259 820 426 886 aliquis
447 820 531 885 qni
553 827 604 869 te
627 820 831 883 diligat,
850 827 907 869 et
930 825 986 869 te
1008 819 1104 869 sibi
1129 824 1294 884 petat.

259 895 564 960 Eugraphius.
1100 892 1104 896 ’

262 1005 265 1006 ⁷
313 973 366 1023 δι’
384 980 428 1023 te
438 974 529 1023 sibi
541 974 732 1039 quisque
749 973 955 1039 expetit]
977 973 1112 1023 Vide
1137 974 1297 1024 Chre-

256 1053 477 1101 stomath.
522 1067 632 1103 voc.
675 1051 903 1117 ‘expet.’
972 1052 1298 1115 Eugraphius

257 1128 443 1177 videtur
463 1130 673 1192 legisse,
689 1131 948 1194 quisquam.
971 1129 1108 1193 quod
1127 1136 1181 1178 et
1198 1128 1296 1178 Ar-

256 1208 609 1269 gentoratensis
649 1207 815 1256 codex
856 1206 1092 1271 proefert,
1133 1212 1189 1255 et
1220 1220 1297 1256 ex

254 1280 476 1331 Palatino
527 1283 700 1348 aliquo
748 1282 955 1331 Pareus,
1009 1280 1195 1331 affert.
1225 1282 1300 1331 ita

255 1357 371 1408 enim
393 1358 789 1423 interpretatur:
841 1359 1034 1408 etenim·
1047 1374 1141 1407 non
1161 1359 1298 1408 valde

253 1437 399 1494 miror,
432 1439 476 1487 si
515 1454 622 1488 cum
644 1437 743 1487 -ltis
782 1437 990 1486 mribus
1026 1441 1075 1485 et
1110 1437 1198 1487 hac
1229 1437 1299 1486 sis

251 1516 591 1577 pulchritudine,
614 1531 673 1566 ne
702 1531 792 1566 non
814 1518 882 1565 sit
912 1515 1103 1578 uliquis,
1131 1516 1212 1578 qui
1247 1521 1296 1564 te

251 1590 420 1653 diligat,
434 1599 481 1643 et
498 1599 546 1641 te
561 1593 660 1641 sibi
678 1597 829 1655 petat.
855 1592 982 1642 Quae
999 1588 1296 1654 παράφρασις

252 1673 347 1717 tota
376 1669 556 1719 minuit
586 1669 926 1729 sententiam,
950 1682 1101 1732 quam
1127 1668 1295 1718 Poeta

253 1752 440 1794 auctum
460 1746 575 1796 ivit.
614 1746 879 1795 Boeclerus.

302 1828 333 1873 4
366 1825 485 1874 Nom
504 1825 626 1875 milri
648 1826 806 1889 quale]
857 1826 1097 1891 Namque
1119 1840 1292 1876 mores

251 1905 357 1949 tuos
386 1903 505 1951 mihi
534 1904 861 1954 sermonibus
895 1905 1154 1956 indicasti.
1189 1907 1292 1955 Eu-

244 1978 470 2040 graphius.

252 2082 257 2087 ·
307 2056 462 2119 Quale,
480 2057 589 2122 qe]
631 2058 809 2109 Sermo
831 2067 912 2110 est
935 2061 1088 2110 animi
1112 2076 1291 2126 χαρακ-

247 2127 337 2192 τήρ.
397 2134 526 2184 Viva
545 2135 704 2185 animi
728 2137 910 2199 imago.
976 2138 1127 2187 Solon
1153 2138 1290 2202 apud

247 2206 503 2259 Laenium.
539 2213 555 2240 ‘
580 2214 839 2277 Loquere,
872 2222 929 2264 ut
959 2219 1013 2263 te
1048 2214 1289 2265 videam!

245 2281 399 2336 Plato.
433 2288 720 2339 Farnobium.

251 2386 259 2392 -
300 2364 428 2413 ⁵-Et
439 2382 544 2416 cum
568 2365 775 2430 egomet]
824 2364 924 2417 Hic
947 2368 1052 2431 jam
1079 2374 1291 2432 reparat

247 2443 570 2493 accusationis
608 2440 981 2508 defensionem,
1001 2460 1116 2510 quae
1153 2446 1204 2495 in
1234 2461 1290 2496 se

247 2530 345 2567 esse
365 2523 562 2583 possit:
619 2521 853 2586 dicitque
886 2524 1078 2573 merito
1116 2523 1289 2588 hujus·-

246 2597 363 2646 modi
381 2600 644 2660 mulieres,
665 2614 780 2663 quae
804 2599 892 2648 uni
917 2600 1171 2662 serviunt,
1191 2602 1290 2651 hoc

247 2681 332 2737 est,
361 2690 472 2739 quae
499 2682 829 2740 se-separant
868 2689 899 2725 a
935 2677 1113 2741 vulgo,
1148 2683 1290 2726 recte

245 2748 423 2801 scilicet
445 2761 500 2803 et
533 2753 676 2802 bene
710 2752 906 2802 facere.
971 2753 1088 2802 Nec
1123 2754 1290 2802 minus

202 2886 203 2889 Ἴ
244 2825 456 2878 mirabile
480 2844 620 2892 esse,
642 2829 776 2892 quod
800 2831 1102 2895 meretrices
1138 2832 1288 2880 multe

243 2911 363 2955 sunt.
428 2906 548 2956 Hoc
572 2905 709 2954 enim
734 2904 942 2955 dixitt'!
963 2907 1032 2955 Et
1055 2922 1144 2955 vos
1175 2921 1290 2956 esse

240 2977 531 3045 istiusmodi,
555 2989 614 3032 et
635 2996 726 3031 nos
747 2996 848 3030 non
869 2997 1001 3045 esse,
1036 2982 1174 3031 haud
1196 2980 1292 3032 mi'·

242 3056 388 3107 rabile
411 3060 527 3112 est.'
598 3058 763 3109 Vobis
783 3060 918 3109 enim
941 3074 1058 3109 cum
1096 3060 1165 3109 sit
1200 3075 1290 3110 vo·

241 3133 397 3185 luntas
419 3153 535 3187 cum
560 3151 666 3186 uuo
687 3137 799 3185 viro
820 3149 1026 3200 semper
1048 3149 1179 3198 esse,
1201 3137 1289 3184 de-

241 3209 361 3262 hetis
383 3229 590 3265 servare
621 3215 938 3264 bonitatem:
986 3228 1081 3262 nos
1116 3220 1287 3263 antem

241 3285 386 3339 bonas
404 3306 520 3341 esse
541 3305 645 3340 non
666 3292 839 3340 sinunt
871 3290 943 3353 hi,
965 3305 1078 3340 cum
1104 3291 1288 3355 quibus

243 3378 337 3415 rem
357 3369 624 3418 habemns.
657 3369 793 3416 Nam
819 3375 1039 3431 propter
1063 3367 1289 3431 pulchri-

242 3441 454 3495 tudinem
490 3452 719 3495 nostram
754 3450 1013 3494 amatores
1049 3459 1163 3494 esse
1199 3460 1288 3495 vo-

240 3517 359 3578 lunt,
397 3522 484 3586 qni
522 3522 775 3571 continno
808 3523 1286 3572 mutuntvoluuta-

241 3600 353 3659 tem,
385 3600 428 3650 si
464 3598 628 3649 fuerit
662 3596 827 3647 forma
865 3605 1079 3648 mutatu.
1145 3600 1287 3663 Ergo

239 3674 327 3724 nisi
348 3680 680 3741 prospectum
706 3680 829 3724 ante
851 3672 1032 3736 fuerit,
1065 3674 1287 3725 desertae

243 3757 293 3799 et
311 3766 421 3801 cum
456 3755 633 3815 inopia
667 3752 721 3800 in
751 3757 1025 3801 senectute
1048 3752 1287 3803 vivimus.

241 3824 384 3878 Unde
415 3831 489 3880 sic
524 3836 821 3893 purgatum,
851 3829 987 3894 quod
1025 3831 1160 3880 mule
1199 3845 1287 3879 an-

241 3902 340 3955 dire
363 3909 636 3971 potuisset,
657 3920 759 3957 non
792 3907 936 3970 juste
975 3907 1137 3956 malas
1172 3922 1288 3957 esse

239 3986 546 4033 meretrices.
579 3984 901 4047 Eugraphius.

244 4083 252 4091 ·
295 4063 328 4108 6
366 4058 783 4125 Vestrarum,&c.]
832 4061 1009 4111 Vestri
1031 4061 1289 4113 similium.

241 4133 515 4190 Fut-nobiae.
1292 4188 1297 4191 .

244 4243 250 4251 ·
298 4217 329 4261 8
364 4216 489 4264 Nam
522 4216 714 4280 expedit
739 4215 873 4265 vobis
895 4230 992 4265 esse
1012 4215 1178 4280 bonas]
1225 4215 1289 4265 In

244 4302 288 4338 o.
309 4290 342 4338 l.
363 4309 403 4342 s.
426 4293 504 4343 ita
528 4301 624 4357 cst,
645 4295 786 4344 bonas
805 4308 902 4344 esse
925 4293 1075 4343 vobis.
1108 4299 1164 4343 et
1186 4301 1289 4345 sta-

2262 348 2433 417 1331

1373 510 1450 561 bit
1478 512 1796 576 trochaicus,
1830 513 1893 575 si,
1928 527 1997 563 ex
2034 507 2190 561 bonus
2215 511 2428 577 eliso‘s,

1370 591 1672 655 synaloepha
1692 598 1956 655 sequatur.
1997 591 2228 640 Faernus.
2299 605 2302 610 ·

1378 703 1383 712 ,
1436 669 1668 732 Expedit,
1692 668 1801 733 ξω]
1822 670 1968 718 Bene
1984 668 2160 717 vertit.
2175 668 2307 719 utile
2330 675 2431 721 est.

1372 744 1659 796 Farnobium.

1437 823 1552 871 Non
1571 822 1757 886 sinunt]
1791 821 1941 871 Tales
1963 836 2091 873 esse.
2121 820 2138 850 ‘
2153 822 2278 886 Ipsa
2299 836 2433 872 mer-

1373 915 1460 950 ces
1515 907 1600 950 est
1652 906 2063 950 autoramentum
2130 900 2434 951 servitutis?

1373 978 1481 1028 Cic.
1505 978 1573 1027 de
1594 975 1795 1027 Officiis
1818 992 1858 1027 1.
1894 978 2045 1029 Idem.
2349 1009 2354 1014 ·

1380 1083 1383 1090 -
1436 1060 1469 1103 9
1505 1055 1691 1118 Quippe
1719 1054 1886 1113 forma
1917 1054 2109 1118 impulsi
2127 1060 2307 1115 nostru,
2349 1069 2435 1104 nos

1372 1134 1556 1196 omont]
1577 1133 1735 1181 Hunc
1756 1133 1926 1180 locum
1948 1134 2198 1182 tractavit
2217 1133 2432 1182 uberius

1372 1208 1595 1257 Plautus
1619 1209 1913 1258 Mostellar.
1938 1223 1976 1258 1.
2003 1214 2051 1258 3.
2091 1213 2172 1259 33.
2207 1209 2295 1258 ubi
2335 1224 2427 1259 an-

1373 1285 1496 1334 eilla
1537 1286 1768 1334 eumad
1808 1286 2139 1335 meretricem
2176 1286 2436 1350 juvencu-

1372 1361 1472 1409 lam
1494 1377 1508 1410 :
1547 1361 1658 1409 ‘Tu
1681 1368 1887 1411 ecastor
1907 1376 2067 1419 erras,
2089 1377 2204 1427 quae
2223 1363 2431 1428 quidem

1372 1435 1512 1487 illum
1552 1445 1800 1503 expectes
1826 1453 2001 1501 unum,
2024 1446 2178 1504 atque
2211 1440 2286 1489 illi
2314 1440 2431 1489 Mo-

1372 1529 1481 1564 rem
1520 1515 1795 1580 praeeipue
1821 1515 1896 1580 sic
1931 1530 2100 1579 geras,
2123 1517 2432 1581 atque‘alios

1371 1593 1680 1656 asperneris.
1725 1594 2007 1657 Matronae,
2028 1604 2129 1643 nou
2144 1594 2436 1644 meretricis

1373 1685 1457 1719 um
1504 1678 1606 1733 est,
1644 1686 1801 1720 unum
1843 1671 2097 1721 inservire
2136 1671 2433 1722 amantem?

1371 1755 1425 1797 et
1449 1763 1565 1797 cum
1583 1747 1669 1797 illa
1691 1746 1960 1812 exciperet
1987 1764 2001 1797 :
2030 1748 2046 1776 ‘
2068 1749 2190 1797 nolo
2212 1763 2310 1812 ego
2337 1750 2430 1797 mi·

1370 1825 1421 1874 Ιιί
1446 1825 1576 1874 mule
1602 1824 1918 1888 te,>Scapha‚
1939 1825 2273 1890 praecipere3'
2306 1826 2432 1875 Sca-

1370 1903 1470 1965 'plia
1506 1902 1582 1952 sic
1618 1903 1966 1967 prosequitur,
1998 1902 2136 1967 quod
2173 1912 2433 1966 coeptave·

1371 1987 1451 2029 rat
1466 1996 1491 2029 ·:
1524 1981 1715 2030 ‘stulta
1737 1994 1792 2028 es
1807 1971 2303 2044 'plane,·quae·Illum
2336 1965 2450 2028 tibix

1369 2065 1622 2108 aeternum
1644 2063 1798 2120 putes
1815 2055 1927 2104 fore
1950 2057 2170 2105 amicum
2193 2063 2248 2105 et
2277 2051 2436 2104 beness

1369 2136 1651 2188 volentem.
1717 2134 1910 2183 Moneo
1946 2147 2046 2197 ego
2077 2138 2162 2193 te3
2196 2140 2252 2182 te
2285 2131 2434 2181 dese·

1371 2219 1454 2262 ret
1494 2212 1582 2262 ille
1624 2217 1781 2261 aetute
1822 2207 2197 2260 et·satietate.'
2251 2209 2431 2273 adjicit

1370 2303 1517 2338 suum
1552 2288 1875 2352 exemplum:
1908 2290 1923 2316 ‘
1944 2288 2236 2349 Postremo,
2258 2286 2301 2335 si
2325 2286 2432 2335 dic·

1371 2366 1438 2416 tis
1463 2366 1645 2431 nequis
1669 2364 1904 2429 perduci,
1927 2372 1984 2414 ut
2018 2379 2145 2414 veru
2181 2364 2293 2413 haec
2317 2378 2431 2412 cre-

1368 2442 1620 2505 das,Mes
1642 2441 1783 2493 dicta
1821 2456 1888 2491 ex
1922 2440 2073 2492 factis
2113 2455 2287 2491 nosce.
2322 2454 2430 2490 rem

1366 2519 1555 2569 vides:
1593 2533 1707 2584 quae
1746 2519 1859 2581 sim,
1919 2526 1974 2568 et
2017 2532 2132 2583 quae
2159 2515 2250 2567 -fui
2292 2524 2431 2566 ante.

1367 2600 1547 2650 Nihilo
1594 2613 1711 2662 ego,
1759 2611 1909 2663 quam
1952 2603 2211 2663 nuuc-tu,
2256 2605 2431 2646 amata

1369 2688 1500 2739 sum,
1523 2683 1678 2742 atque
1711 2677 1798 2725 uni
1833 2676 1987 2725 modo
2021 2674 2159 2738 gessi
2198 2680 2427 2725 morem:

1368 2758 1470 2808 Qui
1496 2758 1582 2821 pol
1613 2770 1715 2819 me,
1730 2755 1818 2804 nbi
1843 2761 2002 2804 aetate
2027 2755 2124 2804 hoc
2143 2760 2305 2817 caput
2343 2767 2430 2802 co·

1367 2832 1529 2882 lorem
1560 2832 1803 2893 mutavit,
1824 2830 2061 2894 Reliquit
2095 2829 2431 2892 deseruitque

1366 2919 1468 2959 me.
1489 2908 1586 2958 tibi
1599 2908 1736 2957 idem
1751 2906 1989 2957 futurum
2004 2906 2199 2956 crede.’
2211 2906 2431 2970 Repetit

1370 2985 1663 3035 etdivinat
1685 3000 1698 3034 ε
1719 2985 1749 3014 ·‘
1764 2982 1837 3032 At
1859 2984 1953 3032 hoc
1973 2997 2128 3031 unum
2152 2981 2315 3032 facito
2341 2986 2434 3032 eo-'

1368 3065 1526 3126 giteS,
1547 3063 1588 3112 si
1615 3063 1756 3111 illum
1781 3060 2053 3110 inservibis
2078 3060 2263 3123 solum,
2283 3061 2427 3108 Duru

1367 3139 1465 3190 tibi
1491 3153 1625 3188 nunc
1649 3138 1762 3187 haec
1785 3137 1997 3187 aetatula
2019 3142 2118 3198 est,
2139 3137 2191 3185 in
2215 3145 2429 3185 senecta

1367 3216 1500 3264 mule
1517 3213 1766 3279 querere.’
1789 3213 1921 3262 Haec
1943 3211 2217 3261 Terentius
2240 3213 2430 3274 omnia,

1367 3289 1617 3354 expedita
1670 3287 1819 3349 ῥήσει,
1867 3288 2087 3339 rotunde
2128 3290 2427 3353 complexus

1366 3366 1466 3417 est.
1502 3367 1760 3416 Boeclerus.
2101 3394 2106 3395 ν
2435 3378 2438 3387 ·

1380 3468 1388 3480 ·
1432 3449 1495 3494 10
1532 3443 1657 3492 Hoee
1699 3443 1781 3492 ubi
1831 3442 2084 3492 immutata
2105 3441 2220 3506 est]
2266 3440 2427 3491 Liber

1361 3520 1653 3570 Bembinus
1687 3520 1972 3578 imminuta3
2005 3519 2138 3584 quod
2179 3525 2234 3569 et
2256 3521 2428 3582 aptius

1364 3597 1593 3648 videtur.
1611 3611 1726 3646 num
1745 3596 2002 3646 immutari
2024 3594 2146 3662 quid
2173 3603 2228 3646 et
2251 3596 2303 3645 in
2320 3611 2426 3645 me-

1363 3676 1461 3725 lius
1486 3682 1680 3740 potest.
1713 3674 1939 3724 Faernus.

1372 3766 1379 3775 ⁸
1429 3758 1500 3802 11-
1530 3753 1645 3802 Nisi
1686 3757 1985 3816 prospectum
2025 3752 2211 3801 interea
2246 3751 2436 3814 aliquid·

1363 3829 1497 3878 nobis
1532 3836 1621 3894 est,
1662 3832 1880 3879 desertaer
1899 3828 2128 3891 vivimus]
2179 3828 2426 3890 Legendo

1362 3906 1457 3955 nisi
1476 3906 1539 3969 si,
1559 3911 1619 3954 ut
1641 3907 1692 3954 in
1716 3906 1854 3954 libro
1876 3904 2150 3965 Bembino,
2171 3910 2227 3952 et
2244 3903 2427 3953 dictio-

1363 3997 1482 4032 nem
1540 3983 1674 4031 nobis
1708 3981 1948 4043 delendo,
1966 3988 2098 4045 squae
2137 3995 2236 4030 nec
2273 3980 2324 4028 iu
2360 3995 2427 4029 eo

1363 4061 1512 4124 libro,
1528 4075 1625 4110 nec
1647 4062 1698 4110 i'n
1721 4059 2027 4109 victoriano
2049 4065 2106 4108 et
2136 4059 2426 4108 Decurtnto

1365 4146 1463 4203 est,
1493 4145 1602 4188 stat
1649 4138 2096 4194 trochaicus,·'nec
2139 4135 2425 4199 quicquam

1366 4217 1539 4266 sensui
1578 4215 1818 4280 deperit3
1864 4213 2045 4278 procul
2086 4211 2245 4261 dubio
2288 4213 2424 4263 enim

1366 4293 1695 4358 intelligitur,
1717 4298 2049 4357 prospectum
2073 4290 2239 4342 nobie.
2267 4292 2434 4339 Idem.-
