3035 4941
519 382 887 433 Tnnnuru
935 380 1570 431 umorum-mon.
1615 382 1781 432 Aer.
1829 384 1910 435 11.
1953 383 2060 436 so.
2105 385 2219 434 111.
2302 370 2476 437 1327

290 525 533 577 cundiam
555 524 715 592 (quas,
734 527 927 589 Mum,
943 524 1186 591 mbages)
1196 553 1197 556 =
1207 530 1349 576 retu·

287 604 449 654 ierit:
485 612 640 668 atque
679 603 828 665 adeo,
866 616 932 652 ne
978 602 1167 652 iterum
1205 602 1348 651 oblo-

291 689 562 747 queretur,
602 682 934 747 praevenerit.
969 682 1190 731 medium
1214 681 1349 731 enim

290 774 348 809 se
380 758 520 823 gerit
559 759 762 809 Clinia:
809 765 865 809 et
896 759 1028 808 sicut
1063 757 1214 807 modo
1251 758 1348 820 Sy·

288 850 403 885 rum
426 843 835 897 commonuerat,
868 842 928 885 ut
951 835 1194 900 ambages
1218 835 1348 885 vita-

287 921 392 976 ret,
446 913 521 963 ita
563 927 701 963 nuuc
753 913 1099 977 Clitiphonem
1155 912 1346 977 aliquid

285 989 408 1052 Syri
431 990 671 1052 orationi,
696 990 844 1055 cujus
868 989 1176 1054 principium
1207 1002 1348 1052 aegre

286 1064 513 1130 ferebat,
532 1067 786 1117 iracunde
808 1081 1058 1131 reponere
1076 1075 1348 1132 parantem

286 1140 537 1192 coercere
555 1142 776 1211 videtur.
812 1142 1073 1193 Boeclerus.

349 1222 413 1268 81
456 1218 544 1270 Vn
565 1234 745 1281 amare,
766 1219 842 1268 eis
858 1220 1028 1284 potiri,
1048 1218 1153 1284 ξω]
1205 1218 1346 1269 Ado-

283 1296 570 1345 lescentem
591 1294 922 1361 πρωτόπειρον,
961 1303 1016 1346 et
1054 1296 1120 1347 ad
1156 1295 1348 1346 auden·

286 1370 409 1420 dum
432 1371 602 1421 adhuc
639 1370 842 1436 rudem,
870 1386 965 1438 per
1005 1370 1194 1438 gradus
1217 1387 1346 1437 prae·

285 1454 438 1512 parat
476 1453 780 1499 veteratorz
829 1450 1074 1514 periculis
1115 1451 1352 1513 volupta-.

285 1532 365 1574 tes
387 1526 524 1586 emi3
548 1540 662 1589 quae
686 1524 1069 1589 subterfugere,
1094 1527 1175 1575 vel
1200 1523 1348 1576 stulti

283 1602 367 1650 vel
393 1601 567 1665 segnis
583 1601 826 1651 amatoris
841 1602 930 1653 sit.
997 1602 1205 1652 Deinde
1227 1602 1348 1653 illuc

287 1681 552 1743 pervenit,
572 1687 632 1729 ut
653 1686 823 1730 metus
844 1680 1058 1745 periculi
1088 1681 1348 1732 minuatur

283 1755 643 1807 adolescenti:
678 1762 848 1807 tutum
871 1758 1008 1807 euim
1033 1772 1165 1820 esse,
1186 1759 1345 1809 rectis

281 1836 527 1898 verisque.
546 1833 833 1884 rationibus
846 1834 923 1884 ita
946 1835 1208 1899 provisum
1233 1835 1347 1885 des·

283 1910 611 1975 tinnitumque
652 1912 940 1977 consilium,
986 1920 1046 1961 ut
1084 1912 1148 1962 ad
1190 1911 1347 1963 finem

283 1996 523 2036 vetorum
565 1987 763 2038 scilicet
799 1994 855 2038 et
888 1987 1064 2038 statim
1088 1989 1350 2053 perveniri

283 2069 462 2128 queat.
528 2063 617 2114 Sic
663 2079 902 2130 accenso,
943 2070 1000 2116 et
1043 2066 1350 2131 requirenti,

283 2138 487 2189 consilii
511 2155 759 2191 summam
782 2156 899 2191 cum
933 2141 1235 2205 aperuisset,
1258 2155 1349 2191 ne·

284 2230 387 2281 que
412 2218 702 2281 probasset,
741 2218 804 2267 ad
835 2219 961 2269 illud
987 2219 1220 2269 ultimum
1243 2234 1348 2269 ser-

283 2293 403 2343 vilis
427 2296 773 2346 contumaciae
809 2294 1110 2360 prm-sidium
1133 2296 1347 2346 descen-

284 2369 385 2433 dit,
448 2384 552 2434 quo
607 2371 768 2421 etiam
816 2372 870 2420 in
927 2369 1123 2421 Andria
1171 2374 1348 2422 Da'vus

284 2445 618 2511 Pamphilum
633 2446 993 2513 mitigaverat:
1016 2450 1033 2478 ‘
1057 2448 1249 2498 Melius
1268 2456 1347 2499 tu-

283 2529 339 2571 te
381 2523 594 2587 reperi3
638 2537 720 2573 me
763 2524 974 2573 missum
1019 2523 1169 2575 facee
1217 2526 1348 2575 Tum

285 2599 496 2648 demum
551 2598 804 2663 Clitipho,-
838 2600 975 2650 iuter
1007 2602 1119 2666 spei
1151 2609 1348 2652 -metus-

285 2691 388 2742 que
411 2676 667 2740 ancipitia
692 2676 1143 2743 destitutus‚Syro
1161 2693 1218 2729 se
1235 2692 1348 2729 sua-

285 2768 388 2822 que
414 2754 589 2805 omnia
610 2754 885 2819 permittit.
920 2754 1069 2805 Idem.

347 2835 416 2880 82
451 2829 605 2881 Haud
639 2831 784 2881 stulte
825 2829 976 2894 sapis]
1014 2832 1132 2882 Non
1170 2832 1350 2894 stulte,

282 2908 475 2974 inquit,
514 2907 673 2971 sapis,
704 2914 760 2956 et
783 2921 897 2957 cum
924 2920 1083 2970 ames,
1108 2913 1165 2958 et
1188 2907 1347 2972 potiri

284 2983 580 3047 desideres,
601 2989 659 3032 et
685 2983 956 3048 pecuniam
988 2982 1121 3046 dari,
1147 2983 1351 3032 interea

283 3071 342 3114 tu
366 3062 566 3112 nullum
603 3061 888 3126 periculum
908 3060 1035 3109 velis
1057 3061 1312 3110 sustinere
1332 3076 1349 3124 ς

285 3138 410 3188 Hoc
456 3144 631 3187 autem
679 3137 916 3187 stultitiae
960 3143 1063 3200 est,
1119 3137 1349 3200 protinus

283 3214 427 3264 velle
449 3211 525 3277 id,
548 3203 686 3279 quod
706 3228 808 3264 non
832 3218 1006 3278 potest
1030 3212 1352 3278 contingere·

287 3291 621 3354 Eum-ophitas.

304 3373 424 3419 *84
477 3366 1179 3432 Authoeccumiusssunt]
1246 3365 1355 3418 Aut

287 3445 432 3496 enim
474 3444 673 3495 debent
728 3444 957 3495 fructum
1007 3451 1063 3494 et
1113 3443 1354 3509 potiundi

289 3522 574 3573 utilitatem
619 3537 735 3572 cum
784 3522 1018 3587 periculo
1061 3522 1352 3571 sustinere·
1335 3557 1354 3584 ,

292 3603 383 3647 aut
404 3596 604 3662 pariter
633 3604 689 3648 et
707 3598 1046 3648 commoditas
1066 3597 1354 3648 omittenda

293 3681 392 3731 est,
416 3675 462 3724 si
483 3673 769 3739 periculum
791 3673 1075 3724 devitatur.
1109 3673 1256 3724 Idm

316 3788 319 3793 .
359 3749 465 3800 Aut
485 3751 605 3812 haee,
625 3750 730 3815 ξω]
777 3750 887 3800 Aut
908 3750 1138 3815 pericula
1160 3765 1275 3801 cum
1299 3758 1356 3801 et

297 3841 395 3890 pro
415 3827 778 3878 emolumentis
803 3827 1086 3893 subeunda,
1105 3834 1194 3877 aut
1215 3842 1355 3879 emo·

297 3904 530 3954 lumenta
585 3905 690 3961 illa,
741 3918 917 3968 amare,
966 3904 1133 3968 potiri,
1184 3904 1357 3957 habere

301 3983 417 4044 quod
439 3983 526 4030 des
546 3970 622 4030 im
641 3995 755 4031 cum
777 3981 1019 4045 periculis
1040 3981 1189 4031 simul
1208 3981 1358 4032 amit·

309 4057 487 4108 tenda.
520 4058 808 4110 Farnobium

324 4168 327 4171 -
361 4134 467 4185 Aut
486 4135 785 4185 ilhcumhis
802 4135 1065 4185 omittenda
1077 4136 1210 4200 emit]
1234 4135 1358 4185 Mit-

309 4215 442 4262 tenan
483 4227 664 4262 versus
699 4212 954 4276 exposcit,
1001 4219 1058 4260 et
1090 4213 1166 4261 ita
1198 4211 1357 4264 etiam

308 4287 461 4339 babet
475 4288 609 4339 liber
622 4287 929 4339 Bembinus.
961 4287 1196 4339 Fuimus.
1288 4322 1297 4329 ι

1482 530 1546 578 85
1581 527 1775 577 Harum
1807 529 2014 579 duorum
2042 528 2192 594 nanc]
2222 530 2311 581 De
2346 529 2475 580 dua-

1416 603 1512 653 bus
1538 604 1637 652 illis
1675 605 1956 669 propositis
1978 606 2362 657 conditionibus
2387 614 2479 657 aut

1419 681 1725 745 pericnlum,
1742 688 1834 732 aut
1854 680 2077 733 fructum
2091 683 2287 747 capiat,
2299 690 2406 740 aut,
2431 684 2476 732 sl

1416 757 1711 820 periculum
1761 755 1944 822 fugiat,
1999 759 2278 809 utilitatem
2315 761 2474 809 etium

1418 833 1618 897 pariter
1656 842 1972 886 contemnat.
2038 837 2120 887 Ex
2156 836 2255 898 his,
2284 835 2476 901 iuquit,

1418 911 1705 975 quamlibet
1748 913 2097 964 conditionem
2141 914 2317 979 eligat.
2372 914 2474 963 Eu·-

1415 989 1667 1052 graphius.

1485 1066 1694 1123 Horum,
1714 1066 1818 1131 ξω]
1849 1066 2100 1131 Periculi,
2128 1073 2219 1119 aut
2254 1066 2477 1119 fructus.

1426 1144 1703 1196 Far-nobitas.

1484 1227 1550 1272 86
1598 1223 1712 1272 Etsi
1752 1223 2021 1288 consilium,
2072 1222 2178 1288 ζα]
2242 1222 2475 1275 Incitare

1418 1300 1804 1350 adolescentem
1839 1301 2004 1365 cupit,
2041 1315 2108 1350 ne
2143 1299 2332 1350 frustra
2354 1314 2478 1365 ope-

1420 1392 1529 1427 ram
1556 1375 1860 1441 perdiderit,
1883 1378 2021 1444 quod
2041 1377 2367 1428 meretricem
2386 1376 2477 1427 ad·

1421 1452 1603 1503 duxitz
1638 1455 1812 1519 itaque
1851 1455 2082 1505 ostendit
2116 1461 2287 1505 tutum
2311 1454 2479 1504 consi-

1420 1531 1543 1581 lium
1562 1546 1698 1594 esse,
1733 1532 1870 1597 quod
1891 1530 2122 1596 suscepit
2145 1537 2203 1580 ut
2226 1530 2362 1595 apud
2387 1545 2478 1594 pa-

1420 1614 1553 1658 trem
1576 1608 1744 1658 amica
1775 1609 1840 1658 sit
1860 1609 1971 1658 sine
1992 1614 2135 1658 metu
2157 1624 2171 1658 ε
2206 1613 2262 1657 et
2291 1622 2477 1671 argen-

1421 1690 1549 1746 tum,
1591 1682 1729 1749 quod
1773 1684 2075 1748 promissum
2117 1690 2218 1748 est,
2256 1682 2479 1732 inveniri

1419 1762 1602 1826 possit.
1637 1761 1958 1824 Eum-ophitas.

1485 1841 1550 1887 88
1588 1838 1705 1887 Tum
1724 1839 1802 1887 illi
1820 1840 1941 1902 quod
1961 1842 2213 1900 argentum
2229 1852 2279 1887 es
2294 1838 2479 1900 pollici·

1419 1913 1521 1977 tus]
1557 1913 1625 1965 0.
1669 1916 1705 1966 l.
1750 1930 1792 1965 s.
1835 1922 1936 1965 tum
1966 1917 2087 1980 quod
2123 1915 2232 1972 illis
2278 1922 2332 1964 et
2370 1920 2479 1964 stat

1422 1991 1732 2056 trochaicus,
1768 1991 1811 2041 si
1852 1992 1937 2040 vel
1971 2005 2036 2040 ex
2073 1992 2192 2054 quod
2222 1990 2275 2052 d,
2303 1990 2476 2039 velex

1419 2065 1494 2115 illi
1517 2081 1672 2116 unum
1695 2068 1715 2116 l
1738 2067 1916 2117 elidas.
1951 2067 2183 2117 Faernus.

1485 2146 1551 2191 89
1588 2143 1783 2192 orando
1822 2143 1991 2192 surdas
2008 2142 2117 2203 jam
2152 2155 2291 2191 aures
2317 2140 2476 2190 reddi-

1419 2219 1558 2268 deras
1597 2218 1739 2282 mihi]
1820 2219 1915 2268 Me
1960 2215 2269 2280 obtundere,
2326 2229 2477 2265 aures

1421 2309 1563 2345 meas
1587 2295 1891 2358 obtundere,
1916 2308 2019 2344 non
2048 2293 2345 2343 destiter-as.
2368 2291 2479 2341 dic-

1422 2376 1553 2434 tum,
1578 2372 1723 2436 quasi
1745 2369 1968 2437 quadam
2006 2367 2322 2435 περιφράσεως
2339 2366 2479 2419 δεινό-

1421 2467 1548 2510 τητι.
1582 2451 1844 2500 Boeclerus.

1484 2530 1550 2575 9⁰
1583 2525 1827 2590 Siquidem
1845 2523 2031 2590 hoefit]
2078 2524 2246 2576 Quam
2268 2523 2373 2573 cito
2396 2529 2480 2573 est

1422 2608 1593 2651 motus
1615 2602 1931 2665 adolescens,
1973 2601 2178 2665 quando
2198 2606 2481 2663 utrumque

1423 2691 1538 2727 esse
1568 2678 1704 2728 dixit
1736 2679 2120 2743 praeparatum?
2155 2682 2213 2728 et
2232 2682 2291 2727 ut
2314 2678 2483 2726 amica

1422 2754 1474 2803 in
1498 2754 1653 2806 domo
1694 2755 1862 2820 patris
1899 2755 2008 2805 sine
2043 2761 2188 2805 metu
2220 2754 2309 2817 sit,
2330 2759 2384 2803 et
2404 2767 2485 2803 ar·

1422 2837 1637 2894 gentum
1670 2832 1719 2880 ei
1765 2830 1901 2896 quod
1933 2830 2167 2881 debitum
2200 2836 2300 2894 est,
2333 2828 2483 2880 reddi

1426 2909 1609 2972 possit.
1642 2908 1966 2972 Engo-ophitas.

1488 2985 1798 3049 Experiundo
1817 2984 1961 3048 scies]
2013 2983 2139 3048 Ipsa
2158 2983 2366 3034 actione
2389 2999 2479 3033 ex-

1426 3069 1607 3127 pertus
1627 3075 1892 3126 agnosces.
1927 3060 2079 3110 Idem.

1489 3142 1555 3189 91
1588 3136 2004 3200 Assimulabimas]
2022 3134 2259 3185 Protasis
2274 3149 2341 3184 ex
2365 3149 2483 3199 par·

1426 3221 1481 3265 te
1504 3213 1837 3277 Clitiphonis.
1907 3211 2126 3263 Bacchis
2160 3210 2487 3261 simulabitur

1427 3305 1542 3340 esse
1575 3290 1744 3339 amica
1777 3289 1960 3339 Cliniae
1987 3305 2002 3338 ε
2044 3286 2312 3351 Antiphila
2332 3287 2489 3338 duce-

1428 3366 1515 3416 tur
1540 3380 1636 3431 pro
1652 3365 1840 3415 ancilla
1860 3363 2173 3415 Bacchidis:
2212 3370 2487 3428 extorque-

1429 3444 1574 3492 bitur
1595 3450 1864 3505 argentum
1884 3455 1915 3491 a
1936 3455 2061 3491 sene
2082 3440 2220 3506 quod
2238 3439 2489 3490 Bacchidi

1428 3520 1659 3584 Clitipho
1681 3518 2011 3582 promiserat.
2051 3515 2336 3568 For-nabin.

1492 3600 1571 3647 94³
1592 3597 1743 3646 Inmw
1763 3597 1827 3645 ad
1845 3600 1979 3645 taum
1994 3600 2197 3645 matrem
2215 3593 2492 3657 deducetur]

1429 3671 1586 3722 Liber
1606 3672 1890 3723 Bembinus
1899 3670 2172 3721 abducet-ur.
2191 3675 2247 3720 et
2265 3669 2491 3720 trochai-

1429 3763 1521 3798 cus
1545 3751 1740 3814 optime
1761 3755 1986 3799 constat.
2023 3748 2253 3798 Faernus.

1493 3830 1558 3875 9⁵
1599 3826 1815 3890 Fabula]
1864 3826 2035 3889 Nugoe
2069 3831 2191 3874 sunt
2223 3825 2356 3886 istae,
2384 3837 2490 3872 me-

1432 3917 1506 3953 roe
1531 3898 1717 3968 ger-rai.
1756 3904 2042 3954 Fan-»zabina

1495 3984 1563 4029 96
1597 3979 1741 4031 Nihil
1760 3978 2051 4046 satisfit-mi]
2105 3976 2317 4029 Nullam
2339 3976 2493 4025 ratio-

1430 4070 1551 4106 nem
1596 4057 1751 4108 video
1784 4056 2042 4105 firmitatis
2075 4054 2129 4104 in
2162 4052 2394 4115 consilio,
2433 4057 2493 4101 ut

1433 4133 1652 4183 debeam
1690 4134 1848 4184 talem
1894 4136 2090 4182 metum
2126 4127 2413 4194 suscipere,
2435 4133 2495 4177 ut

1433 4208 1572 4273 apud
1609 4216 1812 4273 patrem
1836 4209 2000 4260 amica
2028 4221 2147 4258 mes
2180 4207 2267 4257 sit.
2304 4206 2493 4269 Eup-e-

1430 4286 1591 4352 phin.
