<?xml version="1.0" encoding="UTF-8"?>
<!DOCTYPE html PUBLIC "-//W3C//DTD XHTML 1.0 Transitional//EN"
    "http://www.w3.org/TR/xhtml1/DTD/xhtml1-transitional.dtd">
<html xmlns="http://www.w3.org/1999/xhtml" xml:lang="en" lang="en">
 <head>
  <title>
</title>
<meta http-equiv="Content-Type" content="text/html;charset=utf-8" />
  <meta name='ocr-system' content='tesseract 3.04.00' />
  <meta name='ocr-capabilities' content='ocr_page ocr_carea ocr_par ocr_line ocrx_word'/>
</head>
<body>
  <div class='ocr_page' id='page_1' title='image "./comoedisexvolum00westgoog_0374.png"; bbox 0 0 3035 4941; ppageno 0'>
   <div class='ocr_carea' id='block_1_1' title="bbox 582 332 2081 416">
    <p class='ocr_par' dir='ltr' id='par_1_1' title="bbox 582 332 2081 416">
     <span class='ocr_line' id='line_1_1' title="bbox 582 332 2081 416; baseline -0.001 -20"><span class='ocrx_word' id='word_1_1' title='bbox 582 332 760 399; x_wconf 84' lang='lat'>1400</span> <span class='ocrx_word' id='word_1_2' title='bbox 1044 365 1047 372; x_wconf 92' lang='lat'>·</span> <span class='ocrx_word' id='word_1_3' title='bbox 1288 345 1523 395; x_wconf 60' lang='lat' dir='ltr'><strong>norm·</strong></span> <span class='ocrx_word' id='word_1_4' title='bbox 1554 343 1952 416; x_wconf 63' lang='lat' dir='ltr'><strong>vammum</strong></span> <span class='ocrx_word' id='word_1_5' title='bbox 2000 345 2081 394; x_wconf 76' lang='lat' dir='ltr'><strong>m</strong></span> 
     </span>
    </p>
   </div>
   <div class='ocr_carea' id='block_1_2' title="bbox 501 481 1646 560">
    <p class='ocr_par' dir='ltr' id='par_1_2' title="bbox 501 481 1646 560">
     <span class='ocr_line' id='line_1_2' title="bbox 501 481 1646 560; baseline -0.003 -19"><span class='ocrx_word' id='word_1_6' title='bbox 501 525 510 538; x_wconf 35' lang='grc' dir='ltr'>ι.</span> <span class='ocrx_word' id='word_1_7' title='bbox 578 493 706 541; x_wconf 76' lang='lat' dir='ltr'><strong>haec</strong></span> <span class='ocrx_word' id='word_1_8' title='bbox 719 481 1087 560; x_wconf 71' lang='lat' dir='ltr'><strong>suscepta-est,</strong></span> <span class='ocrx_word' id='word_1_9' title='bbox 1089 488 1104 511; x_wconf 92' lang='lat'>&#39;</span> <span class='ocrx_word' id='word_1_10' title='bbox 1128 502 1242 553; x_wconf 85' lang='lat' dir='ltr'><strong>pro,</strong></span> <span class='ocrx_word' id='word_1_11' title='bbox 1271 490 1287 517; x_wconf 91' lang='lat'>‘</span> <span class='ocrx_word' id='word_1_12' title='bbox 1305 490 1386 539; x_wconf 82' lang='lat' dir='ltr'><strong>Ex</strong></span> <span class='ocrx_word' id='word_1_13' title='bbox 1404 483 1525 554; x_wconf 84' lang='lat' dir='ltr'><strong>qua.</strong></span> <span class='ocrx_word' id='word_1_14' title='bbox 1528 487 1543 511; x_wconf 86' lang='lat'>&#39;</span> <span class='ocrx_word' id='word_1_15' title='bbox 1583 488 1646 538; x_wconf 89' lang='lat' dir='ltr'><strong>In</strong></span> 
     </span>
    </p>
   </div>
   <div class='ocr_carea' id='block_1_3' title="bbox 582 561 1663 2937">
    <p class='ocr_par' dir='ltr' id='par_1_3' title="bbox 582 561 1647 706">
     <span class='ocr_line' id='line_1_3' title="bbox 582 561 1647 632; baseline -0.005 -14"><span class='ocrx_word' id='word_1_16' title='bbox 582 568 890 632; x_wconf 84' lang='lat' dir='ltr'><strong>·Hecyra,‘</strong></span> <span class='ocrx_word' id='word_1_17' title='bbox 916 579 1140 615; x_wconf 85' lang='lat' dir='ltr'><strong>amorem</strong></span> <span class='ocrx_word' id='word_1_18' title='bbox 1184 565 1283 615; x_wconf 88' lang='lat' dir='ltr'><strong>buc</strong></span> <span class='ocrx_word' id='word_1_19' title='bbox 1340 561 1647 626; x_wconf 81' lang='lat' dir='ltr'><strong>transtulit,&#39;</strong></span> 
     </span>
     <span class='ocr_line' id='line_1_4' title="bbox 589 642 1649 707; baseline -0.004 -14"><span class='ocrx_word' id='word_1_20' title='bbox 589 644 641 693; x_wconf 89' lang='lat' dir='ltr'><strong>id</strong></span> <span class='ocrx_word' id='word_1_21' title='bbox 666 651 764 707; x_wconf 87' lang='lat' dir='ltr'><strong>est,</strong></span> <span class='ocrx_word' id='word_1_22' title='bbox 809 643 901 692; x_wconf 88' lang='lat' dir='ltr'><strong>‘in</strong></span> <span class='ocrx_word' id='word_1_23' title='bbox 938 643 1069 692; x_wconf 86' lang='lat' dir='ltr'><strong>banc</strong></span> <span class='ocrx_word' id='word_1_24' title='bbox 1106 642 1366 706; x_wconf 63' lang='lat' dir='ltr'><strong>pueliam!</strong></span> <span class='ocrx_word' id='word_1_25' title='bbox 1432 642 1649 698; x_wconf 87' lang='lat' dir='ltr'><strong>Iterum,</strong></span> 
     </span>
    </p>

    <p class='ocr_par' dir='ltr' id='par_1_4' title="bbox 588 709 1663 2456">
     <span class='ocr_line' id='line_1_5' title="bbox 588 709 1646 786; baseline -0.003 -14.879"><span class='ocrx_word' id='word_1_26' title='bbox 588 709 769 771; x_wconf 76' lang='lat' dir='ltr'><strong>‘Hinc</strong></span> <span class='ocrx_word' id='word_1_27' title='bbox 793 721 904 786; x_wconf 89' lang='lat' dir='ltr'><strong>jam</strong></span> <span class='ocrx_word' id='word_1_28' title='bbox 943 721 1085 770; x_wconf 87' lang='lat' dir='ltr'><strong>scibo</strong></span> <span class='ocrx_word' id='word_1_29' title='bbox 1107 720 1229 785; x_wconf 89' lang='lat' dir='ltr'><strong>quid</strong></span> <span class='ocrx_word' id='word_1_30' title='bbox 1268 719 1373 784; x_wconf 80' lang='lat' dir='ltr'><strong>sit,’</strong></span> <span class='ocrx_word' id='word_1_31' title='bbox 1395 734 1507 784; x_wconf 89' lang='lat' dir='ltr'><strong>pro,</strong></span> <span class='ocrx_word' id='word_1_32' title='bbox 1546 721 1646 769; x_wconf 85' lang='lat' dir='ltr'><strong>‘ex</strong></span> 
     </span>
     <span class='ocr_line' id='line_1_6' title="bbox 589 791 1648 859; baseline -0.003 -10"><span class='ocrx_word' id='word_1_33' title='bbox 589 791 704 849; x_wconf 86' lang='lat' dir='ltr'><strong>hoc.</strong></span> <span class='ocrx_word' id='word_1_34' title='bbox 711 798 724 820; x_wconf 86' lang='lat'>’</span> <span class='ocrx_word' id='word_1_35' title='bbox 788 798 852 847; x_wconf 92' lang='lat' dir='ltr'><strong>In</strong></span> <span class='ocrx_word' id='word_1_36' title='bbox 871 797 1082 846; x_wconf 88' lang='lat' dir='ltr'><strong>Phorm.</strong></span> <span class='ocrx_word' id='word_1_37' title='bbox 1118 796 1401 856; x_wconf 82' lang='lat' dir='ltr'><strong>‘aliunde,’</strong></span> <span class='ocrx_word' id='word_1_38' title='bbox 1421 810 1515 859; x_wconf 84' lang='lat' dir='ltr'><strong>pro</strong></span> <span class='ocrx_word' id='word_1_39' title='bbox 1552 796 1648 846; x_wconf 82' lang='lat' dir='ltr'><strong>‘ab</strong></span> 
     </span>
     <span class='ocr_line' id='line_1_7' title="bbox 591 872 1649 925; baseline -0.001 0"><span class='ocrx_word' id='word_1_40' title='bbox 591 874 738 925; x_wconf 63' lang='lat' dir='ltr'><strong>aliis?</strong></span> <span class='ocrx_word' id='word_1_41' title='bbox 786 875 872 924; x_wconf 89' lang='lat' dir='ltr'><strong>Sic</strong></span> <span class='ocrx_word' id='word_1_42' title='bbox 897 874 1031 924; x_wconf 86' lang='lat' dir='ltr'><strong>enim</strong></span> <span class='ocrx_word' id='word_1_43' title='bbox 1052 873 1130 922; x_wconf 85' lang='lat' dir='ltr'><strong>bis</strong></span> <span class='ocrx_word' id='word_1_44' title='bbox 1147 872 1405 923; x_wconf 75' lang='lat' dir='ltr'>adverbiis</span> <span class='ocrx_word' id='word_1_45' title='bbox 1430 873 1649 925; x_wconf 82' lang='lat' dir='ltr'><strong>uteban-</strong></span> 
     </span>
     <span class='ocr_line' id='line_1_8' title="bbox 588 949 1648 1014; baseline -0.002 -14"><span class='ocrx_word' id='word_1_46' title='bbox 588 958 679 1000; x_wconf 84' lang='lat' dir='ltr'><strong>tur</strong></span> <span class='ocrx_word' id='word_1_47' title='bbox 700 950 936 999; x_wconf 86' lang='lat' dir='ltr'><strong>Veteres.</strong></span> <span class='ocrx_word' id='word_1_48' title='bbox 993 949 1177 1014; x_wconf 91' lang='lat' dir='ltr'><strong>ltaque</strong></span> <span class='ocrx_word' id='word_1_49' title='bbox 1201 949 1397 1012; x_wconf 86' lang='lat' dir='ltr'><strong>optime</strong></span> <span class='ocrx_word' id='word_1_50' title='bbox 1411 951 1648 1014; x_wconf 80' lang='lat' dir='ltr'><strong>Excerp-</strong></span> 
     </span>
     <span class='ocr_line' id='line_1_9' title="bbox 588 1026 1652 1092; baseline 0.001 -16"><span class='ocrx_word' id='word_1_51' title='bbox 588 1034 675 1077; x_wconf 73' lang='grc' dir='ltr'>τοι·</span> <span class='ocrx_word' id='word_1_52' title='bbox 691 1028 918 1077; x_wconf 83' lang='lat' dir='ltr'><strong>hocloco</strong></span> <span class='ocrx_word' id='word_1_53' title='bbox 936 1026 1111 1089; x_wconf 80' lang='lat' dir='ltr'><strong>posuit</strong></span> <span class='ocrx_word' id='word_1_54' title='bbox 1132 1026 1244 1075; x_wconf 68' lang='lat' dir='ltr'><strong>baie</strong></span> <span class='ocrx_word' id='word_1_55' title='bbox 1266 1027 1442 1085; x_wconf 85' lang='lat' dir='ltr'><strong>verba,</strong></span> <span class='ocrx_word' id='word_1_56' title='bbox 1467 1029 1482 1056; x_wconf 88' lang='lat'>‘</span> <span class='ocrx_word' id='word_1_57' title='bbox 1503 1028 1652 1092; x_wconf 84' lang='lat' dir='ltr'><strong>quasi</strong></span> 
     </span>
     <span class='ocr_line' id='line_1_10' title="bbox 590 1101 1649 1167; baseline -0.002 -13"><span class='ocrx_word' id='word_1_58' title='bbox 590 1103 829 1167; x_wconf 81' lang='lat' dir='ltr'><strong>quaedam</strong></span> <span class='ocrx_word' id='word_1_59' title='bbox 865 1116 1023 1152; x_wconf 77' lang='lat' dir='ltr'><strong>causa</strong></span> <span class='ocrx_word' id='word_1_60' title='bbox 1063 1102 1132 1150; x_wconf 89' lang='lat' dir='ltr'><strong>sit</strong></span> <span class='ocrx_word' id='word_1_61' title='bbox 1184 1101 1451 1162; x_wconf 65' lang='lat' dir='ltr'><strong>tristitie!</strong></span> <span class='ocrx_word' id='word_1_62' title='bbox 1516 1103 1649 1154; x_wconf 82' lang='lat' dir='ltr'><strong>Quae</strong></span> 
     </span>
     <span class='ocr_line' id='line_1_11' title="bbox 591 1179 1651 1245; baseline -0.003 -12"><span class='ocrx_word' id='word_1_63' title='bbox 591 1189 736 1242; x_wconf 85' lang='lat' dir='ltr'><strong>nota,</strong></span> <span class='ocrx_word' id='word_1_64' title='bbox 758 1192 1069 1245; x_wconf 73' lang='lat' dir='ltr'><strong>quanquam,</strong></span> <span class='ocrx_word' id='word_1_65' title='bbox 1091 1184 1149 1230; x_wconf 90' lang='lat' dir='ltr'><strong>ut</strong></span> <span class='ocrx_word' id='word_1_66' title='bbox 1167 1179 1291 1228; x_wconf 89' lang='lat' dir='ltr'><strong>mihi</strong></span> <span class='ocrx_word' id='word_1_67' title='bbox 1313 1179 1541 1243; x_wconf 81' lang='lat' dir='ltr'><strong>videtur,</strong></span> <span class='ocrx_word' id='word_1_68' title='bbox 1561 1179 1651 1230; x_wconf 82' lang='lat' dir='ltr'><strong>de-</strong></span> 
     </span>
     <span class='ocr_line' id='line_1_12' title="bbox 593 1254 1651 1321; baseline -0.001 -14"><span class='ocrx_word' id='word_1_69' title='bbox 593 1262 821 1317; x_wconf 80' lang='lat' dir='ltr'><strong>curtata,</strong></span> <span class='ocrx_word' id='word_1_70' title='bbox 864 1254 918 1304; x_wconf 84' lang='lat' dir='ltr'><strong>id</strong></span> <span class='ocrx_word' id='word_1_71' title='bbox 961 1254 1088 1304; x_wconf 84' lang='lat' dir='ltr'><strong>satis</strong></span> <span class='ocrx_word' id='word_1_72' title='bbox 1113 1254 1312 1314; x_wconf 78' lang='lat' dir='ltr'><strong>indicat</strong></span> <span class='ocrx_word' id='word_1_73' title='bbox 1347 1255 1488 1321; x_wconf 89' lang='lat' dir='ltr'><strong>quod</strong></span> <span class='ocrx_word' id='word_1_74' title='bbox 1514 1257 1651 1306; x_wconf 84' lang='lat' dir='ltr'><strong>dieo.</strong></span> 
     </span>
     <span class='ocr_line' id='line_1_13' title="bbox 594 1330 1655 1393; baseline -0.001 -12"><span class='ocrx_word' id='word_1_75' title='bbox 594 1334 749 1393; x_wconf 91' lang='lat' dir='ltr'><strong>Dein,</strong></span> <span class='ocrx_word' id='word_1_76' title='bbox 778 1346 881 1381; x_wconf 89' lang='lat' dir='ltr'><strong>non</strong></span> <span class='ocrx_word' id='word_1_77' title='bbox 920 1331 1040 1381; x_wconf 89' lang='lat' dir='ltr'><strong>ideo</strong></span> <span class='ocrx_word' id='word_1_78' title='bbox 1086 1330 1251 1381; x_wconf 88' lang='lat' dir='ltr'><strong>tristis</strong></span> <span class='ocrx_word' id='word_1_79' title='bbox 1295 1340 1412 1381; x_wconf 87' lang='lat' dir='ltr'><strong>erat</strong></span> <span class='ocrx_word' id='word_1_80' title='bbox 1451 1333 1655 1381; x_wconf 82' lang='lat' dir='ltr'><strong>Demea</strong></span> 
     </span>
     <span class='ocr_line' id='line_1_14' title="bbox 588 1406 1654 1473; baseline -0.001 -15"><span class='ocrx_word' id='word_1_81' title='bbox 588 1409 732 1473; x_wconf 77' lang='lat' dir='ltr'><strong>quod</strong></span> <span class='ocrx_word' id='word_1_82' title='bbox 770 1407 928 1456; x_wconf 83' lang='lat' dir='ltr'><strong>fliium</strong></span> <span class='ocrx_word' id='word_1_83' title='bbox 974 1406 1190 1456; x_wconf 85' lang='lat' dir='ltr'><strong>haberet</strong></span> <span class='ocrx_word' id='word_1_84' title='bbox 1221 1408 1538 1470; x_wconf 82' lang='lat' dir='ltr'><strong>AEschinurn‚</strong></span> <span class='ocrx_word' id='word_1_85' title='bbox 1560 1407 1654 1457; x_wconf 86' lang='lat' dir='ltr'><strong>sed</strong></span> 
     </span>
     <span class='ocr_line' id='line_1_15' title="bbox 594 1483 1655 1550; baseline 0.001 -17"><span class='ocrx_word' id='word_1_86' title='bbox 594 1485 730 1550; x_wconf 88' lang='lat' dir='ltr'><strong>quod</strong></span> <span class='ocrx_word' id='word_1_87' title='bbox 774 1499 890 1535; x_wconf 90' lang='lat' dir='ltr'><strong>eum</strong></span> <span class='ocrx_word' id='word_1_88' title='bbox 932 1483 1069 1547; x_wconf 86' lang='lat' dir='ltr'><strong>apud</strong></span> <span class='ocrx_word' id='word_1_89' title='bbox 1093 1484 1374 1534; x_wconf 81' lang='lat' dir='ltr'><strong>Micionem</strong></span> <span class='ocrx_word' id='word_1_90' title='bbox 1403 1485 1655 1546; x_wconf 84' lang='lat' dir='ltr'><strong>baberet;</strong></span> 
     </span>
     <span class='ocr_line' id='line_1_16' title="bbox 595 1560 1655 1626; baseline 0.001 -17"><span class='ocrx_word' id='word_1_91' title='bbox 595 1568 611 1590; x_wconf 80' lang='lat'><em>‘</em></span> <span class='ocrx_word' id='word_1_92' title='bbox 637 1560 764 1622; x_wconf 88' lang='lat' dir='ltr'><strong>ubi,&#39;</strong></span> <span class='ocrx_word' id='word_1_93' title='bbox 805 1561 982 1623; x_wconf 76' lang='lat' dir='ltr'><strong>igitur,</strong></span> <span class='ocrx_word' id='word_1_94' title='bbox 1037 1560 1089 1608; x_wconf 90' lang='lat' dir='ltr'><strong>id</strong></span> <span class='ocrx_word' id='word_1_95' title='bbox 1135 1569 1218 1610; x_wconf 86' lang='lat' dir='ltr'><strong>est</strong></span> <span class='ocrx_word' id='word_1_96' title='bbox 1263 1561 1432 1625; x_wconf 84' lang='lat' dir='ltr'><strong>‘apud</strong></span> <span class='ocrx_word' id='word_1_97' title='bbox 1469 1560 1655 1626; x_wconf 88' lang='lat' dir='ltr'><strong>quem&#39;</strong></span> 
     </span>
     <span class='ocr_line' id='line_1_17' title="bbox 594 1637 1662 1702; baseline 0.002 -15"><span class='ocrx_word' id='word_1_98' title='bbox 594 1638 911 1701; x_wconf 77' lang='lat' dir='ltr'><strong>corruptelae-</strong></span> <span class='ocrx_word' id='word_1_99' title='bbox 944 1644 1000 1686; x_wconf 90' lang='lat' dir='ltr'><strong>et</strong></span> <span class='ocrx_word' id='word_1_100' title='bbox 1044 1637 1291 1701; x_wconf 78' lang='lat' dir='ltr'><strong>nequitiae</strong></span> <span class='ocrx_word' id='word_1_101' title='bbox 1317 1652 1529 1702; x_wconf 85' lang='lat' dir='ltr'><strong>operam</strong></span> <span class='ocrx_word' id='word_1_102' title='bbox 1552 1638 1662 1701; x_wconf 72' lang='lat' dir='ltr'><strong>dat⁸</strong></span> 
     </span>
     <span class='ocr_line' id='line_1_18' title="bbox 595 1712 1657 1777; baseline 0.005 -15"><span class='ocrx_word' id='word_1_103' title='bbox 595 1713 785 1764; x_wconf 62' lang='lat' dir='ltr'><strong>Gallica</strong></span> <span class='ocrx_word' id='word_1_104' title='bbox 807 1712 967 1777; x_wconf 81' lang='lat' dir='ltr'><strong>igitur</strong></span> <span class='ocrx_word' id='word_1_105' title='bbox 989 1727 1166 1763; x_wconf 86' lang='lat' dir='ltr'><strong>sensus</strong></span> <span class='ocrx_word' id='word_1_106' title='bbox 1196 1722 1311 1764; x_wconf 64' lang='lat' dir='ltr'><strong>esti</strong></span> <span class='ocrx_word' id='word_1_107' title='bbox 1349 1717 1433 1764; x_wconf 88' lang='lat' dir='ltr'><strong>Me</strong></span> <span class='ocrx_word' id='word_1_108' title='bbox 1466 1718 1657 1767; x_wconf 65' lang='lat' dir='ltr'><strong>dwian-</strong></span> 
     </span>
     <span class='ocr_line' id='line_1_19' title="bbox 592 1790 1659 1855; baseline 0.003 -16"><span class='ocrx_word' id='word_1_109' title='bbox 592 1791 678 1839; x_wconf 69' lang='lat' dir='ltr'><strong>dez</strong></span> <span class='ocrx_word' id='word_1_110' title='bbox 714 1806 826 1839; x_wconf 73' lang='lat' dir='ltr'><strong>vous</strong></span> <span class='ocrx_word' id='word_1_111' title='bbox 858 1791 916 1840; x_wconf 80' lang='lat' dir='ltr'><strong>de</strong></span> <span class='ocrx_word' id='word_1_112' title='bbox 952 1790 1492 1854; x_wconf 68' lang='lat' dir='ltr'><strong>quoy-Jemistriste?</strong></span> <span class='ocrx_word' id='word_1_113' title='bbox 1557 1793 1659 1855; x_wconf 83' lang='lat' dir='ltr'><strong>He,</strong></span> 
     </span>
     <span class='ocr_line' id='line_1_20' title="bbox 592 1868 1663 1933; baseline 0.005 -18"><span class='ocrx_word' id='word_1_114' title='bbox 592 1873 818 1917; x_wconf 70' lang='lat' dir='ltr'><strong>comat</strong></span> <span class='ocrx_word' id='word_1_115' title='bbox 842 1868 964 1917; x_wconf 76' lang='lat' dir='ltr'><strong>rte-le</strong></span> <span class='ocrx_word' id='word_1_116' title='bbox 979 1868 1195 1929; x_wconf 65' lang='lat' dir='ltr'><strong>servis-je</strong></span> <span class='ocrx_word' id='word_1_117' title='bbox 1231 1883 1302 1932; x_wconf 79' lang='lat' dir='ltr'><strong>as,</strong></span> <span class='ocrx_word' id='word_1_118' title='bbox 1335 1870 1534 1933; x_wconf 74' lang='lat' dir='ltr'><strong>picisque</strong></span> <span class='ocrx_word' id='word_1_119' title='bbox 1552 1885 1663 1920; x_wconf 82' lang='lat' dir='ltr'><strong>vous</strong></span> 
     </span>
     <span class='ocr_line' id='line_1_21' title="bbox 593 1937 1663 2008; baseline 0.006 -16"><span class='ocrx_word' id='word_1_120' title='bbox 593 1937 968 2008; x_wconf 59' lang='lat' dir='ltr'><strong>wesmonfils</strong></span> <span class='ocrx_word' id='word_1_121' title='bbox 1002 1944 1111 1993; x_wconf 60' lang='lat' dir='ltr'><strong>cleis</strong></span> <span class='ocrx_word' id='word_1_122' title='bbox 1142 1959 1272 2001; x_wconf 79' lang='lat' dir='ltr'><strong>vous,</strong></span> <span class='ocrx_word' id='word_1_123' title='bbox 1305 1948 1663 2000; x_wconf 67' lang='lat' dir='ltr'><strong>oailoitdelo</strong></span> 
     </span>
     <span class='ocr_line' id='line_1_22' title="bbox 592 2023 1662 2087; baseline 0.006 -16"><span class='ocrx_word' id='word_1_124' title='bbox 592 2023 804 2072; x_wconf 71' lang='lat' dir='ltr'><strong>muniere</strong></span> <span class='ocrx_word' id='word_1_125' title='bbox 823 2024 887 2072; x_wconf 80' lang='lat' dir='ltr'><strong>du</strong></span> <span class='ocrx_word' id='word_1_126' title='bbox 907 2024 1077 2073; x_wconf 80' lang='lat' dir='ltr'><strong>monde</strong></span> <span class='ocrx_word' id='word_1_127' title='bbox 1121 2025 1168 2071; x_wconf 82' lang='lat' dir='ltr'><strong>lo</strong></span> <span class='ocrx_word' id='word_1_128' title='bbox 1202 2026 1312 2087; x_wconf 74' lang='lat' dir='ltr'><strong>plna</strong></span> <span class='ocrx_word' id='word_1_129' title='bbox 1344 2026 1662 2077; x_wconf 62' lang='lat' dir='ltr'><strong>mammete?</strong></span> 
     </span>
     <span class='ocr_line' id='line_1_23' title="bbox 597 2099 1659 2156; baseline 0.006 -9"><span class='ocrx_word' id='word_1_130' title='bbox 597 2099 695 2147; x_wconf 87' lang='lat' dir='ltr'><strong>Vel</strong></span> <span class='ocrx_word' id='word_1_131' title='bbox 722 2125 725 2130; x_wconf 90' lang='lat'><em>·</em></span> <span class='ocrx_word' id='word_1_132' title='bbox 752 2099 1041 2156; x_wconf 84' lang='lat' dir='ltr'><strong>rotundius,</strong></span> <span class='ocrx_word' id='word_1_133' title='bbox 1105 2100 1230 2150; x_wconf 79' lang='lat' dir='ltr'><strong>Vous</strong></span> <span class='ocrx_word' id='word_1_134' title='bbox 1280 2117 1354 2150; x_wconf 77' lang='lat' dir='ltr'><strong>me</strong></span> <span class='ocrx_word' id='word_1_135' title='bbox 1406 2105 1659 2153; x_wconf 70' lang='lat' dir='ltr'><strong>demandes</strong></span> 
     </span>
     <span class='ocr_line' id='line_1_24' title="bbox 591 2174 1659 2243; baseline 0.005 -19"><span class='ocrx_word' id='word_1_136' title='bbox 591 2189 828 2239; x_wconf 74' lang='lat' dir='ltr'><strong>pout-quoy</strong></span> <span class='ocrx_word' id='word_1_137' title='bbox 847 2174 903 2235; x_wconf 73' lang='lat' dir='ltr'><strong>je</strong></span> <span class='ocrx_word' id='word_1_138' title='bbox 943 2176 1041 2225; x_wconf 82' lang='lat' dir='ltr'><strong>suis</strong></span> <span class='ocrx_word' id='word_1_139' title='bbox 1084 2177 1238 2239; x_wconf 77' lang='lat' dir='ltr'><strong>triste,</strong></span> <span class='ocrx_word' id='word_1_140' title='bbox 1269 2193 1382 2229; x_wconf 77' lang='lat' dir='ltr'><strong>vous</strong></span> <span class='ocrx_word' id='word_1_141' title='bbox 1424 2179 1554 2228; x_wconf 61' lang='lat' dir='ltr'><strong>cluis&lt;</strong></span> <span class='ocrx_word' id='word_1_142' title='bbox 1573 2180 1659 2243; x_wconf 81' lang='lat' dir='ltr'><strong>qui</strong></span> 
     </span>
     <span class='ocr_line' id='line_1_25' title="bbox 591 2252 1659 2319; baseline 0.007 -19"><span class='ocrx_word' id='word_1_143' title='bbox 591 2254 806 2301; x_wconf 70' lang='lat' dir='ltr'><strong>domeure</strong></span> <span class='ocrx_word' id='word_1_144' title='bbox 831 2252 1072 2303; x_wconf 64' lang='lat' dir='ltr'><strong>Ezechiae?</strong></span> <span class='ocrx_word' id='word_1_145' title='bbox 1109 2253 1246 2304; x_wconf 67' lang='lat' dir='ltr'><strong>⁴&#39;uest</strong></span> <span class='ocrx_word' id='word_1_146' title='bbox 1266 2270 1318 2305; x_wconf 81' lang='lat' dir='ltr'><strong>oe</strong></span> <span class='ocrx_word' id='word_1_147' title='bbox 1350 2271 1441 2319; x_wconf 80' lang='lat' dir='ltr'><strong>pas</strong></span> <span class='ocrx_word' id='word_1_148' title='bbox 1479 2272 1545 2307; x_wconf 77' lang='lat' dir='ltr'><strong>tm</strong></span> <span class='ocrx_word' id='word_1_149' title='bbox 1583 2273 1659 2307; x_wconf 78' lang='lat' dir='ltr'><strong>aa·</strong></span> 
     </span>
     <span class='ocr_line' id='line_1_26' title="bbox 592 2329 1659 2440; baseline 0.008 -63"><span class='ocrx_word' id='word_1_150' title='bbox 592 2344 668 2378; x_wconf 79' lang='lat' dir='ltr'><strong>sez</strong></span> <span class='ocrx_word' id='word_1_151' title='bbox 699 2332 859 2392; x_wconf 79' lang='lat' dir='ltr'><strong>grand</strong></span> <span class='ocrx_word' id='word_1_152' title='bbox 880 2329 1004 2391; x_wconf 67' lang='lat' dir='ltr'><strong>sajet</strong></span> <span class='ocrx_word' id='word_1_153' title='bbox 1034 2333 1093 2380; x_wconf 81' lang='lat' dir='ltr'><strong>de</strong></span> <span class='ocrx_word' id='word_1_154' title='bbox 1127 2331 1323 2440; x_wconf 74' lang='lat' dir='ltr'><strong>douleur</strong></span> <span class='ocrx_word' id='word_1_155' title='bbox 1352 2350 1470 2397; x_wconf 75' lang='lat' dir='ltr'><strong>pom·</strong></span> <span class='ocrx_word' id='word_1_156' title='bbox 1503 2351 1647 2403; x_wconf 70' lang='lat' dir='ltr'><strong>moy.</strong></span> <span class='ocrx_word' id='word_1_157' title='bbox 1632 2335 1659 2374; x_wconf 75' lang='lat'><strong>‘1</strong></span> 
     </span>
     <span class='ocr_line' id='line_1_27' title="bbox 597 2408 921 2459; baseline 0 -3"><span class='ocrx_word' id='word_1_158' title='bbox 597 2408 787 2459; x_wconf 83' lang='lat' dir='ltr'><strong>Faber.</strong></span> <span class='ocrx_word' id='word_1_159' title='bbox 916 2437 921 2442; x_wconf 72' lang='lat'><em>›</em></span> 
     </span>
    </p>

    <p class='ocr_par' dir='ltr' id='par_1_5' title="bbox 598 2433 1658 2626">
     <span class='ocr_line' id='line_1_28' title="bbox 662 2433 1658 2556; baseline 0.011 -23"><span class='ocrx_word' id='word_1_160' title='bbox 662 2489 691 2532; x_wconf 76' lang='lat'>3</span> <span class='ocrx_word' id='word_1_161' title='bbox 734 2486 912 2536; x_wconf 78' lang='lat' dir='ltr'><strong>Dixine</strong></span> <span class='ocrx_word' id='word_1_162' title='bbox 946 2488 1032 2536; x_wconf 76' lang='lat' dir='ltr'><strong>hoc</strong></span> <span class='ocrx_word' id='word_1_163' title='bbox 1055 2488 1219 2553; x_wconf 78' lang='lat' dir='ltr'><strong>sore]</strong></span> <span class='ocrx_word' id='word_1_164' title='bbox 1197 2433 1400 2540; x_wconf 79' lang='lat' dir='ltr'><strong>credo</strong></span> <span class='ocrx_word' id='word_1_165' title='bbox 1429 2492 1561 2556; x_wconf 84' lang='lat' dir='ltr'><strong>jam,</strong></span> <span class='ocrx_word' id='word_1_166' title='bbox 1597 2497 1658 2544; x_wconf 89' lang='lat' dir='ltr'><strong>nt</strong></span> 
     </span>
     <span class='ocr_line' id='line_1_29' title="bbox 598 2561 1355 2626; baseline 0.011 -18"><span class='ocrx_word' id='word_1_167' title='bbox 598 2561 751 2621; x_wconf 85' lang='lat' dir='ltr'><strong>solet,</strong></span> <span class='ocrx_word' id='word_1_168' title='bbox 773 2561 1091 2626; x_wconf 83' lang='lat' dir='ltr'><strong>objurgabit.</strong></span> <span class='ocrx_word' id='word_1_169' title='bbox 1106 2566 1355 2616; x_wconf 71' lang='lat' dir='ltr'><strong>Donum.</strong></span> 
     </span>
    </p>

    <p class='ocr_par' dir='ltr' id='par_1_6' title="bbox 598 2638 1661 2937">
     <span class='ocr_line' id='line_1_30' title="bbox 661 2638 1661 2706; baseline 0.01 -20"><span class='ocrx_word' id='word_1_170' title='bbox 661 2643 693 2687; x_wconf 83' lang='lat'>4</span> <span class='ocrx_word' id='word_1_171' title='bbox 735 2638 866 2693; x_wconf 77' lang='lat' dir='ltr'><strong>Quid</strong></span> <span class='ocrx_word' id='word_1_172' title='bbox 895 2638 1190 2706; x_wconf 75' lang='lat' dir='ltr'><strong>illefecerit]</strong></span> <span class='ocrx_word' id='word_1_173' title='bbox 1226 2641 1661 2696; x_wconf 75' lang='lat' dir='ltr'><strong>Animadverten-</strong></span> 
     </span>
     <span class='ocr_line' id='line_1_31' title="bbox 598 2711 1660 2784; baseline 0.011 -24"><span class='ocrx_word' id='word_1_174' title='bbox 598 2711 736 2774; x_wconf 83' lang='lat' dir='ltr'><strong>dum,</strong></span> <span class='ocrx_word' id='word_1_175' title='bbox 759 2720 818 2762; x_wconf 89' lang='lat' dir='ltr'><strong>ut</strong></span> <span class='ocrx_word' id='word_1_176' title='bbox 840 2713 1192 2779; x_wconf 72' lang='lat' dir='ltr'><strong>interrogatus</strong></span> <span class='ocrx_word' id='word_1_177' title='bbox 1211 2717 1501 2784; x_wconf 79' lang='lat' dir='ltr'><strong>interroget</strong></span> <span class='ocrx_word' id='word_1_178' title='bbox 1515 2736 1660 2772; x_wconf 84' lang='lat' dir='ltr'><strong>more</strong></span> 
     </span>
     <span class='ocr_line' id='line_1_32' title="bbox 598 2788 1661 2863; baseline 0.011 -28"><span class='ocrx_word' id='word_1_179' title='bbox 598 2788 1002 2852; x_wconf 76' lang='lat' dir='ltr'><strong>indignantium.</strong></span> <span class='ocrx_word' id='word_1_180' title='bbox 1067 2793 1217 2845; x_wconf 80' lang='lat' dir='ltr'><strong>Quod</strong></span> <span class='ocrx_word' id='word_1_181' title='bbox 1241 2793 1522 2854; x_wconf 82' lang='lat' dir='ltr'><strong>ideofacit‚</strong></span> <span class='ocrx_word' id='word_1_182' title='bbox 1539 2797 1661 2863; x_wconf 86' lang='lat' dir='ltr'><strong>quia</strong></span> 
     </span>
     <span class='ocr_line' id='line_1_33' title="bbox 598 2862 1661 2937; baseline 0.011 -25"><span class='ocrx_word' id='word_1_183' title='bbox 598 2864 747 2914; x_wconf 79' lang='lat' dir='ltr'><strong>videt</strong></span> <span class='ocrx_word' id='word_1_184' title='bbox 766 2862 1054 2917; x_wconf 77' lang='lat' dir='ltr'><strong>Micionem</strong></span> <span class='ocrx_word' id='word_1_185' title='bbox 1072 2883 1136 2918; x_wconf 90' lang='lat' dir='ltr'><strong>eo</strong></span> <span class='ocrx_word' id='word_1_186' title='bbox 1154 2870 1298 2919; x_wconf 82' lang='lat' dir='ltr'><strong>vultu</strong></span> <span class='ocrx_word' id='word_1_187' title='bbox 1317 2871 1661 2937; x_wconf 84' lang='lat' dir='ltr'><strong>interrogare,</strong></span> 
     </span>
    </p>
   </div>
   <div class='ocr_carea' id='block_1_4' title="bbox 600 2940 1660 3082">
    <p class='ocr_par' dir='ltr' id='par_1_7' title="bbox 600 2940 1660 3082">
     <span class='ocr_line' id='line_1_34' title="bbox 600 2940 1660 3013; baseline 0.012 -25"><span class='ocrx_word' id='word_1_188' title='bbox 600 2946 660 2989; x_wconf 89' lang='lat' dir='ltr'><strong>nt</strong></span> <span class='ocrx_word' id='word_1_189' title='bbox 682 2940 922 2991; x_wconf 88' lang='lat' dir='ltr'><strong>videatur</strong></span> <span class='ocrx_word' id='word_1_190' title='bbox 953 2943 1118 2993; x_wconf 80' lang='lat' dir='ltr'><strong>minus</strong></span> <span class='ocrx_word' id='word_1_191' title='bbox 1148 2946 1533 3013; x_wconf 77' lang='lat' dir='ltr'><strong>reprehendere</strong></span> <span class='ocrx_word' id='word_1_192' title='bbox 1553 2952 1660 3001; x_wconf 86' lang='lat' dir='ltr'><strong>cui·</strong></span> 
     </span>
     <span class='ocr_line' id='line_1_35' title="bbox 601 3019 1175 3082; baseline 0.007 -15"><span class='ocrx_word' id='word_1_193' title='bbox 601 3032 720 3082; x_wconf 76' lang='lat' dir='ltr'><strong>pam</strong></span> <span class='ocrx_word' id='word_1_194' title='bbox 743 3019 986 3069; x_wconf 83' lang='lat' dir='ltr'><strong>AEschini.</strong></span> <span class='ocrx_word' id='word_1_195' title='bbox 1024 3020 1175 3071; x_wconf 82' lang='lat' dir='ltr'><strong><em>Idem.</em></strong></span> 
     </span>
    </p>
   </div>
   <div class='ocr_carea' id='block_1_5' title="bbox 530 3096 1663 3244">
    <p class='ocr_par' dir='ltr' id='par_1_8' title="bbox 530 3096 1663 3244">
     <span class='ocr_line' id='line_1_36' title="bbox 530 3096 1663 3171; baseline 0.01 -28"><span class='ocrx_word' id='word_1_196' title='bbox 530 3164 541 3171; x_wconf 22' lang='lat' dir='ltr'>x</span> <span class='ocrx_word' id='word_1_197' title='bbox 669 3096 800 3152; x_wconf 74' lang='lat' dir='ltr'><strong>Quid</strong></span> <span class='ocrx_word' id='word_1_198' title='bbox 819 3097 1084 3156; x_wconf 76' lang='lat' dir='ltr'><strong>illeseoerit</strong></span> <span class='ocrx_word' id='word_1_199' title='bbox 1097 3096 1123 3148; x_wconf 71' lang='lat'><strong>:2</strong></span> <span class='ocrx_word' id='word_1_200' title='bbox 1152 3099 1259 3164; x_wconf 57' lang='lat' dir='ltr'><strong>esa]</strong></span> <span class='ocrx_word' id='word_1_201' title='bbox 1280 3101 1663 3154; x_wconf 70' lang='lat' dir='ltr'><strong>stomachantis</strong></span> 
     </span>
     <span class='ocr_line' id='line_1_37' title="bbox 600 3171 1663 3244; baseline 0.007 -21"><span class='ocrx_word' id='word_1_202' title='bbox 600 3171 835 3223; x_wconf 79' lang='lat' dir='ltr'><strong>affectu:</strong></span> <span class='ocrx_word' id='word_1_203' title='bbox 870 3179 927 3222; x_wconf 90' lang='lat' dir='ltr'><strong>at</strong></span> <span class='ocrx_word' id='word_1_204' title='bbox 972 3175 1165 3239; x_wconf 82' lang='lat' dir='ltr'><strong>rogitas</strong></span> <span class='ocrx_word' id='word_1_205' title='bbox 1209 3178 1365 3227; x_wconf 87' lang='lat' dir='ltr'><strong>etiam</strong></span> <span class='ocrx_word' id='word_1_206' title='bbox 1405 3179 1529 3244; x_wconf 88' lang='lat' dir='ltr'><strong>quid</strong></span> <span class='ocrx_word' id='word_1_207' title='bbox 1575 3181 1663 3230; x_wconf 88' lang='lat' dir='ltr'><strong>ille</strong></span> 
     </span>
    </p>
   </div>
   <div class='ocr_carea' id='block_1_6' title="bbox 602 3249 1738 3314">
    <p class='ocr_par' dir='ltr' id='par_1_9' title="bbox 602 3249 1738 3314">
     <span class='ocr_line' id='line_1_38' title="bbox 602 3249 1738 3314; baseline 0.01 -15"><span class='ocrx_word' id='word_1_208' title='bbox 602 3249 826 3301; x_wconf 76' lang='lat' dir='ltr'><strong>fecerit?</strong></span> <span class='ocrx_word' id='word_1_209' title='bbox 857 3259 910 3301; x_wconf 84' lang='lat' dir='ltr'><strong>et</strong></span> <span class='ocrx_word' id='word_1_210' title='bbox 924 3252 1034 3314; x_wconf 87' lang='lat' dir='ltr'><strong>jam</strong></span> <span class='ocrx_word' id='word_1_211' title='bbox 1059 3267 1160 3302; x_wconf 91' lang='lat' dir='ltr'><strong>non</strong></span> <span class='ocrx_word' id='word_1_212' title='bbox 1202 3255 1378 3306; x_wconf 79' lang='lat' dir='ltr'><strong>statim</strong></span> <span class='ocrx_word' id='word_1_213' title='bbox 1412 3256 1665 3309; x_wconf 75' lang='lat' dir='ltr'><strong>describit</strong></span> <span class='ocrx_word' id='word_1_214' title='bbox 1706 3273 1738 3289; x_wconf 44' lang='grc'><strong>·’</strong></span> 
     </span>
    </p>
   </div>
   <div class='ocr_carea' id='block_1_7' title="bbox 594 3323 1669 4316">
    <p class='ocr_par' dir='ltr' id='par_1_10' title="bbox 594 3323 1668 4005">
     <span class='ocr_line' id='line_1_39' title="bbox 596 3323 1666 3398; baseline 0.009 -23"><span class='ocrx_word' id='word_1_215' title='bbox 596 3323 819 3388; x_wconf 76' lang='lat' dir='ltr'><strong>factum,</strong></span> <span class='ocrx_word' id='word_1_216' title='bbox 833 3327 925 3376; x_wconf 88' lang='lat' dir='ltr'><strong>sed</strong></span> <span class='ocrx_word' id='word_1_217' title='bbox 942 3328 1168 3379; x_wconf 86' lang='lat' dir='ltr'><strong>animum</strong></span> <span class='ocrx_word' id='word_1_218' title='bbox 1186 3329 1428 3383; x_wconf 83' lang='lat' dir='ltr'><strong>facientis</strong></span> <span class='ocrx_word' id='word_1_219' title='bbox 1450 3345 1666 3398; x_wconf 82' lang='lat' dir='ltr'><strong>corrup·</strong></span> 
     </span>
     <span class='ocr_line' id='line_1_40' title="bbox 594 3405 1664 3476; baseline 0.01 -24"><span class='ocrx_word' id='word_1_220' title='bbox 594 3411 712 3453; x_wconf 71' lang='lat' dir='ltr'><strong>tuni</strong></span> <span class='ocrx_word' id='word_1_221' title='bbox 729 3405 977 3469; x_wconf 76' lang='lat' dir='ltr'><strong>ostendit,</strong></span> <span class='ocrx_word' id='word_1_222' title='bbox 992 3412 1148 3471; x_wconf 85' lang='lat' dir='ltr'><strong>atque</strong></span> <span class='ocrx_word' id='word_1_223' title='bbox 1167 3423 1200 3456; x_wconf 88' lang='lat' dir='ltr'><strong>a</strong></span> <span class='ocrx_word' id='word_1_224' title='bbox 1213 3409 1433 3473; x_wconf 87' lang='lat' dir='ltr'><strong>pudore,</strong></span> <span class='ocrx_word' id='word_1_225' title='bbox 1449 3411 1561 3476; x_wconf 88' lang='lat' dir='ltr'><strong>(qui</strong></span> <span class='ocrx_word' id='word_1_226' title='bbox 1579 3414 1664 3463; x_wconf 88' lang='lat' dir='ltr'><strong>bo·</strong></span> 
     </span>
     <span class='ocr_line' id='line_1_41' title="bbox 603 3483 1666 3545; baseline 0.013 -16"><span class='ocrx_word' id='word_1_227' title='bbox 603 3484 769 3531; x_wconf 81' lang='lat' dir='ltr'><strong>mines</strong></span> <span class='ocrx_word' id='word_1_228' title='bbox 788 3483 932 3545; x_wconf 72' lang='lat' dir='ltr'><strong>regit</strong></span> <span class='ocrx_word' id='word_1_229' title='bbox 973 3491 1030 3535; x_wconf 91' lang='lat' dir='ltr'><strong>et</strong></span> <span class='ocrx_word' id='word_1_230' title='bbox 1066 3500 1130 3536; x_wconf 86' lang='lat' dir='ltr'><strong>ne</strong></span> <span class='ocrx_word' id='word_1_231' title='bbox 1168 3487 1539 3540; x_wconf 83' lang='lat' dir='ltr'><strong>obliviscantur</strong></span> <span class='ocrx_word' id='word_1_232' title='bbox 1579 3493 1666 3543; x_wconf 89' lang='lat' dir='ltr'><strong>bo-</strong></span> 
     </span>
     <span class='ocr_line' id='line_1_42' title="bbox 601 3559 1665 3633; baseline 0.013 -26"><span class='ocrx_word' id='word_1_233' title='bbox 601 3559 824 3608; x_wconf 82' lang='lat' dir='ltr'><strong>nestatis</strong></span> <span class='ocrx_word' id='word_1_234' title='bbox 866 3560 1161 3626; x_wconf 64' lang='lat' dir='ltr'><strong>adnionet,),</strong></span> <span class='ocrx_word' id='word_1_235' title='bbox 1205 3580 1239 3613; x_wconf 86' lang='lat' dir='ltr'><strong>a</strong></span> <span class='ocrx_word' id='word_1_236' title='bbox 1257 3573 1426 3616; x_wconf 86' lang='lat' dir='ltr'><strong>-metu</strong></span> <span class='ocrx_word' id='word_1_237' title='bbox 1469 3582 1665 3633; x_wconf 87' lang='lat' dir='ltr'><strong>eorum,</strong></span> 
     </span>
     <span class='ocr_line' id='line_1_43' title="bbox 604 3634 1665 3706; baseline 0.015 -25"><span class='ocrx_word' id='word_1_238' title='bbox 604 3634 787 3699; x_wconf 87' lang='lat' dir='ltr'><strong>quibus</strong></span> <span class='ocrx_word' id='word_1_239' title='bbox 810 3638 1103 3687; x_wconf 82' lang='lat' dir='ltr'><strong>auctoritas</strong></span> <span class='ocrx_word' id='word_1_240' title='bbox 1121 3646 1221 3702; x_wconf 85' lang='lat' dir='ltr'><strong>est,</strong></span> <span class='ocrx_word' id='word_1_241' title='bbox 1240 3640 1324 3706; x_wconf 91' lang='lat' dir='ltr'><strong>(ut</strong></span> <span class='ocrx_word' id='word_1_242' title='bbox 1364 3647 1665 3706; x_wconf 83' lang='lat' dir='ltr'><strong>parentibus</strong></span> 
     </span>
     <span class='ocr_line' id='line_1_44' title="bbox 603 3709 1665 3787; baseline 0.013 -27"><span class='ocrx_word' id='word_1_243' title='bbox 603 3710 658 3760; x_wconf 91' lang='lat' dir='ltr'><strong>in</strong></span> <span class='ocrx_word' id='word_1_244' title='bbox 699 3709 876 3776; x_wconf 81' lang='lat' dir='ltr'><strong>filios,)</strong></span> <span class='ocrx_word' id='word_1_245' title='bbox 916 3727 947 3760; x_wconf 87' lang='lat' dir='ltr'><strong>a</strong></span> <span class='ocrx_word' id='word_1_246' title='bbox 994 3718 1293 3767; x_wconf 87' lang='lat' dir='ltr'><strong>reverentia</strong></span> <span class='ocrx_word' id='word_1_247' title='bbox 1327 3719 1499 3782; x_wconf 71' lang='lat' dir='ltr'><strong>legum</strong></span> <span class='ocrx_word' id='word_1_248' title='bbox 1523 3722 1665 3787; x_wconf 79' lang='lat' dir='ltr'><strong>(quae</strong></span> 
     </span>
     <span class='ocr_line' id='line_1_45' title="bbox 594 3787 1668 3861; baseline 0.013 -25"><span class='ocrx_word' id='word_1_249' title='bbox 594 3787 833 3837; x_wconf 75' lang='lat' dir='ltr'><strong>civitatis</strong></span> <span class='ocrx_word' id='word_1_250' title='bbox 851 3802 1019 3840; x_wconf 81' lang='lat' dir='ltr'><strong>mores</strong></span> <span class='ocrx_word' id='word_1_251' title='bbox 1039 3793 1320 3858; x_wconf 87' lang='lat' dir='ltr'><strong>continet,)</strong></span> <span class='ocrx_word' id='word_1_252' title='bbox 1339 3796 1581 3861; x_wconf 82' lang='lat' dir='ltr'><strong>alienum,</strong></span> <span class='ocrx_word' id='word_1_253' title='bbox 1593 3808 1668 3850; x_wconf 89' lang='lat' dir='ltr'><strong>at-</strong></span> 
     </span>
     <span class='ocr_line' id='line_1_46' title="bbox 603 3863 1667 3940; baseline 0.013 -28"><span class='ocrx_word' id='word_1_254' title='bbox 603 3878 704 3929; x_wconf 88' lang='lat' dir='ltr'><strong>que</strong></span> <span class='ocrx_word' id='word_1_255' title='bbox 728 3865 868 3914; x_wconf 86' lang='lat' dir='ltr'><strong>uitro</strong></span> <span class='ocrx_word' id='word_1_256' title='bbox 890 3863 1156 3918; x_wconf 82' lang='lat' dir='ltr'><strong>effrenem.</strong></span> <span class='ocrx_word' id='word_1_257' title='bbox 1225 3871 1302 3921; x_wconf 89' lang='lat' dir='ltr'><strong>Ut</strong></span> <span class='ocrx_word' id='word_1_258' title='bbox 1324 3872 1667 3940; x_wconf 72' lang='grc' dir='ltr'><strong>ἐμπαθέστερον</strong></span> 
     </span>
     <span class='ocr_line' id='line_1_47' title="bbox 596 3943 1666 4005; baseline 0.012 -15"><span class='ocrx_word' id='word_1_259' title='bbox 596 3956 724 3991; x_wconf 80' lang='lat' dir='ltr'><strong>-inox</strong></span> <span class='ocrx_word' id='word_1_260' title='bbox 763 3943 931 4005; x_wconf 84' lang='lat' dir='ltr'><strong>raptio</strong></span> <span class='ocrx_word' id='word_1_261' title='bbox 969 3944 1298 3998; x_wconf 79' lang='lat' dir='ltr'><strong>citharistriae</strong></span> <span class='ocrx_word' id='word_1_262' title='bbox 1320 3964 1389 4000; x_wconf 86' lang='lat' dir='ltr'><strong>ex</strong></span> <span class='ocrx_word' id='word_1_263' title='bbox 1411 3951 1563 4002; x_wconf 88' lang='lat' dir='ltr'><strong>domo</strong></span> <span class='ocrx_word' id='word_1_264' title='bbox 1594 3954 1666 4002; x_wconf 88' lang='lat' dir='ltr'><strong>ie-</strong></span> 
     </span>
    </p>

    <p class='ocr_par' dir='ltr' id='par_1_11' title="bbox 597 4018 1669 4316">
     <span class='ocr_line' id='line_1_48' title="bbox 597 4018 1665 4089; baseline 0.012 -22"><span class='ocrx_word' id='word_1_265' title='bbox 597 4019 772 4075; x_wconf 83' lang='lat' dir='ltr'><strong>nonis,</strong></span> <span class='ocrx_word' id='word_1_266' title='bbox 794 4018 879 4068; x_wconf 76' lang='grc' dir='ltr'><strong>οὔκ</strong></span> <span class='ocrx_word' id='word_1_267' title='bbox 919 4018 1029 4069; x_wconf 73' lang='grc' dir='ltr'><strong>ἄνευ</strong></span> <span class='ocrx_word' id='word_1_268' title='bbox 1061 4021 1371 4089; x_wconf 58' lang='lat' dir='ltr'><strong>‘roardi-mos,</strong></span> <span class='ocrx_word' id='word_1_269' title='bbox 1408 4042 1510 4078; x_wconf 90' lang='lat' dir='ltr'><strong>non</strong></span> <span class='ocrx_word' id='word_1_270' title='bbox 1551 4030 1665 4080; x_wconf 87' lang='lat' dir='ltr'><strong>sine</strong></span> 
     </span>
     <span class='ocr_line' id='line_1_49' title="bbox 604 4095 1669 4167; baseline 0.011 -24"><span class='ocrx_word' id='word_1_271' title='bbox 604 4095 853 4158; x_wconf 73' lang='lat' dir='ltr'><strong>expedita</strong></span> <span class='ocrx_word' id='word_1_272' title='bbox 874 4097 1163 4157; x_wconf 86' lang='lat' dir='ltr'><strong>celeritate,</strong></span> <span class='ocrx_word' id='word_1_273' title='bbox 1182 4110 1475 4154; x_wconf 78' lang='lat' dir='ltr'><strong>accusetur.</strong></span> <span class='ocrx_word' id='word_1_274' title='bbox 1517 4105 1669 4167; x_wconf 79' lang='lat' dir='ltr'><strong>Fores</strong></span> 
     </span>
     <span class='ocr_line' id='line_1_50' title="bbox 602 4169 1661 4235; baseline 0.012 -17"><span class='ocrx_word' id='word_1_275' title='bbox 602 4169 819 4233; x_wconf 72' lang='lat' dir='ltr'><strong>effregit,</strong></span> <span class='ocrx_word' id='word_1_276' title='bbox 836 4175 916 4235; x_wconf 76' lang='lat'><strong>⁸50·</strong></span> <span class='ocrx_word' id='word_1_277' title='bbox 942 4173 1029 4223; x_wconf 86' lang='lat' dir='ltr'><strong>ubi</strong></span> <span class='ocrx_word' id='word_1_278' title='bbox 1057 4174 1296 4227; x_wconf 80' lang='lat' dir='ltr'><strong>Donatus</strong></span> <span class='ocrx_word' id='word_1_279' title='bbox 1318 4186 1465 4229; x_wconf 85' lang='lat' dir='ltr'><strong>recte</strong></span> <span class='ocrx_word' id='word_1_280' title='bbox 1489 4196 1502 4229; x_wconf 70' lang='grc' dir='ltr'><strong><em>ε</em></strong></span> <span class='ocrx_word' id='word_1_281' title='bbox 1526 4183 1541 4211; x_wconf 92' lang='lat'>‘</span> <span class='ocrx_word' id='word_1_282' title='bbox 1559 4183 1661 4232; x_wconf 87' lang='lat' dir='ltr'><strong>To-</strong></span> 
     </span>
     <span class='ocr_line' id='line_1_51' title="bbox 609 4246 1666 4316; baseline 0.014 -21"><span class='ocrx_word' id='word_1_283' title='bbox 609 4253 717 4295; x_wconf 83' lang='lat' dir='ltr'><strong>tum</strong></span> <span class='ocrx_word' id='word_1_284' title='bbox 740 4246 965 4316; x_wconf 84' lang='lat' dir='ltr'><strong>quidem,</strong></span> <span class='ocrx_word' id='word_1_285' title='bbox 986 4252 1084 4300; x_wconf 80' lang='lat' dir='ltr'><strong>&amp;e.</strong></span> <span class='ocrx_word' id='word_1_286' title='bbox 1109 4249 1176 4302; x_wconf 87' lang='lat' dir='ltr'><strong>de</strong></span> <span class='ocrx_word' id='word_1_287' title='bbox 1195 4253 1422 4304; x_wconf 87' lang='lat' dir='ltr'><strong>moribus</strong></span> <span class='ocrx_word' id='word_1_288' title='bbox 1439 4258 1666 4310; x_wconf 82' lang='lat' dir='ltr'><strong>AEscbini</strong></span> 
     </span>
    </p>
   </div>
   <div class='ocr_carea' id='block_1_8' title="bbox 1723 476 2831 1243">
    <p class='ocr_par' dir='ltr' id='par_1_12' title="bbox 1723 476 2831 1243">
     <span class='ocr_line' id='line_1_52' title="bbox 1725 476 2831 553; baseline -0.001 -15"><span class='ocrx_word' id='word_1_289' title='bbox 1725 488 1854 538; x_wconf 87' lang='lat' dir='ltr'><strong>nibil</strong></span> <span class='ocrx_word' id='word_1_290' title='bbox 1894 487 1992 538; x_wconf 85' lang='lat' dir='ltr'><strong>nisi</strong></span> <span class='ocrx_word' id='word_1_291' title='bbox 2017 486 2228 539; x_wconf 77' lang='lat' dir='ltr'><strong>inania&#39;</strong></span> <span class='ocrx_word' id='word_1_292' title='bbox 2258 486 2398 553; x_wconf 84' lang='lat' dir='ltr'><strong>(quis</strong></span> <span class='ocrx_word' id='word_1_293' title='bbox 2421 476 2522 537; x_wconf 85' lang='grc' dir='ltr'>ιιοιι</span> <span class='ocrx_word' id='word_1_294' title='bbox 2546 486 2677 536; x_wconf 84' lang='lat' dir='ltr'><strong>videt</strong></span> <span class='ocrx_word' id='word_1_295' title='bbox 2695 488 2757 537; x_wconf 75' lang='lat' dir='ltr'><strong>ie·</strong></span> <span class='ocrx_word' id='word_1_296' title='bbox 2828 476 2831 480; x_wconf 66' lang='grc'>’</span> 
     </span>
     <span class='ocr_line' id='line_1_53' title="bbox 1725 563 2758 634; baseline -0.001 -20"><span class='ocrx_word' id='word_1_297' title='bbox 1725 564 1951 628; x_wconf 78' lang='lat' dir='ltr'><strong>gendum</strong></span> <span class='ocrx_word' id='word_1_298' title='bbox 1986 580 2101 615; x_wconf 82' lang='lat' dir='ltr'><strong>esse</strong></span> <span class='ocrx_word' id='word_1_299' title='bbox 2143 566 2459 629; x_wconf 67' lang='lat' dir='ltr'><strong>necessario,</strong></span> <span class='ocrx_word' id='word_1_300' title='bbox 2493 563 2758 634; x_wconf 55' lang='lat' dir='ltr'><strong>immid)</strong></span> 
     </span>
     <span class='ocr_line' id='line_1_54' title="bbox 1731 639 2760 710; baseline -0.001 -18.961"><span class='ocrx_word' id='word_1_301' title='bbox 1731 640 2082 692; x_wconf 82' lang='lat' dir='ltr'><strong>‘referentis.’</strong></span> <span class='ocrx_word' id='word_1_302' title='bbox 2183 639 2474 710; x_wconf 81' lang='lat' dir='ltr'><strong>subjicitur</strong></span> <span class='ocrx_word' id='word_1_303' title='bbox 2526 642 2760 692; x_wconf 73' lang='lat' dir='ltr'><strong>accusatio</strong></span> 
     </span>
     <span class='ocr_line' id='line_1_55' title="bbox 1723 711 2764 783; baseline 0 -14"><span class='ocrx_word' id='word_1_304' title='bbox 1723 720 1881 769; x_wconf 91' lang='lat' dir='ltr'><strong>totius</strong></span> <span class='ocrx_word' id='word_1_305' title='bbox 1904 719 2097 783; x_wconf 85' lang='lat' dir='ltr'><strong>popuii,</strong></span> <span class='ocrx_word' id='word_1_306' title='bbox 2128 726 2185 769; x_wconf 92' lang='lat' dir='ltr'><strong>et</strong></span> <span class='ocrx_word' id='word_1_307' title='bbox 2225 733 2324 769; x_wconf 85' lang='lat' dir='ltr'><strong>vox</strong></span> <span class='ocrx_word' id='word_1_308' title='bbox 2356 711 2511 769; x_wconf 80' lang='lat' dir='ltr'><strong>famae</strong></span> <span class='ocrx_word' id='word_1_309' title='bbox 2553 717 2764 782; x_wconf 75' lang='lat' dir='ltr'><strong>publica,</strong></span> 
     </span>
     <span class='ocr_line' id='line_1_56' title="bbox 1724 794 2760 860; baseline -0.001 -17"><span class='ocrx_word' id='word_1_310' title='bbox 1724 810 1839 860; x_wconf 77' lang='lat' dir='ltr'><strong>quae</strong></span> <span class='ocrx_word' id='word_1_311' title='bbox 1862 796 1914 844; x_wconf 91' lang='lat' dir='ltr'><strong>in</strong></span> <span class='ocrx_word' id='word_1_312' title='bbox 1934 795 2125 845; x_wconf 85' lang='lat' dir='ltr'><strong>talibus</strong></span> <span class='ocrx_word' id='word_1_313' title='bbox 2147 796 2251 844; x_wconf 80' lang='lat' dir='ltr'><strong>vim</strong></span> <span class='ocrx_word' id='word_1_314' title='bbox 2290 796 2603 860; x_wconf 83' lang='lat' dir='ltr'><strong>singularem</strong></span> <span class='ocrx_word' id='word_1_315' title='bbox 2642 794 2760 854; x_wconf 85' lang='lat' dir='ltr'><strong>obti-</strong></span> 
     </span>
     <span class='ocr_line' id='line_1_57' title="bbox 1724 871 2759 942; baseline -0.003 -20"><span class='ocrx_word' id='word_1_316' title='bbox 1724 881 1831 922; x_wconf 83' lang='lat' dir='ltr'><strong>net.</strong></span> <span class='ocrx_word' id='word_1_317' title='bbox 1865 873 2000 923; x_wconf 89' lang='lat' dir='ltr'><strong>Nam</strong></span> <span class='ocrx_word' id='word_1_318' title='bbox 2017 873 2155 923; x_wconf 86' lang='lat' dir='ltr'><strong>actio</strong></span> <span class='ocrx_word' id='word_1_319' title='bbox 2170 872 2238 922; x_wconf 88' lang='lat' dir='ltr'><strong>de</strong></span> <span class='ocrx_word' id='word_1_320' title='bbox 2264 872 2314 921; x_wconf 84' lang='lat' dir='ltr'><strong>vi</strong></span> <span class='ocrx_word' id='word_1_321' title='bbox 2337 873 2403 922; x_wconf 86' lang='lat' dir='ltr'><strong>ad</strong></span> <span class='ocrx_word' id='word_1_322' title='bbox 2423 886 2599 922; x_wconf 84' lang='lat' dir='ltr'><strong>omnes</strong></span> <span class='ocrx_word' id='word_1_323' title='bbox 2622 871 2759 942; x_wconf 85' lang='lat' dir='ltr'><strong>perti-</strong></span> 
     </span>
     <span class='ocr_line' id='line_1_58' title="bbox 1724 948 2764 1022; baseline -0.005 -22"><span class='ocrx_word' id='word_1_324' title='bbox 1724 956 1856 1000; x_wconf 82' lang='lat' dir='ltr'><strong>net:</strong></span> <span class='ocrx_word' id='word_1_325' title='bbox 1881 964 2050 1014; x_wconf 88' lang='lat' dir='ltr'><strong>neque</strong></span> <span class='ocrx_word' id='word_1_326' title='bbox 2065 957 2167 999; x_wconf 85' lang='lat' dir='ltr'><strong>tam</strong></span> <span class='ocrx_word' id='word_1_327' title='bbox 2180 948 2362 1022; x_wconf 82' lang='lat' dir='ltr'><strong>figura,</strong></span> <span class='ocrx_word' id='word_1_328' title='bbox 2372 964 2524 1013; x_wconf 86' lang='lat' dir='ltr'><strong>quam</strong></span> <span class='ocrx_word' id='word_1_329' title='bbox 2543 948 2667 997; x_wconf 85' lang='lat' dir='ltr'><strong>ratio</strong></span> <span class='ocrx_word' id='word_1_330' title='bbox 2682 954 2764 1011; x_wconf 82' lang='lat' dir='ltr'><strong>est,</strong></span> 
     </span>
     <span class='ocr_line' id='line_1_59' title="bbox 1725 1019 2762 1092; baseline -0.006 -15"><span class='ocrx_word' id='word_1_331' title='bbox 1725 1042 1839 1092; x_wconf 80' lang='lat' dir='ltr'><strong>quae</strong></span> <span class='ocrx_word' id='word_1_332' title='bbox 1862 1026 1998 1078; x_wconf 84' lang='lat' dir='ltr'><strong>infra</strong></span> <span class='ocrx_word' id='word_1_333' title='bbox 2021 1027 2122 1076; x_wconf 94' lang='lat' dir='ltr'><strong>ab</strong></span> <span class='ocrx_word' id='word_1_334' title='bbox 2110 1041 2223 1090; x_wconf 81' lang='lat' dir='ltr'><strong>ipso</strong></span> <span class='ocrx_word' id='word_1_335' title='bbox 2240 1019 2504 1076; x_wconf 78' lang='lat' dir='ltr'><strong>Sannione</strong></span> <span class='ocrx_word' id='word_1_336' title='bbox 2526 1024 2762 1074; x_wconf 80' lang='lat' dir='ltr'><strong>inducitur</strong></span> 
     </span>
     <span class='ocr_line' id='line_1_60' title="bbox 1727 1097 2765 1179; baseline -0.005 -27"><span class='ocrx_word' id='word_1_337' title='bbox 1727 1109 1831 1153; x_wconf 88' lang='lat' dir='ltr'><strong>act.</strong></span> <span class='ocrx_word' id='word_1_338' title='bbox 1862 1116 1927 1152; x_wconf 85' lang='lat'><strong>11.</strong></span> <span class='ocrx_word' id='word_1_339' title='bbox 1968 1117 2040 1152; x_wconf 83' lang='lat' dir='ltr'><strong>sc.</strong></span> <span class='ocrx_word' id='word_1_340' title='bbox 2062 1106 2111 1151; x_wconf 89' lang='lat'><strong>1.</strong></span> <span class='ocrx_word' id='word_1_341' title='bbox 2158 1103 2173 1130; x_wconf 93' lang='lat'>‘</span> <span class='ocrx_word' id='word_1_342' title='bbox 2195 1101 2432 1152; x_wconf 77' lang='lat' dir='ltr'><strong>Obsecro</strong></span> <span class='ocrx_word' id='word_1_343' title='bbox 2477 1097 2765 1179; x_wconf 68' lang='lat' dir='ltr'><strong>populares!</strong></span> 
     </span>
     <span class='ocr_line' id='line_1_61' title="bbox 1727 1172 2763 1243; baseline -0.004 -13"><span class='ocrx_word' id='word_1_344' title='bbox 1727 1180 1867 1230; x_wconf 86' lang='lat' dir='ltr'><strong>Hinc</strong></span> <span class='ocrx_word' id='word_1_345' title='bbox 1886 1180 2043 1229; x_wconf 82' lang='lat' dir='ltr'><strong>etiam</strong></span> <span class='ocrx_word' id='word_1_346' title='bbox 2066 1184 2166 1243; x_wconf 86' lang='lat' dir='ltr'><strong>est,</strong></span> <span class='ocrx_word' id='word_1_347' title='bbox 2188 1178 2326 1243; x_wconf 89' lang='lat' dir='ltr'><strong>quod</strong></span> <span class='ocrx_word' id='word_1_348' title='bbox 2343 1172 2609 1243; x_wconf 79' lang='lat' dir='ltr'><strong>quiritatio</strong></span> <span class='ocrx_word' id='word_1_349' title='bbox 2630 1176 2763 1241; x_wconf 85' lang='lat' dir='ltr'><strong>pleno</strong></span> 
     </span>
    </p>
   </div>
   <div class='ocr_carea' id='block_1_9' title="bbox 1716 1249 2764 1319">
    <p class='ocr_par' dir='ltr' id='par_1_13' title="bbox 1716 1249 2764 1319">
     <span class='ocr_line' id='line_1_62' title="bbox 1716 1249 2764 1319; baseline -0.007 -13"><span class='ocrx_word' id='word_1_350' title='bbox 1716 1249 1783 1306; x_wconf 76' lang='lat' dir='ltr'><strong>&#39;et</strong></span> <span class='ocrx_word' id='word_1_351' title='bbox 1806 1255 2001 1319; x_wconf 90' lang='lat' dir='ltr'><strong>optimo</strong></span> <span class='ocrx_word' id='word_1_352' title='bbox 2028 1255 2152 1319; x_wconf 89' lang='lat' dir='ltr'><strong>jure</strong></span> <span class='ocrx_word' id='word_1_353' title='bbox 2170 1254 2390 1304; x_wconf 84' lang='lat' dir='ltr'><strong>nititur·</strong></span> <span class='ocrx_word' id='word_1_354' title='bbox 2375 1286 2389 1301; x_wconf 88' lang='lat'><strong>.</strong></span> <span class='ocrx_word' id='word_1_355' title='bbox 2425 1253 2491 1303; x_wconf 86' lang='lat' dir='ltr'><strong>ad</strong></span> <span class='ocrx_word' id='word_1_356' title='bbox 2510 1268 2655 1318; x_wconf 88' lang='lat' dir='ltr'><strong>quam</strong></span> <span class='ocrx_word' id='word_1_357' title='bbox 2674 1251 2764 1300; x_wconf 88' lang='lat' dir='ltr'><strong>De·</strong></span> 
     </span>
    </p>
   </div>
   <div class='ocr_carea' id='block_1_10' title="bbox 1724 1329 2810 4321">
    <p class='ocr_par' dir='ltr' id='par_1_14' title="bbox 1727 1329 2810 2470">
     <span class='ocr_line' id='line_1_63' title="bbox 1727 1329 2763 1396; baseline -0.006 -13"><span class='ocrx_word' id='word_1_358' title='bbox 1727 1346 1844 1383; x_wconf 86' lang='lat' dir='ltr'><strong>mea</strong></span> <span class='ocrx_word' id='word_1_359' title='bbox 1866 1333 1949 1382; x_wconf 85' lang='lat' dir='ltr'><strong>bic</strong></span> <span class='ocrx_word' id='word_1_360' title='bbox 1970 1331 2159 1381; x_wconf 88' lang='lat' dir='ltr'><strong>alludit</strong></span> <span class='ocrx_word' id='word_1_361' title='bbox 2180 1329 2386 1382; x_wconf 87' lang='lat' dir='ltr'><strong>efficaci</strong></span> <span class='ocrx_word' id='word_1_362' title='bbox 2419 1330 2601 1396; x_wconf 76' lang='lat' dir='ltr'><strong>figura.</strong></span> <span class='ocrx_word' id='word_1_363' title='bbox 2628 1330 2646 1367; x_wconf 56' lang='grc' dir='ltr'>»ι</span> <span class='ocrx_word' id='word_1_364' title='bbox 2661 1329 2763 1379; x_wconf 86' lang='lat' dir='ltr'><strong>Cla·</strong></span> 
     </span>
     <span class='ocr_line' id='line_1_64' title="bbox 1728 1404 2766 1472; baseline -0.005 -14"><span class='ocrx_word' id='word_1_365' title='bbox 1728 1415 1873 1458; x_wconf 88' lang='lat' dir='ltr'><strong>mant</strong></span> <span class='ocrx_word' id='word_1_366' title='bbox 1933 1421 2129 1465; x_wconf 83' lang='lat' dir='ltr'><strong>omnes,</strong></span> <span class='ocrx_word' id='word_1_367' title='bbox 2184 1407 2542 1472; x_wconf 71' lang='lat' dir='ltr'><strong>indignissime</strong></span> <span class='ocrx_word' id='word_1_368' title='bbox 2584 1404 2766 1455; x_wconf 72' lang='lat' dir='ltr'><strong>&#39;factum</strong></span> 
     </span>
     <span class='ocr_line' id='line_1_65' title="bbox 1729 1484 2766 1550; baseline -0.005 -13"><span class='ocrx_word' id='word_1_369' title='bbox 1729 1486 1873 1537; x_wconf 65' lang='lat' dir='ltr'><strong>esse!</strong></span> <span class='ocrx_word' id='word_1_370' title='bbox 1893 1485 2139 1537; x_wconf 85' lang='lat' dir='ltr'><strong>Sannioni</strong></span> <span class='ocrx_word' id='word_1_371' title='bbox 2162 1486 2362 1536; x_wconf 85' lang='lat' dir='ltr'><strong>scilicet</strong></span> <span class='ocrx_word' id='word_1_372' title='bbox 2385 1484 2649 1550; x_wconf 78' lang='lat' dir='ltr'><strong>quiritanti</strong></span> <span class='ocrx_word' id='word_1_373' title='bbox 2667 1495 2766 1542; x_wconf 75' lang='lat' dir='ltr'><strong>suc·</strong></span> 
     </span>
     <span class='ocr_line' id='line_1_66' title="bbox 1733 1561 2766 1626; baseline -0.005 -13"><span class='ocrx_word' id='word_1_374' title='bbox 1733 1563 2036 1613; x_wconf 81' lang='lat' dir='ltr'><strong>clamantes.</strong></span> <span class='ocrx_word' id='word_1_375' title='bbox 2122 1561 2299 1613; x_wconf 83' lang='lat' dir='ltr'><strong>Aliter</strong></span> <span class='ocrx_word' id='word_1_376' title='bbox 2348 1568 2694 1626; x_wconf 80' lang='lat' dir='ltr'><strong>argumentum</strong></span> <span class='ocrx_word' id='word_1_377' title='bbox 2736 1572 2766 1607; x_wconf 82' lang='lat' dir='ltr'><strong>a</strong></span> 
     </span>
     <span class='ocr_line' id='line_1_67' title="bbox 1736 1631 2767 1703; baseline -0.005 -14"><span class='ocrx_word' id='word_1_378' title='bbox 1736 1653 1938 1689; x_wconf 85' lang='lat' dir='ltr'><strong>rumore</strong></span> <span class='ocrx_word' id='word_1_379' title='bbox 1972 1639 2170 1703; x_wconf 86' lang='lat' dir='ltr'><strong>petitur</strong></span> <span class='ocrx_word' id='word_1_380' title='bbox 2198 1639 2251 1688; x_wconf 88' lang='lat' dir='ltr'><strong>in</strong></span> <span class='ocrx_word' id='word_1_381' title='bbox 2275 1638 2479 1690; x_wconf 83' lang='lat' dir='ltr'><strong>Andria</strong></span> <span class='ocrx_word' id='word_1_382' title='bbox 2501 1654 2541 1690; x_wconf 86' lang='lat'><strong>1.</strong></span> <span class='ocrx_word' id='word_1_383' title='bbox 2564 1644 2611 1689; x_wconf 79' lang='lat'><strong>2.</strong></span> <span class='ocrx_word' id='word_1_384' title='bbox 2636 1641 2704 1687; x_wconf 76' lang='lat'><strong>14.</strong></span> <span class='ocrx_word' id='word_1_385' title='bbox 2721 1631 2767 1684; x_wconf 85' lang='lat' dir='ltr'><strong>et</strong></span> 
     </span>
     <span class='ocr_line' id='line_1_68' title="bbox 1731 1714 2764 1778; baseline -0.002 -14"><span class='ocrx_word' id='word_1_386' title='bbox 1731 1715 1876 1778; x_wconf 81' lang='lat' dir='ltr'><strong>apud</strong></span> <span class='ocrx_word' id='word_1_387' title='bbox 1895 1715 2140 1764; x_wconf 77' lang='lat' dir='ltr'><strong>Plautum</strong></span> <span class='ocrx_word' id='word_1_388' title='bbox 2164 1715 2360 1765; x_wconf 81' lang='lat' dir='ltr'><strong>Pseud.</strong></span> <span class='ocrx_word' id='word_1_389' title='bbox 2386 1729 2426 1766; x_wconf 87' lang='lat'><strong>1.</strong></span> <span class='ocrx_word' id='word_1_390' title='bbox 2450 1722 2501 1766; x_wconf 82' lang='lat'><strong>5.</strong></span> <span class='ocrx_word' id='word_1_391' title='bbox 2523 1720 2572 1765; x_wconf 81' lang='grc'><strong>4.</strong></span> <span class='ocrx_word' id='word_1_392' title='bbox 2592 1714 2673 1764; x_wconf 87' lang='lat' dir='ltr'><strong>ubi</strong></span> <span class='ocrx_word' id='word_1_393' title='bbox 2690 1727 2764 1777; x_wconf 71' lang='lat' dir='ltr'><strong>pa·</strong></span> 
     </span>
     <span class='ocr_line' id='line_1_69' title="bbox 1739 1790 2767 1857; baseline -0.003 -16"><span class='ocrx_word' id='word_1_394' title='bbox 1739 1799 1822 1841; x_wconf 89' lang='lat' dir='ltr'><strong>ter</strong></span> <span class='ocrx_word' id='word_1_395' title='bbox 1859 1791 1927 1841; x_wconf 89' lang='lat' dir='ltr'><strong>de</strong></span> <span class='ocrx_word' id='word_1_396' title='bbox 1960 1790 2104 1841; x_wconf 81' lang='lat' dir='ltr'><strong>filio:</strong></span> <span class='ocrx_word' id='word_1_397' title='bbox 2144 1793 2160 1820; x_wconf 88' lang='lat'>‘</span> <span class='ocrx_word' id='word_1_398' title='bbox 2182 1792 2269 1841; x_wconf 86' lang='lat' dir='ltr'><strong>Ita</strong></span> <span class='ocrx_word' id='word_1_399' title='bbox 2308 1806 2458 1842; x_wconf 77' lang='lat' dir='ltr'><strong>nunc·</strong></span> <span class='ocrx_word' id='word_1_400' title='bbox 2486 1805 2579 1857; x_wconf 86' lang='lat' dir='ltr'><strong>pet</strong></span> <span class='ocrx_word' id='word_1_401' title='bbox 2615 1790 2767 1839; x_wconf 77' lang='lat' dir='ltr'><strong>urbem</strong></span> 
     </span>
     <span class='ocr_line' id='line_1_70' title="bbox 1737 1865 2765 1930; baseline -0.002 -12"><span class='ocrx_word' id='word_1_402' title='bbox 1737 1869 1877 1918; x_wconf 84' lang='lat' dir='ltr'><strong>solus</strong></span> <span class='ocrx_word' id='word_1_403' title='bbox 1910 1882 2077 1919; x_wconf 83' lang='lat' dir='ltr'><strong>sermo</strong></span> <span class='ocrx_word' id='word_1_404' title='bbox 2113 1878 2194 1918; x_wconf 89' lang='lat' dir='ltr'><strong>est</strong></span> <span class='ocrx_word' id='word_1_405' title='bbox 2217 1868 2478 1919; x_wconf 84' lang='lat' dir='ltr'><strong>omnibus.</strong></span> <span class='ocrx_word' id='word_1_406' title='bbox 2482 1867 2498 1890; x_wconf 88' lang='lat'>’</span> <span class='ocrx_word' id='word_1_407' title='bbox 2557 1866 2660 1918; x_wconf 80' lang='lat' dir='ltr'><strong>Sed</strong></span> <span class='ocrx_word' id='word_1_408' title='bbox 2675 1865 2765 1930; x_wconf 88' lang='lat' dir='ltr'><strong>qui-</strong></span> 
     </span>
     <span class='ocr_line' id='line_1_71' title="bbox 1737 1940 2764 2008; baseline -0.003 -15"><span class='ocrx_word' id='word_1_409' title='bbox 1737 1946 1915 1995; x_wconf 85' lang='lat' dir='ltr'><strong>ritatio</strong></span> <span class='ocrx_word' id='word_1_410' title='bbox 1949 1946 2098 1995; x_wconf 85' lang='lat' dir='ltr'><strong>aliam</strong></span> <span class='ocrx_word' id='word_1_411' title='bbox 2141 1945 2241 1994; x_wconf 85' lang='lat' dir='ltr'><strong>vim</strong></span> <span class='ocrx_word' id='word_1_412' title='bbox 2285 1945 2463 2002; x_wconf 83' lang='lat' dir='ltr'><strong>babet.</strong></span> <span class='ocrx_word' id='word_1_413' title='bbox 2526 1946 2683 2008; x_wconf 77' lang='lat' dir='ltr'><strong>Igitur</strong></span> <span class='ocrx_word' id='word_1_414' title='bbox 2711 1940 2764 1992; x_wconf 79' lang='lat' dir='ltr'><strong>ad</strong></span> 
     </span>
     <span class='ocr_line' id='line_1_72' title="bbox 1736 2024 2767 2104; baseline -0.001 -33"><span class='ocrx_word' id='word_1_415' title='bbox 1736 2038 1989 2072; x_wconf 87' lang='lat' dir='ltr'><strong>summum</strong></span> <span class='ocrx_word' id='word_1_416' title='bbox 2030 2024 2481 2104; x_wconf 79' lang='lat' dir='ltr'><strong>exaggerationis</strong></span> <span class='ocrx_word' id='word_1_417' title='bbox 2484 2024 2594 2073; x_wconf 79' lang='lat' dir='ltr'><strong>haec</strong></span> <span class='ocrx_word' id='word_1_418' title='bbox 2615 2033 2767 2087; x_wconf 75' lang='lat' dir='ltr'><strong>prooe-</strong></span> 
     </span>
     <span class='ocr_line' id='line_1_73' title="bbox 1738 2076 2765 2165; baseline -0.001 -19"><span class='ocrx_word' id='word_1_419' title='bbox 1738 2098 1887 2150; x_wconf 80' lang='lat' dir='ltr'><strong>dunt.</strong></span> <span class='ocrx_word' id='word_1_420' title='bbox 1951 2101 2079 2151; x_wconf 83' lang='lat' dir='ltr'><strong>Qua</strong></span> <span class='ocrx_word' id='word_1_421' title='bbox 2104 2107 2400 2149; x_wconf 84' lang='lat' dir='ltr'><strong>consumta</strong></span> <span class='ocrx_word' id='word_1_422' title='bbox 2426 2076 2587 2165; x_wconf 85' lang='lat' dir='ltr'><strong>(quod</strong></span> <span class='ocrx_word' id='word_1_423' title='bbox 2627 2095 2765 2160; x_wconf 82' lang='lat' dir='ltr'><strong>probe</strong></span> 
     </span>
     <span class='ocr_line' id='line_1_74' title="bbox 1738 2174 2765 2237; baseline -0.003 -15"><span class='ocrx_word' id='word_1_424' title='bbox 1738 2174 1821 2224; x_wconf 84' lang='lat' dir='ltr'><strong>hic</strong></span> <span class='ocrx_word' id='word_1_425' title='bbox 1842 2175 2151 2237; x_wconf 86' lang='lat' dir='ltr'><strong>notandum)</strong></span> <span class='ocrx_word' id='word_1_426' title='bbox 2172 2174 2236 2223; x_wconf 89' lang='lat' dir='ltr'><strong>ad</strong></span> <span class='ocrx_word' id='word_1_427' title='bbox 2260 2176 2464 2225; x_wconf 87' lang='lat' dir='ltr'><strong>minora</strong></span> <span class='ocrx_word' id='word_1_428' title='bbox 2486 2174 2674 2225; x_wconf 79' lang='lat' dir='ltr'><strong>revolvi</strong></span> <span class='ocrx_word' id='word_1_429' title='bbox 2694 2185 2765 2220; x_wconf 84' lang='lat' dir='ltr'><strong>ne-</strong></span> 
     </span>
     <span class='ocr_line' id='line_1_75' title="bbox 1737 2251 2810 2319; baseline -0.003 -19"><span class='ocrx_word' id='word_1_430' title='bbox 1737 2266 1885 2302; x_wconf 84' lang='lat' dir='ltr'><strong>cesse</strong></span> <span class='ocrx_word' id='word_1_431' title='bbox 1923 2262 2039 2302; x_wconf 86' lang='lat' dir='ltr'><strong>erat</strong></span> <span class='ocrx_word' id='word_1_432' title='bbox 2084 2253 2352 2304; x_wconf 81' lang='lat' dir='ltr'><strong>Demeam.</strong></span> <span class='ocrx_word' id='word_1_433' title='bbox 2421 2251 2607 2319; x_wconf 85' lang='lat' dir='ltr'><strong>Neque</strong></span> <span class='ocrx_word' id='word_1_434' title='bbox 2638 2252 2769 2301; x_wconf 81' lang='lat' dir='ltr'><strong>aliter</strong></span> <span class='ocrx_word' id='word_1_435' title='bbox 2799 2268 2810 2278; x_wconf 86' lang='lat'><strong>·</strong></span> 
     </span>
     <span class='ocr_line' id='line_1_76' title="bbox 1734 2329 2767 2394; baseline -0.004 -15"><span class='ocrx_word' id='word_1_436' title='bbox 1734 2329 1917 2382; x_wconf 89' lang='lat' dir='ltr'><strong>debuit</strong></span> <span class='ocrx_word' id='word_1_437' title='bbox 1949 2330 2120 2381; x_wconf 85' lang='lat' dir='ltr'><strong>Po&#39;eta</strong></span> <span class='ocrx_word' id='word_1_438' title='bbox 2150 2331 2384 2388; x_wconf 68' lang='grc' dir='ltr'>ἠθοποιεῖν</span> <span class='ocrx_word' id='word_1_439' title='bbox 2421 2332 2519 2381; x_wconf 87' lang='lat' dir='ltr'><strong>boe</strong></span> <span class='ocrx_word' id='word_1_440' title='bbox 2550 2330 2767 2394; x_wconf 77' lang='lat' dir='ltr'><strong>jurgium.</strong></span> 
     </span>
     <span class='ocr_line' id='line_1_77' title="bbox 1734 2405 2766 2473; baseline 0 -17"><span class='ocrx_word' id='word_1_441' title='bbox 1734 2407 2045 2470; x_wconf 81' lang='lat' dir='ltr'><strong>Exemplum</strong></span> <span class='ocrx_word' id='word_1_442' title='bbox 2079 2421 2205 2470; x_wconf 79' lang='lat' dir='ltr'><strong>ergo</strong></span> <span class='ocrx_word' id='word_1_443' title='bbox 2248 2405 2448 2469; x_wconf 80' lang='lat' dir='ltr'><strong>fratris,</strong></span> <span class='ocrx_word' id='word_1_444' title='bbox 2483 2408 2549 2473; x_wconf 89' lang='lat' dir='ltr'><strong>ab</strong></span> <span class='ocrx_word' id='word_1_445' title='bbox 2589 2417 2766 2456; x_wconf 68' lang='lat' dir='ltr'><strong>accusa·</strong></span> 
     </span>
    </p>

    <p class='ocr_par' dir='ltr' id='par_1_15' title="bbox 1733 2469 2767 2627">
     <span class='ocr_line' id='line_1_78' title="bbox 1735 2469 2767 2551; baseline -0.003 -17"><span class='ocrx_word' id='word_1_446' title='bbox 1735 2484 1879 2534; x_wconf 91' lang='lat' dir='ltr'><strong>tione</strong></span> <span class='ocrx_word' id='word_1_447' title='bbox 1917 2483 1982 2533; x_wconf 92' lang='lat' dir='ltr'><strong>ad</strong></span> <span class='ocrx_word' id='word_1_448' title='bbox 2028 2484 2450 2551; x_wconf 86' lang='lat' dir='ltr'><strong>emendationem</strong></span> <span class='ocrx_word' id='word_1_449' title='bbox 2508 2469 2767 2547; x_wconf 72' lang='lat' dir='ltr'><strong>degressus,</strong></span> 
     </span>
     <span class='ocr_line' id='line_1_79' title="bbox 1733 2559 2768 2627; baseline -0.006 -14"><span class='ocrx_word' id='word_1_450' title='bbox 1733 2568 2031 2627; x_wconf 83' lang='lat' dir='ltr'><strong>comparat.</strong></span> <span class='ocrx_word' id='word_1_451' title='bbox 2061 2559 2197 2621; x_wconf 71' lang='grc' dir='ltr'><strong>μάλα</strong></span> <span class='ocrx_word' id='word_1_452' title='bbox 2218 2560 2535 2624; x_wconf 61' lang='grc' dir='ltr'>οἰκονομικῶς.</span> <span class='ocrx_word' id='word_1_453' title='bbox 2598 2563 2665 2612; x_wconf 86' lang='lat' dir='ltr'><strong>Ut</strong></span> <span class='ocrx_word' id='word_1_454' title='bbox 2680 2572 2768 2608; x_wconf 82' lang='lat' dir='ltr'><strong>ma·</strong></span> 
     </span>
    </p>

    <p class='ocr_par' dir='ltr' id='par_1_16' title="bbox 1724 2635 2782 3239">
     <span class='ocr_line' id='line_1_80' title="bbox 1724 2635 2766 2705; baseline -0.008 -15"><span class='ocrx_word' id='word_1_455' title='bbox 1724 2640 1813 2705; x_wconf 85' lang='lat' dir='ltr'><strong>jor</strong></span> <span class='ocrx_word' id='word_1_456' title='bbox 1850 2639 2007 2690; x_wconf 81' lang='lat' dir='ltr'><strong>fieret</strong></span> <span class='ocrx_word' id='word_1_457' title='bbox 2028 2640 2355 2704; x_wconf 88' lang='lat' dir='ltr'><strong>perturbatio</strong></span> <span class='ocrx_word' id='word_1_458' title='bbox 2378 2657 2444 2690; x_wconf 84' lang='lat' dir='ltr'><strong>ex</strong></span> <span class='ocrx_word' id='word_1_459' title='bbox 2471 2635 2766 2703; x_wconf 66' lang='lat' dir='ltr'><strong>Ctesiphoni:</strong></span> 
     </span>
     <span class='ocr_line' id='line_1_81' title="bbox 1736 2710 2767 2780; baseline -0.004 -15"><span class='ocrx_word' id='word_1_460' title='bbox 1736 2727 1933 2778; x_wconf 78' lang='lat' dir='ltr'><strong>amore,</strong></span> <span class='ocrx_word' id='word_1_461' title='bbox 1963 2730 2065 2779; x_wconf 88' lang='lat' dir='ltr'><strong>quo</strong></span> <span class='ocrx_word' id='word_1_462' title='bbox 2092 2717 2261 2765; x_wconf 90' lang='lat' dir='ltr'><strong>minus</strong></span> <span class='ocrx_word' id='word_1_463' title='bbox 2285 2715 2479 2780; x_wconf 84' lang='lat' dir='ltr'><strong>aliquid</strong></span> <span class='ocrx_word' id='word_1_464' title='bbox 2505 2716 2605 2765; x_wconf 85' lang='lat' dir='ltr'><strong>tale</strong></span> <span class='ocrx_word' id='word_1_465' title='bbox 2625 2710 2767 2773; x_wconf 78' lang='lat' dir='ltr'><strong>suspi-</strong></span> 
     </span>
     <span class='ocr_line' id='line_1_82' title="bbox 1736 2785 2766 2856; baseline -0.004 -14"><span class='ocrx_word' id='word_1_466' title='bbox 1736 2793 1844 2842; x_wconf 86' lang='lat' dir='ltr'><strong>cari</strong></span> <span class='ocrx_word' id='word_1_467' title='bbox 1884 2794 2087 2844; x_wconf 83' lang='lat' dir='ltr'><strong>Demea</strong></span> <span class='ocrx_word' id='word_1_468' title='bbox 2131 2798 2396 2856; x_wconf 88' lang='lat' dir='ltr'><strong>potuerat.</strong></span> <span class='ocrx_word' id='word_1_469' title='bbox 2433 2836 2434 2841; x_wconf 74' lang='grc'>,</span> <span class='ocrx_word' id='word_1_470' title='bbox 2467 2792 2688 2854; x_wconf 72' lang='lat' dir='ltr'><strong>Denique</strong></span> <span class='ocrx_word' id='word_1_471' title='bbox 2715 2785 2766 2834; x_wconf 76' lang='lat' dir='ltr'><strong>ab</strong></span> 
     </span>
     <span class='ocr_line' id='line_1_83' title="bbox 1734 2857 2782 2932; baseline -0.006 -13"><span class='ocrx_word' id='word_1_472' title='bbox 1734 2868 2001 2932; x_wconf 82' lang='lat' dir='ltr'><strong>AEscbino,</strong></span> <span class='ocrx_word' id='word_1_473' title='bbox 2035 2868 2089 2918; x_wconf 89' lang='lat' dir='ltr'><strong>in</strong></span> <span class='ocrx_word' id='word_1_474' title='bbox 2129 2869 2279 2932; x_wconf 88' lang='lat' dir='ltr'><strong>cujus</strong></span> <span class='ocrx_word' id='word_1_475' title='bbox 2317 2857 2507 2919; x_wconf 57' lang='lat' dir='ltr'><strong>nom&#39;en</strong></span> <span class='ocrx_word' id='word_1_476' title='bbox 2546 2866 2782 2919; x_wconf 67' lang='lat' dir='ltr'><strong>effuderit.</strong></span> 
     </span>
     <span class='ocr_line' id='line_1_84' title="bbox 1735 2941 2767 3009; baseline -0.004 -15"><span class='ocrx_word' id='word_1_477' title='bbox 1735 2945 1878 2995; x_wconf 86' lang='lat' dir='ltr'><strong>ilium</strong></span> <span class='ocrx_word' id='word_1_478' title='bbox 1913 2945 2280 3007; x_wconf 76' lang='lat' dir='ltr'><strong>indignationis</strong></span> <span class='ocrx_word' id='word_1_479' title='bbox 2305 2945 2576 3009; x_wconf 83' lang='lat' dir='ltr'><strong>impetum,</strong></span> <span class='ocrx_word' id='word_1_480' title='bbox 2609 2941 2767 2994; x_wconf 83' lang='lat' dir='ltr'><strong>Micio·</strong></span> 
     </span>
     <span class='ocr_line' id='line_1_85' title="bbox 1735 3015 2767 3085; baseline -0.004 -16"><span class='ocrx_word' id='word_1_481' title='bbox 1735 3035 1854 3070; x_wconf 89' lang='lat' dir='ltr'><strong>nem</strong></span> <span class='ocrx_word' id='word_1_482' title='bbox 1877 3021 2219 3085; x_wconf 63' lang='lat' dir='ltr'><strong>aggreditum</strong></span> <span class='ocrx_word' id='word_1_483' title='bbox 2262 3021 2427 3072; x_wconf 79' lang='lat' dir='ltr'><strong>‘Haec</strong></span> <span class='ocrx_word' id='word_1_484' title='bbox 2459 3038 2573 3072; x_wconf 88' lang='lat' dir='ltr'><strong>cnm</strong></span> <span class='ocrx_word' id='word_1_485' title='bbox 2601 3020 2666 3069; x_wconf 84' lang='lat' dir='ltr'><strong>iiii</strong></span> <span class='ocrx_word' id='word_1_486' title='bbox 2686 3015 2767 3068; x_wconf 85' lang='lat' dir='ltr'><strong>Mi·</strong></span> 
     </span>
     <span class='ocr_line' id='line_1_86' title="bbox 1736 3091 2766 3161; baseline -0.004 -15"><span class='ocrx_word' id='word_1_487' title='bbox 1736 3097 1819 3147; x_wconf 89' lang='lat' dir='ltr'><strong>cio</strong></span> <span class='ocrx_word' id='word_1_488' title='bbox 1839 3098 1973 3154; x_wconf 87' lang='lat' dir='ltr'><strong>dico,</strong></span> <span class='ocrx_word' id='word_1_489' title='bbox 1992 3097 2091 3149; x_wconf 85' lang='lat' dir='ltr'><strong>tibi</strong></span> <span class='ocrx_word' id='word_1_490' title='bbox 2110 3097 2263 3161; x_wconf 72' lang='lat' dir='ltr'><strong>dieo:</strong></span> <span class='ocrx_word' id='word_1_491' title='bbox 2276 3091 2371 3149; x_wconf 68' lang='lat' dir='ltr'><strong>&amp;c-</strong></span> <span class='ocrx_word' id='word_1_492' title='bbox 2396 3107 2457 3149; x_wconf 88' lang='lat' dir='ltr'><strong>ut</strong></span> <span class='ocrx_word' id='word_1_493' title='bbox 2480 3092 2766 3149; x_wconf 86' lang='lat' dir='ltr'><strong>contentioni</strong></span> 
     </span>
     <span class='ocr_line' id='line_1_87' title="bbox 1736 3173 2754 3239; baseline -0.003 -15"><span class='ocrx_word' id='word_1_494' title='bbox 1736 3173 1943 3224; x_wconf 85' lang='lat' dir='ltr'><strong>occasio</strong></span> <span class='ocrx_word' id='word_1_495' title='bbox 1965 3181 2021 3224; x_wconf 92' lang='lat' dir='ltr'><strong>et</strong></span> <span class='ocrx_word' id='word_1_496' title='bbox 2043 3174 2123 3223; x_wconf 82' lang='lat' dir='ltr'><strong>via</strong></span> <span class='ocrx_word' id='word_1_497' title='bbox 2144 3183 2485 3239; x_wconf 74' lang='lat' dir='ltr'><strong>quaereretur.</strong></span> <span class='ocrx_word' id='word_1_498' title='bbox 2523 3173 2754 3224; x_wconf 67' lang='lat' dir='ltr'><strong>Baetem</strong></span> 
     </span>
    </p>

    <p class='ocr_par' dir='ltr' id='par_1_17' title="bbox 1739 3244 2768 3548">
     <span class='ocr_line' id='line_1_88' title="bbox 1806 3244 2764 3316; baseline -0.003 -18"><span class='ocrx_word' id='word_1_499' title='bbox 1806 3253 1958 3308; x_wconf 79' lang='lat' dir='ltr'><strong>Quem</strong></span> <span class='ocrx_word' id='word_1_500' title='bbox 1979 3266 2127 3314; x_wconf 73' lang='lat' dir='ltr'><strong>neque</strong></span> <span class='ocrx_word' id='word_1_501' title='bbox 2136 3252 2309 3316; x_wconf 73' lang='lat' dir='ltr'><strong>pudet]</strong></span> <span class='ocrx_word' id='word_1_502' title='bbox 2346 3251 2631 3302; x_wconf 86' lang='lat' dir='ltr'><strong>Menander</strong></span> <span class='ocrx_word' id='word_1_503' title='bbox 2650 3244 2764 3312; x_wconf 86' lang='lat' dir='ltr'><strong>apud</strong></span> 
     </span>
     <span class='ocr_line' id='line_1_89' title="bbox 1739 3320 2765 3396; baseline -0.007 -15"><span class='ocrx_word' id='word_1_504' title='bbox 1739 3331 1910 3382; x_wconf 80' lang='lat' dir='ltr'><strong>Prisc.</strong></span> <span class='ocrx_word' id='word_1_505' title='bbox 1941 3329 2031 3380; x_wconf 72' lang='lat'><strong>‘05</strong></span> <span class='ocrx_word' id='word_1_506' title='bbox 2066 3330 2108 3378; x_wconf 86' lang='grc' dir='ltr'><strong>δ’</strong></span> <span class='ocrx_word' id='word_1_507' title='bbox 2147 3329 2253 3387; x_wconf 5' lang='grc' dir='ltr'><strong>,οὖν’</strong></span> <span class='ocrx_word' id='word_1_508' title='bbox 2288 3330 2493 3396; x_wconf 71' lang='grc' dir='ltr'>ἐρυθριᾷν</span> <span class='ocrx_word' id='word_1_509' title='bbox 2524 3327 2653 3388; x_wconf 71' lang='grc' dir='ltr'>οἶδεν,</span> <span class='ocrx_word' id='word_1_510' title='bbox 2680 3320 2765 3374; x_wconf 68' lang='grc' dir='ltr'>αἰδὲ</span> 
     </span>
     <span class='ocr_line' id='line_1_90' title="bbox 1739 3399 2768 3471; baseline -0.003 -13"><span class='ocrx_word' id='word_1_511' title='bbox 1739 3409 1954 3470; x_wconf 79' lang='grc' dir='ltr'>δεδιέναι,</span> <span class='ocrx_word' id='word_1_512' title='bbox 1991 3406 2061 3457; x_wconf 77' lang='grc' dir='ltr'><strong>Τὰ</strong></span> <span class='ocrx_word' id='word_1_513' title='bbox 2095 3410 2260 3471; x_wconf 67' lang='grc' dir='ltr'><strong>πρᾶτα</strong></span> <span class='ocrx_word' id='word_1_514' title='bbox 2291 3405 2450 3468; x_wconf 75' lang='grc' dir='ltr'><strong><em>πόσης</em></strong></span> <span class='ocrx_word' id='word_1_515' title='bbox 2479 3399 2768 3467; x_wconf 53' lang='lat' dir='ltr'><strong>rastrum&amp;</strong></span> 
     </span>
     <span class='ocr_line' id='line_1_91' title="bbox 1740 3483 2184 3548; baseline 0 -14"><span class='ocrx_word' id='word_1_516' title='bbox 1740 3483 1861 3548; x_wconf 76' lang='grc' dir='ltr'>ἔχει.</span> <span class='ocrx_word' id='word_1_517' title='bbox 1897 3484 2184 3534; x_wconf 66' lang='lat' dir='ltr'><strong>Farnobium.</strong></span> 
     </span>
    </p>

    <p class='ocr_par' dir='ltr' id='par_1_18' title="bbox 1735 3563 2764 3996">
     <span class='ocr_line' id='line_1_92' title="bbox 1801 3563 2764 3625; baseline -0.007 0"><span class='ocrx_word' id='word_1_518' title='bbox 1801 3567 1832 3611; x_wconf 82' lang='lat'><strong>⁶</strong></span> <span class='ocrx_word' id='word_1_519' title='bbox 1871 3563 2023 3616; x_wconf 68' lang='lat' dir='ltr'><strong>Quem</strong></span> <span class='ocrx_word' id='word_1_520' title='bbox 2044 3563 2350 3624; x_wconf 55' lang='lat' dir='ltr'><strong>”eruenda</strong></span> <span class='ocrx_word' id='word_1_521' title='bbox 2372 3563 2764 3625; x_wconf 56' lang='lat' dir='ltr'><strong>summaer-²</strong></span> 
     </span>
     <span class='ocr_line' id='line_1_93' title="bbox 1738 3633 2762 3702; baseline -0.007 -12"><span class='ocrx_word' id='word_1_522' title='bbox 1738 3639 1907 3691; x_wconf 72' lang='lat' dir='ltr'><strong>metuit</strong></span> <span class='ocrx_word' id='word_1_523' title='bbox 1927 3637 2223 3702; x_wconf 78' lang='lat' dir='ltr'><strong>quemquam]</strong></span> <span class='ocrx_word' id='word_1_524' title='bbox 2241 3638 2399 3689; x_wconf 77' lang='lat' dir='ltr'><strong>var-ie</strong></span> <span class='ocrx_word' id='word_1_525' title='bbox 2415 3654 2508 3702; x_wconf 87' lang='lat' dir='ltr'><strong>per</strong></span> <span class='ocrx_word' id='word_1_526' title='bbox 2521 3650 2659 3687; x_wconf 79' lang='lat' dir='ltr'><strong>catus</strong></span> <span class='ocrx_word' id='word_1_527' title='bbox 2678 3633 2762 3683; x_wconf 73' lang='lat' dir='ltr'><strong>dis·</strong></span> 
     </span>
     <span class='ocr_line' id='line_1_94' title="bbox 1740 3705 2762 3779; baseline -0.006 -13"><span class='ocrx_word' id='word_1_528' title='bbox 1740 3716 1922 3773; x_wconf 83' lang='lat' dir='ltr'><strong>currit,</strong></span> <span class='ocrx_word' id='word_1_529' title='bbox 1974 3717 1992 3744; x_wconf 78' lang='lat'><em>⁴</em></span> <span class='ocrx_word' id='word_1_530' title='bbox 2016 3716 2187 3767; x_wconf 82' lang='lat' dir='ltr'><strong>Quem</strong></span> <span class='ocrx_word' id='word_1_531' title='bbox 2231 3729 2402 3779; x_wconf 82' lang='lat' dir='ltr'><strong>neque</strong></span> <span class='ocrx_word' id='word_1_532' title='bbox 2450 3715 2605 3779; x_wconf 85' lang='lat' dir='ltr'><strong>pudet</strong></span> <span class='ocrx_word' id='word_1_533' title='bbox 2640 3705 2762 3776; x_wconf 78' lang='lat' dir='ltr'><strong>quid·</strong></span> 
     </span>
     <span class='ocr_line' id='line_1_95' title="bbox 1741 3789 2762 3859; baseline -0.005 -17"><span class='ocrx_word' id='word_1_534' title='bbox 1741 3791 1944 3859; x_wconf 71' lang='lat' dir='ltr'><strong>quarnz’</strong></span> <span class='ocrx_word' id='word_1_535' title='bbox 1978 3799 2165 3841; x_wconf 86' lang='lat' dir='ltr'><strong>contra</strong></span> <span class='ocrx_word' id='word_1_536' title='bbox 2185 3791 2312 3840; x_wconf 87' lang='lat' dir='ltr'><strong>illud</strong></span> <span class='ocrx_word' id='word_1_537' title='bbox 2340 3792 2475 3855; x_wconf 85' lang='lat' dir='ltr'><strong>qnod</strong></span> <span class='ocrx_word' id='word_1_538' title='bbox 2500 3789 2615 3841; x_wconf 85' lang='lat' dir='ltr'><strong>alibi</strong></span> <span class='ocrx_word' id='word_1_539' title='bbox 2634 3792 2762 3852; x_wconf 75' lang='lat' dir='ltr'><strong>pater</strong></span> 
     </span>
     <span class='ocr_line' id='line_1_96' title="bbox 1735 3862 2758 3931; baseline -0.008 -10"><span class='ocrx_word' id='word_1_540' title='bbox 1735 3869 1889 3930; x_wconf 81' lang='lat' dir='ltr'><strong>dicit,</strong></span> <span class='ocrx_word' id='word_1_541' title='bbox 1922 3871 1937 3898; x_wconf 88' lang='lat'>‘</span> <span class='ocrx_word' id='word_1_542' title='bbox 1963 3866 2208 3931; x_wconf 82' lang='lat' dir='ltr'><strong>Erubuit,</strong></span> <span class='ocrx_word' id='word_1_543' title='bbox 2243 3869 2387 3917; x_wconf 83' lang='lat' dir='ltr'><strong>saiva</strong></span> <span class='ocrx_word' id='word_1_544' title='bbox 2421 3882 2502 3917; x_wconf 87' lang='lat' dir='ltr'><strong>res</strong></span> <span class='ocrx_word' id='word_1_545' title='bbox 2538 3863 2647 3916; x_wconf 54' lang='lat' dir='ltr'><strong>ests</strong></span> <span class='ocrx_word' id='word_1_546' title='bbox 2674 3862 2758 3913; x_wconf 69' lang='lat' dir='ltr'><strong>Dt-</strong></span> 
     </span>
     <span class='ocr_line' id='line_1_97' title="bbox 1737 3952 1890 3996; baseline -0.014 1"><span class='ocrx_word' id='word_1_547' title='bbox 1737 3952 1890 3996; x_wconf 69' lang='lat' dir='ltr'><strong>natus.</strong></span> 
     </span>
    </p>

    <p class='ocr_par' dir='ltr' id='par_1_19' title="bbox 1740 3980 2761 4321">
     <span class='ocr_line' id='line_1_98' title="bbox 1807 3980 2759 4084; baseline -0.008 -12"><span class='ocrx_word' id='word_1_548' title='bbox 1807 4024 1962 4079; x_wconf 79' lang='lat' dir='ltr'><strong>Quem</strong></span> <span class='ocrx_word' id='word_1_549' title='bbox 1982 4036 2131 4084; x_wconf 73' lang='lat' dir='ltr'><strong>neque</strong></span> <span class='ocrx_word' id='word_1_550' title='bbox 2160 4019 2305 4084; x_wconf 73' lang='lat' dir='ltr'><strong>pudet</strong></span> <span class='ocrx_word' id='word_1_551' title='bbox 2338 4018 2603 4083; x_wconf 73' lang='lat' dir='ltr'><strong>quidquam]</strong></span> <span class='ocrx_word' id='word_1_552' title='bbox 2633 3980 2759 4075; x_wconf 69' lang='lat' dir='ltr'><strong>Mag-</strong></span> 
     </span>
     <span class='ocr_line' id='line_1_99' title="bbox 1740 4085 2761 4157; baseline -0.017 -6"><span class='ocrx_word' id='word_1_553' title='bbox 1740 4116 1814 4151; x_wconf 88' lang='lat' dir='ltr'><strong>no</strong></span> <span class='ocrx_word' id='word_1_554' title='bbox 1843 4099 2024 4149; x_wconf 88' lang='lat' dir='ltr'><strong>ordine</strong></span> <span class='ocrx_word' id='word_1_555' title='bbox 2064 4097 2349 4149; x_wconf 85' lang='lat' dir='ltr'><strong>accusavit.</strong></span> <span class='ocrx_word' id='word_1_556' title='bbox 2416 4096 2533 4146; x_wconf 86' lang='lat' dir='ltr'><strong>Non</strong></span> <span class='ocrx_word' id='word_1_557' title='bbox 2571 4085 2761 4157; x_wconf 84' lang='lat' dir='ltr'><strong>(inquit)</strong></span> 
     </span>
     <span class='ocr_line' id='line_1_100' title="bbox 1743 4170 2757 4243; baseline -0.008 -16"><span class='ocrx_word' id='word_1_558' title='bbox 1743 4178 1941 4243; x_wconf 83' lang='lat' dir='ltr'><strong>pudore</strong></span> <span class='ocrx_word' id='word_1_559' title='bbox 1980 4179 2230 4227; x_wconf 81' lang='lat' dir='ltr'><strong>movetur.</strong></span> <span class='ocrx_word' id='word_1_560' title='bbox 2256 4180 2477 4238; x_wconf 78' lang='lat' dir='ltr'><strong>patrum,</strong></span> <span class='ocrx_word' id='word_1_561' title='bbox 2514 4184 2609 4220; x_wconf 89' lang='lat' dir='ltr'><strong>non</strong></span> <span class='ocrx_word' id='word_1_562' title='bbox 2638 4170 2757 4219; x_wconf 66' lang='lat' dir='ltr'><strong>met!</strong></span> 
     </span>
     <span class='ocr_line' id='line_1_101' title="bbox 1741 4244 2759 4321; baseline -0.013 -15"><span class='ocrx_word' id='word_1_563' title='bbox 1741 4260 2033 4321; x_wconf 86' lang='lat' dir='ltr'><strong>parentum,</strong></span> <span class='ocrx_word' id='word_1_564' title='bbox 2054 4266 2156 4305; x_wconf 85' lang='lat' dir='ltr'><strong>non</strong></span> <span class='ocrx_word' id='word_1_565' title='bbox 2185 4250 2372 4302; x_wconf 85' lang='lat' dir='ltr'><strong>timore</strong></span> <span class='ocrx_word' id='word_1_566' title='bbox 2404 4251 2583 4314; x_wconf 76' lang='lat' dir='ltr'><strong>legum.</strong></span> <span class='ocrx_word' id='word_1_567' title='bbox 2641 4244 2759 4304; x_wconf 64' lang='lat' dir='ltr'><strong>Ergo</strong></span> 
     </span>
    </p>
   </div>
   <div class='ocr_carea' id='block_1_11' title="bbox 2938 117 2945 2887">
    <p class='ocr_par' dir='ltr' id='par_1_20' title="bbox 2938 117 2945 2887">
     <span class='ocr_line' id='line_1_102' title="bbox 2938 117 2945 2887; baseline 0 0"><span class='ocrx_word' id='word_1_568' title='bbox 2938 117 2945 2887; x_wconf 95' lang='lat' dir='ltr'><strong> </strong></span> 
     </span>
    </p>
   </div>
   <div class='ocr_carea' id='block_1_12' title="bbox 2939 3286 2945 4647">
    <p class='ocr_par' dir='ltr' id='par_1_21' title="bbox 2939 3286 2945 4647">
     <span class='ocr_line' id='line_1_103' title="bbox 2939 3286 2945 4647; baseline 0 0"><span class='ocrx_word' id='word_1_569' title='bbox 2939 3286 2945 4647; x_wconf 95' lang='lat' dir='ltr'><strong> </strong></span> 
     </span>
    </p>
   </div>
  </div>
 </body>
</html>
