3035 4941
505 412 678 481 1452
715 413 719 417 ’

506 574 690 624 ιιιιιΙίει·
721 571 942 632 tulisset,
978 584 1142 634 prope
1165 569 1461 634 pactionem
1485 567 1561 618 in·

503 648 955 713 iisse,⁴videretur.
990 649 1139 697 Idm.

506 755 515 758 -
574 728 752 789 Omns,
782 724 1050 788 obsecrans]
1083 726 1255 786 Orare,
1288 729 1371 773 est
1400 723 1564 787 placi-

507 803 603 853 dos
625 810 842 868 petere:
881 801 1142 862 obsecrare,
1171 803 1332 851 iratos
1360 815 1565 863 rogare.

506 879 661 930 Unde
703 879 824 943 plus
878 877 1010 928 facit
1066 878 1365 941 obsecrans,
1408 892 1563 942 quam

506 972 685 1008 orans:
713 959 975 1021 plusvero
993 969 1166 1018 orans,
1182 970 1332 1020 qnam
1358 970 1567 1019 rogans.

505 1035 713 1096 Cicero,
735 1038 752 1065 ⁴
770 1035 942 1085 Orare
967 1042 1024 1084 et
1046 1033 1267 1097 rogare?
1302 1034 1451 1085 Idem.

539 1116 638 1163 ‚28
672 1113 898 1176 Ignotum
922 1116 1011 1170 est,
1053 1111 1255 1160 tacitam
1285 1116 1377 1171 est,
1412 1112 1566 1160 credi-

507 1196 608 1239 tum
644 1189 739 1252 est]
771 1184 1058 1237 Ἀσυνδέτωε·
1092 1202 1186 1251 per
1216 1187 1489 1248 συντομίαν,
1508 1194 1568 1236 ιιι

507 1263 661 1329 sole’t,
699 1265 786 1314 bic
822 1264 1076 1328 loquitur:
1113 1273 1189 1325 ιιι,
1220 1264 1405 1319 ‘im‘us‚
1429 1264 1566 1311 veni·

506 1357 639 1403 mus,
682 1339 950 1391 videmus!
1021 1341 1245 1402 Ignem
1269 1347 1351 1389 est
1374 1347 1569 1401 autem,¹

508 1418 810 1483 qnod-ultro
832 1425 1045 1467 venerat
1068 1426 1124 1466 et
1145 1419 1433 1466 lacrumans
1455 1432 1469 1465 ε
1491 1422 1567 1480 ιιι-1

505 1495 658 1545 citam
675 1500 773 1558 est,
797 1495 934 1559 qnod
956 1492 1211 1544 orabat‘et
1222 1492 1536 1543 obsecrabat
1551 1508 1567 1541 ι

506 1572 740 1623 creditum
757 1579 855 1627 εει,
877 1570 1012 1636 quod
1049 1569 1205 1620 fidem
1231 1570 1387 1619 dabat
1410 1576 1466 1618 et
1482 1568 1568 1632 jn-

509 1648 681 1698 rabat.
748 1648 817 1697 Et
836 1647 1104 1697 honestius
1133 1645 1570 1709 impersonaliter,

508 1725 700 1790 q'uam‘
718 1724 1021 1788 ignoiimns,
1048 1723 1321 1785 tacuimus,
1344 1720 1572 1771 credidi·

511 1803 658 1851 mus!
691 1800 930 1850 Donatus.
1172 1817 1177 1824 ’

536 1878 802 1940 mom
842 1883 935 1940 est,
965 1876 1167 1926 tacitum
1204 1880 1296 1933 est,
1338 1839 1573 1925 creditus

508 1954 604 2017 est]
661 1956 828 2005 Venia
850 1953 973 2003 data
993 1962 1093 2013 est,
1117 1953 1378 2003 silentium
1401 1953 1572 2002 indul-

509 2041 640 2094 tum,
658 2031 839 2081 habita
858 2030 1009 2083 fides.
1040 2031 1326 2080 fara-abins.

514 2113 641 2160 »29
680 2108 832 2170 Virgo
854 2111 930 2157 ‘ex
970 2122 1025 2157 eo
1064 2120 1329 2170 compressu
1365 2103 1574 2167 gravida

497 2185 638 2250 sucta
668 2186 765 2249 est]
804 2184 939 2234 Haec
960 2183 1188 2244 addidit,
1211 2197 1277 2233 ne
1301 2197 1367 2231 ex
1391 2182 1571 2230 viliore

508 2277 608 2312 usu
625 2271 682 2313 et
702 2263 973 2312 inhonesta
996 2261 1252 2326 patientia
1274 2260 1482 2323 virginis
1506 2258 1574 2307 ad

511 2347 825 2403 conceptum
849 2337 1011 2388 libido
1029 2336 1344 2401 pervenerit
1361 2341 1417 2384 et
1439 2349 1575 2399 prae-

513 2421 662 2465 terea
683 2416 805 2481 quia
826 2421 882 2464 ει
903 2416 999 2463 boc
1017 2413 1195 2479 potuit·
1208 2412 1329 2476 dici,
1352 2412 1450 2461 Ille
1464 2412 1576 2477 qni·

514 2495 631 2543 ‘dem
657 2492 864 2542 vitiavit
885 2493 1169 2555 virginem:
1184 2491 1280 2540 sed
1302 2490 1424 2556 quid
1442 2491 1486 2539 si
1508 2505 1576 2540 ex

516 2574 618 2623 alio
642 2572 884 2635 concepit
925 2579 1122 2635 postea,
1158 2586 1276 2636 qnae
1300 2586 1437 2621 nnnc
1461 2584 1577 2634 grae

514 2649 637 2700 vida
658 2648 803 2698 facta
822 2649 938 2698 est?
973 2648 1166 2699 idcirco
1193 2655 1248 2698 et
1272 2664 1303 2699 a
1326 2649 1455 2697 vitio
1474 2648 1577 2696 vir-

515 2726 647 2790 ginis
669 2732 875 2787 tempus
906 2714 1159 2788 ostendit,
1196 2732 1255 2775 ut
1288 2739 1404 2775 cum
1430 2723 1578 2774 facto

514 2802 652 2855 tatio
675 2801 995 2850 conveniret.
1031 2801 1268 2852 Donatus.

580 2877 830 2941 Decium]
896 2879 1132 2929 Lunaris.
1197 2879 1347 2943 virg.
1396 2877 1578 2942 Eclog.

513 2957 530 2984 ⁴
554 2956 719 3006 Matri
740 2957 900 3021 longa
919 2956 1101 3008 decem
1120 2958 1346 3007 tulerant
1368 2955 1579 3006 fastidia

493 3078 501 3097 ¹.
516 3032 756 3084 menses.’
785 3033 1080 3085 Menander
1100 3033 1302 3085 Plotioe
1336 3031 1458 3093 Γυνὴ
1477 3032 1579 3085 κύει

515 3108 768 3174 δεκάμηνα.
809 3111 1091 3163 Furnabius.

579 3192 645 3238 30
678 3189 774 3238 Ille
789 3187 939 3237 bonas
958 3188 1041 3237 vir.
1065 3187 1203 3238 nobis
1231 3188 1501 3252 psaltriam,
1534 3189 1578 3238 si

519 3265 617 3314 Dis
630 3267 803 3329 placet,
818 3265 1030 3329 mett]
1067 3265 1345 3317 Conclusio
1365 3281 1578 3316 accusa·

515 3344 690 3393 tionis.
715 3350 791 3404 ει,
830 3341 977 3391 bonus
1008 3342 1102 3405 vir,
1135 3339 1342 3406 εἷρωνεία
1370 3344 1579 3407 quidem

518 3426 637 3487 est„
659 3419 748 3470 sed
774 3417 841 3468 ab
861 3419 1135 3482 eoposita,
1168 3420 1256 3484 qui
1278 3419 1579 3484 indignetur

517 3497 683 3547 ‚virum
706 3495 893 3545 bonum
919 3509 1035 3546 esse
1058 3495 1314 3559 debuisse,
1348 3496 1437 3561 qui
1474 3512 1579 3547 non

518 3573 606 3636 sit,
629 3579 688 3621 nt
723 3586 899 3634 supra,
918 3574 933 3601 ⁴
956 3573 1139 3637 Neque
1163 3571 1303 3634 boni,
1325 3588 1494 3639 neque
1517 3575 1579 3623 li·

518 3648 712 3699 betalis
736 3655 819 3698 est
840 3647 1053 3699 functus
1074 3646 1313 3698 officium
1326 3648 1458 3699 viri.’
1510 3651 1581 3700 Et

519 3725 672 3777 simul
706 3726 992 3785 considera,
1025 3739 1127 3791 quo
1151 3725 1358 3774 nomine
1380 3725 1579 3777 AEschi·

516 3817 640 3854 num
664 3812 834 3865 vocet,
857 3804 1024 3852 virum
1058 3802 1330 3865 appellans
1354 3801 1580 3868 scilicet,

519 3880 607 3946 qui
643 3881 755 3929 vult
788 3879 901 3943 ejus
928 3883 1075 3928 certa
1107 3891 1221 3927 esse
1234 3878 1509 3947 promissa,
1524 3886 1581 3928 et

519 3958 609 4023 qui
631 3956 773 4007 illum
803 3953 1125 4020 jampridem
1147 3954 1317 4005 videri
1341 3956 1581 4005 maritum

522 4036 663 4087 velit.
732 4033 889 4083 Nobis
931 4039 1122 4094 autem,
1175 4045 1243 4082 ex
1294 4031 1580 4084 abundanti

520 4114 587 4172 τῷ
628 4109 872 4171 tamma&
908 4109 973 4158 ad
1009 4108 1416 4173 indignationem
1451 4112 1583 4162 rela-

525 4197 634 4237 tum
653 4195 753 4237 est.
784 4188 1020 4239 Mam.

530 4298 537 4303 -
589 4265 682 4314 Ille
704 4265 847 4315 ὁοιιιιε
865 4264 962 4326 eir,
999 4261 1133 4312 nobis
1155 4264 1419 4327 psaltriam,
1442 4265 1487 4313 si
1502 4265 1584 4315 dis

518 4340 697 4404 placet]
716 4340 814 4390 Vel
831 4340 1089 4403 psaltriam
1108 4340 1367 4407 spondeus
1388 4349 1471 4405 εει
1488 4356 1584 4406 per

1204 423 1429 474 80¹1*AE-
1466 421 1871 472 vammum
1922 420 2002 469 ΙΝ

1635 565 1891 632 synizesin
1918 566 2132 615 duarum
2163 567 2512 614 extremarum
2545 564 2685 610 voca-

1636 645 1760 694 lium
1781 660 1795 694 z
1844 645 1944 707 vel,
1962 653 1969 664 ·
1985 641 2126 708 quod
2155 641 2335 705 'magis
2380 641 2579 703 placet,
2613 638 2694 686 ille

1637 721 1798 784 ὃοιιιιε,
1818 718 2309 785 proceleusmaticus
2332 723 2434 778 εει,
2455 716 2583 764 eliso
2599 727 2691 763 uno

1639 799 1657 848 l
1680 813 1748 848 ex
1767 799 1868 861 ille,
1887 804 1948 848 et
1967 813 1991 846 s
2014 811 2082 846 ex
2104 796 2265 845 bonus.
2300 793 2553 844 Faernus.
2599 843 2604 848 ,
2681 825 2687 838 -.

1679 874 1763 942 ,Si
1803 874 1902 924 Dis
1936 874 2115 938 placet]
2159 873 2305 921 Bene
2337 865 2694 934 interpositum

1641 953 1705 1002 ad
1723 951 1984 1013 invidiam,
2001 953 2018 980 ⁴
2038 950 2096 1000 Si
2111 950 2228 1000 Diis
2247 950 2422 1013 placet
2440 946 2477 996 ι’
2503 947 2699 997 scilicet

1642 1043 1888 1095 perquos
1904 1029 2138 1092 juratum
2156 1033 2257 1076 εει.
2292 1026 2529 1075 Donum.

1709 1106 1801 1155 lue
1812 1106 1959 1156 bonus
1972 1104 2070 1169 vir]
2088 1103 2301 1168 Εἲρωνεία
2315 1101 2633 1167 indignantis
2652 1100 2702 1149 in

1642 1182 1762 1231 loca
1786 1183 1963 1231 addita
1985 1191 2061 1232 est
2080 1181 2252 1231 verbis
2276 1180 2599 1230 ardentibus.
2630 1179 2705 1240 Ia,

1649 1295 1660 1303 -
1707 1261 1975 1310 Psaltrinm
2015 1260 2170 1324 nobis]
2208 1261 2284 1324 Τῷ·
2324 1257 2595 1319 ἰδιωτισμῷ.
2630 1257 2702 1305 sic

1644 1339 1781 1389 enim
1820 1339 2058 1400 dicimus,
2091 1345 2147 1388 et
2190 1345 2275 1388 est
2317 1335 2707 1387 consuetudinis

1642 1417 1991 1483 pervulgatae.
2028 1415 2178 1470 Idem.

1710 1497 1769 1542 al
1808 1493 1950 1541 Illam
1974 1491 2182 1555 deserat]
2216 1489 2278 1540 Id
2304 1497 2406 1552 est,
2430 1491 2520 1540 cui
2540 1505 2571 1539 e
2588 1505 2706 1540 con·

1645 1572 1830 1630 trario,
1852 1569 1973 1619 dnm
1999 1568 2161 1631 vivat,
2182 1567 2475 1617 obstrictus
2499 1575 2600 1617 est.
2641 1567 2707 1617 Et

1642 1646 1845 1707 deserat,
1867 1645 2116 1707 virginem
2132 1643 2353 1693 scilicet.
2388 1643 2545 1694 Idem.

1710 1721 1853 1771 Illam
1885 1720 2097 1784 deserat]
2149 1721 2308 1770 Liber
2330 1720 2636 1783 Bembiuns,
2656 1728 2708 1771 ει

1644 1798 1805 1864 aliqui
1824 1798 1943 1848 libri
1972 1796 2186 1858 Donati,
2205 1796 2399 1848 deserit.
2419 1798 2561 1861 qnod
2579 1795 2708 1847 forte

1647 1876 1827 1925 melius
1843 1882 1947 1938 est,
1970 1882 2153 1925 contra
2176 1888 2223 1925 o.
2245 1875 2282 1922 1.
2303 1889 2344 1923 s.
2381 1874 2617 1923 Fa‘e‘rnus.

1655 1987 1664 1992 -
1710 1955 1775 2002 82
1812 1953 1911 2001 Pro
1941 1957 2144 2001 certene·
2159 1957 2215 2001 tu
2235 1951 2373 2000 istoec
2393 1950 2542 2013 dicis]
2597 1950 2707 2000 Hoc

1647 2028 1768 2078 ideo
1801 2043 1904 2079 non
1949 2029 2098 2092 dicit,
2135 2029 2252 2093 qnia
2286 2028 2447 2077 tidem
2481 2027 2709 2100 ‘nauba-

1647 2105 1773 2156 beat
1796 2106 2059 2160 narranti:
2096 2107 2188 2156 sed
2211 2106 2342 2173 quia·
2357 2106 2580 2155 miratur
2603 2118 2710 2155 sce·

1646 2182 1776 2232 lera.
1818 2183 2061 2233 Donatus.

1713 2261 1879 2310 Mater
1896 2261 2101 2322 virgivnis
2120 2260 2173 2309 in
2193 2260 2345 2309 medio
2366 2260 2463 2323 est]
2484 2260 2709 2310 Terribi-

1647 2335 1773 2387 liter
1795 2339 1944 2398 satis,
1964 2337 2017 2387 ιἰι
2039 2338 2189 2387 medio
2211 2342 2313 2387 est.-
2330 2338 2474 2402 qnasi
2496 2336 2708 2386 retineri

1648 2427 1749 2464 non
1795 2416 1978 2480 possit,
2019 2430 2119 2466 nec
2155 2415 2382 2465 cohiberi
2428 2416 2557 2481 quin
2604 2430 2710 2479 rem

1649 2495 1856 2558 probet.
1928 2497 1998 2545 Et
2039 2507 2315 2560 praeterea,
2352 2511 2512 2560 quum
2559 2510 2711 2560 argn-

1647 2581 1939 2622 mentorum
1966 2587 2158 2635 genera
2185 2572 2288 2622 duo
2317 2581 2458 2637 sunt,
2492 2570 2713 2635 ἔντεχνον

1648 2648 1727 2700 καὶ
1750 2648 1971 2715 ἄτεχνον,
1999 2650 2137 2700 εἰειιι
2157 2651 2214 2699 ἱιι
2230 2650 2385 2701 rebus
2406 2649 2712 2711 manifestis,

1648 2723 1838 2789 ἀτέχνῳ
1853 2727 2034 2777 utitur.
2101 2726 2219 2776 Hoc
2241 2740 2369 2789 ergo
2386 2725 2612 2776 sublatis
2631 2741 2711 2774 sn·

1653 2803 1896 2869 perciliis'
1923 2803 2203 2854 dicendum
2229 2809 2328 2866 est,
2359 2803 2412 2852 ia
2433 2804 2710 2853 mediaest.

1650 2895 1770 2931 nam
1814 2881 2009 2931 lentius
2048 2886 2181 2942 erat,
2211 2880 2253 2929 si
2289 2879 2513 2939 diceret,
2539 2886 2714 2945 presto

1649 2963 1739 3008 est.
1776 2957 1944 3007 Idem.
1989 2956 1992 2959 ’

1695 3039 1780 3086 -88
1815 3035 1931 3100 Ipsa
1951 3034 2110 3098 vir-gro]
2148 3034 2363 3086 Scilicet
2385 3050 2504 3098 quae
2528 3035 2582 3084 in
2606 3034 2714 3085 AEs·

1652 3113 1857 3163 chinum
1881 3126 2026 3161 reum
2050 3119 2105 3162 et
2123 3112 2272 3175 testis
2302 3117 2359 3161 et
2393 3115 2592 3174 crimen
2617 3119 2716 3161 est.

1649 3194 1725 3243 Et
1739 3192 1867 3241 ideo
1882 3191 2046 3252 addit,
2067 3192 2146 3238 res
2155 3190 2291 3254 ipsa.-
2313 3187 2367 3238 id
2383 3197 2488 3250 est,
2513 3188 2714 3253 pondus

1653 3269 1805 3331 uteri,
1844 3267 2041 3317 exactis
2076 3266 2142 3317 ad
2179 3264 2493 3330 pariendum
2529 3266 2714 3316 mensi·
2793 3260 2803 3275 '

1655 3347 1767 3397 bus.
1806 3348 1957 3395 Idm.

1719 3428 1782 3474 84
1818 3423 2085 3485 Praeterea,
2114 3427 2170 3472 nd
2192 3427 2358 3485 captas
2380 3427 2455 3470 est
2472 3433 2716 3470 servorum

1653 3516 1746 3550 aon
1768 3498 1940 3563 malas]
1988 3498 2071 3548 Ad
2094 3499 2229 3560 baec,
2248 3498 2604 3561 intelligamus
2622 3498 2715 3546 ali-

1655 3586 1736 3628 ter
1778 3577 1882 3627 diei
1928 3582 1944 3607 ⁴
1968 3577 2085 3626 Non
2117 3578 2344 3625 inertem
2381 3574 2651 3625 Socratem
2673 3573 2720 3624 ι’

1652 3656 1805 3706 aliter
1843 3655 1862 3715 ,⁴
1886 3653 2004 3704 Non
2027 3654 2248 3704 inertem
2274 3657 2478 3702 servum
2497 3652 2541 3714 3'
2566 3654 2719 3703 aliter

1654 3734 1669 3765 ⁴
1693 3733 1813 3784 Nou
1836 3734 2025 3802 malum
2049 3731 2347 3795 Scipionem
2365 3744 2480 3779 esse
2498 3730 2531 3781 ι’
2562 3728 2732 3781 alitcr'

1655 3812 1671 3840 ⁴
1697 3811 1814 3861 Non
1836 3810 2025 3859 malum
2049 3822 2253 3857 servum
2276 3806 2428 3858 esse.’
2457 3808 2612 3858 Idem.

1658 3918 1664 3925 ·
1722 3888 1992 3947 Proeterea,
2013 3890 2070 3935 ut
2101 3883 2289 3948 capitas]
2325 3883 2427 3948 An,
2462 3893 2717 3949 quantum
2743 3943 2749 3950 ι

1656 3963 1800 4027 capit
1822 3963 2018 4011 animus
2034 3961 2251 4022 servilis,
2268 3968 2470 4010 tantum
2488 3977 2592 4012 non
2610 3976 2717 4012 ma·

1656 4042 1753 4098 lus,
1775 4055 1942 4105 neque
1960 4038 2098 4089 iners
2119 4034 2296 4088 Geta?
2360 4035 2445 4086 Αιι
2469 4039 2485 4067 ⁴
2501 4039 2577 4088 Ut
2593 4051 2715 4103 cap-

1654 4124 1740 4167 tns
1757 4125 1836 4166 εει
1855 4114 2159 4179 servorum,’
2177 4113 2609 4179 quemadmodum
2624 4130 2718 4164 sae-

1658 4209 1725 4260 pe
1761 4193 2124 4257 aucupinmjn
2158 4191 2319 4241 servis
2351 4190 2602 4241 habendis
2626 4190 2718 4240 bo-

1657 4285 1778 4320 num
1802 4270 2012 4320 evenit?
2077 4267 2227 4318 Utin
2249 4274 2409 4331 captu
2426 4267 2617 4328 avium,
2632 4262 2740 4316 vel'

1659 4349 1891 4413 piscium,
1925 4347 2009 4397 vel
2046 4343 2271 4397 ferarum
2310 4344 2587 4409 plurimum
2619 4344 2722 4396 for-
