3035 4941
538 394 709 461 1630

543 552 948 617 intelligi,quam
972 564 1037 598 ex
1062 547 1397 599 contentione
1421 543 1602 592 Demi-

544 631 728 697 phonis
762 637 814 679 et
848 627 1105 677 Pbaedriae
1150 638 1307 673 scena
1346 619 1605 685 sequenti.

545 708 679 772 quod
703 707 834 755 enim
853 703 1080 767 Antipho
1100 697 1434 760 subterfugit,
1452 696 1606 745 Phae-

545 786 658 834 dria
678 774 683 780 ⁶
706 783 863 847 probe
911 781 1148 844 implevit
1195 776 1441 827 officium.
1496 774 1609 822 13oe-

546 863 715 909 clerus,

610 943 675 987 36
712 937 791 985 Ne
812 941 860 984 te
891 936 1045 982 iratus
1078 930 1179 979 suis
1211 927 1446 978 stet-iaicis
1467 925 1612 975 dictis

544 1013 768 1081 protelet]
821 1012 1092 1062 Causalem
1132 1009 1234 1057 vim
1273 1007 1431 1055 habet
1475 1004 1608 1068 quod

548 1093 623 1142 ait
641 1092 759 1153 hoc,
780 1089 961 1138 iratus.-
993 1087 1092 1135 hoc
1125 1090 1224 1142 est,
1247 1083 1333 1148 qui
1371 1082 1436 1131 ob
1476 1095 1606 1145 prae·

548 1176 744 1218 sentem
768 1166 893 1214 iram
907 1162 1264 1212 vehementius
1283 1167 1454 1209 tecum
1472 1164 1610 1220 agat.

549 1246 764 1294 Protelet
785 1249 840 1290 et
865 1242 1096 1305 protelum
1117 1253 1147 1286 a
1167 1235 1259 1300 πρὸ
1281 1244 1336 1285 et
1359 1236 1487 1284 ἑλεῖν
1510 1233 1616 1282 dic·

551 1329 659 1370 tum
710 1325 808 1380 est,
851 1315 986 1380 quod
1032 1322 1114 1363 est
1154 1318 1286 1361 ante*
1307 1321 1366 1360 et
1411 1311 1613 1360 trahere.

554 1398 658 1448 Alii
681 1396 746 1445 ab
770 1394 975 1443 assiduo
1001 1392 1222 1440 telorum
1250 1389 1400 1453 jactu
1438 1386 1616 1436 existi-

553 1481 696 1525 mant
737 1472 857 1522 dici.
906 1477 964 1520 ut
1008 1466 1300 1529 Lucretius,
1339 1467 1353 1495 ‘
1377 1464 1616 1528 Undique

555 1551 755 1615 protelo
810 1549 1077 1614 plagarum
1127 1539 1469 1602 continuat0‚'
1519 1540 1616 1587 lioc

554 1636 653 1688 est,
681 1636 877 1676 tenore.
910 1626 1150 1673 Donatus.

637 1701 870 1763 protelet]
938 1697 1241 1759 Protrahat,
1306 1692 1619 1759 praeveniat,

557 1781 810 1843 exagitet.
844 1777 997 1825 Idem.

566 1876 573 1882 ·
624 1852 923 1915 Soevidictis]
958 1849 1084 1912 Alii,
1102 1846 1339 1897 soevz‘dicis
1359 1844 1520 1895 dictis.
1542 1844 1621 1893 M.

559 1931 913 1983 Casaubonus.
1486 1937 1493 1944 ,

626 2005 859 2068 Protelet]
890 2002 1189 2063 Protrahat,
1206 1997 1515 2064 praeveniat,
1534 2012 1624 2046 ex-

546 2086 747 2148 agitet.
777 2082 849 2131 D.
891 2079 1004 2141 Vel,
1027 2080 1180 2142 longe
1207 2083 1400 2136 arceat,
1424 2074 1621 2137 abigat.

561 2163 735 2211 Plaut.
759 2157 972 2220 Argum.
1000 2155 1228 2203 Mercat.
1292 2153 1308 2178 ‘
1334 2153 1460 2200 Eam
1483 2148 1625 2198 domi

563 2235 937 2302 deprehensam
996 2232 1188 2295 conjux
1259 2228 1396 2277 illius
1452 2226 1627 2276 Vicini

561 2320 789 2365 scortum
822 2309 1116 2359 insimulat:
1153 2305 1384 2371 protelat
1418 2302 1622 2353 virum!

567 2391 717 2439 Idem.

628 2465 761 2529 Scio]
795 2464 1030 2530 Apparet
1046 2461 1143 2510 hoc
1164 2458 1375 2508 verbum
1394 2470 1456 2507 eo
1479 2456 1626 2506 vultu

565 2545 685 2608 diei,
709 2550 766 2592 ut
801 2539 1128 2591 manifestum
1161 2536 1248 2597 sit,
1274 2534 1479 2584 absenti
1517 2532 1625 2581 ani-

565 2638 650 2672 mo
674 2635 786 2670 esse
809 2634 927 2668 eum
952 2617 1038 2681 qui
1061 2614 1307 2679 loquitur.
1341 2613 1578 2662 Donatus.

631 2702 694 2747 3⁷
735 2696 797 2747 Vi
818 2698 1029 2744 coactum
1050 2697 1098 2741 te
1112 2686 1457 2749 esse'invitum]
1489 2688 1630 2737 Mira

567 2773 812 2836 brevitas,
837 2772 889 2821 in
920 2786 1018 2834 quo
1044 2775 1155 2818 tota
1192 2765 1429 2816 defensio
1461 2765 1629 2814 conti·

567 2858 738 2913 netur.
778 2857 834 2900 et
872 2843 1298 2908 subauditur,sac
1335 2845 1629 2907 respondeas,

568 2936 660 2978 aut
685 2928 807 2994 quid
833 2927 955 2976 tale.
994 2925 1144 2972 Idem.

639 3005 703 3055 Vi
734 3008 942 3053 coactum
965 3006 1011 3050 te
1031 3014 1130 3049 esse
1158 2998 1379 3060 invitum,
1401 2998 1523 3060 lege,
1546 2996 1630 3058 ju-

565 3080 713 3143 dicio]
748 3080 994 3130 Oratorie
1029 3076 1206 3126 divisit
1244 3090 1353 3123 rem
1378 3088 1549 3131 innam,
1576 3084 1632 3122 ut

568 3159 737 3221 major
758 3157 1043 3205 videretur.
1111 3160 1126 3182 ‘
1154 3152 1450 3203 Necessitas
1469 3153 1601 3212 legis
1620 3156 1632 3176 ⁹

567 3235 894 3297 intelligitur.
912 3234 1007 3283 Jus
1021 3231 1211 3281 dicitur
1226 3243 1388 3291 cogere
1406 3227 1631 3291 Adelph.

569 3327 656 3362 111.
675 3318 724 3360 5.
746 3315 828 3360 44.
849 3315 905 3358 et
944 3308 1157 3357 Phorm.
1183 3321 1245 3356 11.
1271 3310 1317 3356 1.
1339 3310 1390 3354 6.
1425 3311 1631 3353 senten-

570 3390 656 3439 tiis
677 3384 1155 3448 scilicet-judicum,
1177 3383 1456 3433 secundum
1471 3380 1633 3444 jus-et

569 3468 714 3530 leges
753 3462 1214 3528 pronuntiantium.
1235 3460 1312 3508 ita
1338 3474 1412 3508 vs.
1433 3462 1514 3506 49.
1540 3458 1631 3507 hu-

562 3545 650 3609 jus
689 3556 876 3604 scenae,
909 3538 1259 3589 defensionem
1298 3534 1503 3585 facilem
1530 3536 1633 3598 sig-

570 3619 780 3670 nificare
806 3620 999 3680 volens,
1021 3615 1306 3679 partitione
1350 3612 1631 3676 amplifica-

571 3696 648 3746 vit
671 3696 791 3745 etin
816 3695 980 3758 majus
1001 3693 1168 3743 audiri
1191 3691 1321 3742 fecit
1343 3708 1357 3741 t
1385 3692 1401 3718 ‘
1425 3691 1632 3742 Justam

570 3773 711 3822 illam
731 3786 954 3832 causam,
972 3768 1197 3830 facilem,
1212 3767 1631 3830 vincibilem‚op-

571 3849 781 3900 timam.'
802 3856 1004 3913 promta
1023 3844 1279 3908 defensio,
1301 3851 1358 3894 et
1380 3844 1629 3907 simplex:

570 3929 650 3976 lex
667 3925 838 3989 coegit.
874 3924 1160 3974 Boeelerus.

636 4001 872 4065 Invitum]
927 4003 1069 4050 Bene
1124 3999 1264 4049 idem
1317 3997 1513 4061 repetit
1566 3996 1633 4046 ad

572 4077 973 4129 confirmandam
1018 4077 1317 4133 memoriam
1364 4074 1633 4138 trepidan-

572 4155 656 4204 tia.
680 4169 782 4203 non
806 4153 941 4202 enim
964 4152 1171 4202 diversa
1201 4159 1338 4208 sunt,
1367 4150 1458 4200 sed
1483 4165 1632 4214 repe-

572 4237 770 4292 tuntur,
795 4236 851 4279 ut
873 4230 1036 4280 teneri
1069 4231 1235 4294 possit
1260 4229 1331 4292 id,
1353 4228 1633 4293 quod'cau-

572 4320 645 4354 sae
679 4320 808 4368 opus
849 4313 946 4355 est.
1010 4305 1148 4354 Nam
1184 4305 1233 4354 vi
1271 4309 1480 4354 coactum
1515 4319 1632 4369 esse,

1241 401 1452 450 NO'l'AE
1503 395 1904 445 VARIORUM
1956 394 2035 441 IN

1683 539 1819 589 idem
1865 536 2131 601 significat
2183 532 2319 597 quod
2375 530 2632 579 invitum«
2674 527 2750 576 Au

1684 616 1801 665 ideo
1833 613 1889 663 'vi
1932 618 2143 662 coactum
2176 610 2399 670 invitum,
2427 603 2750 670 jungendum

1686 701 1785 754 est,
1805 692 1926 756 quia
1947 687 2209 738 interdum
2234 685 2392 734 etiam
2430 682 2529 744 ipsi
2555 696 2650 730 nos
2674 695 2754 728 co·

1688 770 1850 832 gimus
1875 766 2089 829 propria
2126 763 2438 811 voluntate?
2471 767 2535 807 ut
2569 758 2753 820 ipsein

1687 845 1904 906 Andria,
1940 845 1956 872 ⁸
1980 844 2060 891 Tu
2100 846 2311 891 coactus
2356 835 2757 885 tuavoluntate

1689 924 1782 975 es.’
1808 924 2046 972 Donatus.
2589 917 2594 923 ’
2653 927 2658 930 ’
2753 915 2758 922 ’

1693 991 1696 994 ’
1759 1000 1928 1062 Tenes]
1962 996 2232 1061 Exquisite
2266 990 2672 1042 addidit-tenes:
2706 994 2760 1035 ut

1692 1083 1961 1142 appareat,
2001 1072 2354 1135 Antiphonem
2393 1068 2549 1115 vultu
2592 1071 2759 1113 osten·

1692 1156 1838 1216 dere,
1862 1152 1999 1216 quod
2033 1152 2214 1199 horum
2251 1147 2379 1195 nihil
2415 1144 2759 1209 perturbatus

1693 1232 1954 1281 advertat.
1993 1230 2143 1277 Idem.
2189 1247 2193 1251 ·

1705 1331 1712 1336 ·
1756 1313 1820 1358 38
1856 1308 1954 1357 Sed
1986 1307 2089 1368 quis
2124 1305 2202 1353 hic
2238 1308 2310 1352 est
2347 1299 2521 1363 senex]
2557 1299 2672 1361 Sed,
2709 1306 2763 1348 nt

1693 1384 1940 1445 diximuS,
1958 1381 2231 1432 transitum
2248 1377 2517 1443 significat
2533 1377 2598 1425 ad
2615 1376 2761 1428 aliam

1694 1476 1822 1521 rem,
1844 1460 1995 1520 abea
2018 1473 2134 1523 quae
2158 1456 2431 1520 agebatur.
2468 1453 2624 1501 Idem.

1763 1538 1915 1593 Quem
1957 1534 2091 1583 video
2133 1533 2187 1582 in
2232 1531 2404 1580 ultima
2437 1527 2630 1592 platea]
2684 1528 2766 1577 Sic

1696 1614 1832 1663 dixit
1885 1614 2055 1662 ultima
2099 1612 2278 1673 platea,
2329 1605 2765 1672 quemadmodum

1687 1685 2012 1755 'Virgilius,-‘
2036 1689 2175 1738 Imas
2193 1684 2469 1733 Obsedere
2492 1681 2672 1731 fores?
2695 1682 2769 1729 Id.

1763 1767 1826 1817 In
1857 1767 2025 1816 ultima
2056 1762 2240 1828 platea]
2275 1762 2337 1810 In
2377 1760 2629 1809 ulteriore
2663 1759 2767 1820 pla·

1698 1851 1800 1895 teae
1835 1852 2007 1909 parte.
2040 1848 2099 1892 ut
2119 1841 2229 1890 imae
2250 1839 2407 1899 sores,
2428 1838 2463 1886 i.
2495 1833 2769 1885 e.·f0rium

1699 1937 1821 1986 pars
1843 1922 1963 1984 ima,
1983 1925 2082 1971 ὅτε.
2106 1920 2234 1968 Mer.
2257 1915 2587 1965 Casaubonas.

1726 1997 1733 2004 ’
1766 2000 1906 2061 Ipsus
1924 1998 2020 2061 est]
2053 1999 2124 2046 Et
2145 1994 2262 2059 quia
2293 1990 2533 2042 timidior
2562 1995 2684 2038 est:
2720 1996 2771 2037 et

1699 2074 1820 2139 quia
1845 2082 2029 2138 postea
2053 2074 2117 2121 de
2141 2069 2374 2136 proximo
2398 2067 2514 2131 ipse
2540 2064 2773 2129 agnoscit

1700 2151 1882 2212 magis.
1917 2152 2159 2199 Donatus.

1764 2231 1831 2278 39
1866 2228 1978 2275 Non
1994 2240 2183 2291 possum
2203 2216 2391 2284 adesse]
2429 2219 2696 2283 Apparet,
2711 2233 2772 2267 ex

1702 2312 1986 2367 conspectu
2043 2301 2208 2366 patris
2269 2299 2433 2360 magis
2499 2295 2774 2355 confundi,

1702 2396 1858 2445 quam
1895 2395 1960 2429 ex
2000 2382 2184 2429 nuntio
2230 2376 2490 2425 adventus
2540 2374 2683 2437 ejus,
2719 2372 2775 2421 fi-

1701 2459 1845 2509 lium.
1880 2459 2034 2508 Idem.
2707 2457 2712 2460 ’

1773 2537 1880 2593 Quo
1912 2535 2039 2598 abis]
2073 2535 2205 2593 Abis,
2243 2529 2499 2597 Antipho?
2552 2530 2644 2580 Sic
2662 2531 2775 2578 Vir-

1704 2613 1856 2675 gilius
1877 2630 1889 2661 :
1910 2614 1925 2638 ‘
1947 2612 2064 2664 Quo
2079 2610 2235 2673 fugiS,
2253 2609 2419 2659 AEnea
2433 2607 2468 2656 θ’
2508 2608 2604 2670 Et,
2619 2609 2638 2637 ‘
2661 2609 2773 2659 Quo

1704 2687 1901 2753 fugitis,
1925 2687 2049 2738 socii
2065 2686 2097 2737 ?'
2129 2686 2216 2736 Sic
2240 2685 2375 2733 enim
2417 2685 2671 2748 loquitur,
2693 2684 2774 2748 qui

1704 2766 1816 2813 vult
1839 2764 2117 2814 ostendere
2151 2761 2504 2811 conditionem
2533 2761 2775 2821 locorum,

1705 2841 1758 2889 in
1785 2857 1884 2904 qua
1910 2855 2155 2905 perverso
2191 2839 2347 2888 modo
2368 2839 2506 2888 alius
2544 2845 2770 2902 petatur,

1706 2918 1837 2967 alius
1863 2919 2149 2982 linquatur.
2185 2919 2339 2967 Idem·

1769 2995 1870 3059 Ah,
1900 2997 2014 3059 quid
2053 2993 2187 3057 agis]
2246 2994 2318 3042 Et
2358 2991 2660 3056 perturbati
2703 2990 2772 3039 in-

1707 3074 2005 3124 tercessoris
2048 3080 2125 3121 est
2161 3071 2357 3132 dicere,
2395 3070 2515 3138 quid
2545 3071 2691 3131 agis?
2722 3072 2773 3128 ut

1705 3151 1757 3200 in
1785 3149 1999 3212 Andria,
2021 3145 2035 3179 ὅ
2061 3150 2188 3199 Mea
2222 3147 2550 3211 Glycerium,
2590 3145 2773 3208 inquit,

1707 3227 1831 3291 quid
1858 3227 2114 3287 agisicur
2138 3231 2191 3274 te
2216 3223 2259 3272 is
2283 3221 2592 3285 perditum?
2628 3222 2772 3270 Idem.
2798 3254 2806 3263 ,

1769 3307 1835 3352 40
1889 3304 2055 3366 Mane,
2098 3317 2253 3358 mane,
2295 3299 2517 3363 inquam]
2590 3299 2774 3348 Omnia

1707 3381 1821 3430 haec
1840 3380 2034 3431 habent
2059 3380 2369 3445 singularem
2396 3378 2501 3426 vim
2540 3378 2596 3426 in
2621 3393 2678 3425 se
2702 3391 2774 3424 re-

1707 3457 1958 3508 vocantis.
1994 3457 2166 3507 Idem..
2753 3501 2758 3504 ,

1775 3535 1977 3595 Egomet
2007 3548 2081 3582 me
2103 3533 2231 3596 novi,
2250 3538 2301 3582 et
2327 3536 2576 3595 peceatum
2604 3528 2775 3590 meam]

1706 3610 1824 3659 Duo
1848 3610 2013 3672 dixit3
2047 3618 2102 3659 et
2133 3612 2148 3637 ⁴
2179 3609 2456 3657 Hominem
2496 3603 2776 3671 pavidum}

1707 3692 1763 3735 et
1781 3688 1795 3714 ‘
1822 3687 2109 3749 Peccatum
2134 3684 2330 3749 grave.’
2364 3684 2516 3733 Idem.

1719 3792 1722 3795 -
1775 3764 1976 3826 Egomet
1998 3778 2072 3811 me
2099 3763 2226 3819 novi,
2248 3766 2296 3811 et
2325 3767 2573 3824 peccatum
2604 3756 2774 3820 meran]

1707 3842 1777 3890 Et
1799 3846 2000 3904 natura,
2034 3848 2090 3889 et
2113 3855 2178 3888 ex
2202 3838 2525 3889 conscientia
2545 3836 2774 3886 criminis

1708 3917 1918 3967 admissi
1939 3916 2112 3982 (quod.
2131 3916 2382 3979 juvenem
2417 3922 2471 3961 et
2494 3913 2771 3975 ingenuum

1709 3993 2215 4057 decebat)·pavidus.
2239 3991 2370 4040 Mer.
2395 3989 2714 4039 Casaubonus.

1770 4075 1833 4120 41
1878 4071 2013 4119 Vobis
2049 4069 2319 4118 commendo
2342 4067 2602 4127 Phanium,
2637 4071 2685 4115 et
2707 4064 2773 4112 vi·

1708 4154 1806 4198 tam
1843 4147 2017 4212 meam]
2053 4147 2281 4202 comice,
2314 4144 2518 4193 duobus
2556 4143 2659 4192 dno
2699 4157 2768 4189 re-

1709 4227 1863 4276 tulit:
1901 4227 1992 4275 Me
2024 4233 2080 4275 et
2119 4230 2392 4288 peccatum
2428 4236 2618 4282 meum,
2643 4220 2771 4269 Pha·

1708 4303 1848 4352 nium
1884 4308 1942 4352 et
1986 4294 2367 4350 vitam⁴meam.
2439 4299 2509 4347 Et
2551 4293 2767 4346 animad-
