3035 4941
763 375 1133 435 TERENTH
1183 377 1468 427 PHORM.
1516 378 1928 430 PROLOGUS.

2276 367 2450 435 1601

984 660 1711 799 PHORMJO.

320 898 614 965 Psnsoms]
668 901 733 952 In
767 900 977 965 nuperis
999 900 1314 952 editionibus

254 973 516 1030 Batavicis
539 979 742 1042 Stilpho
775 978 1081 1031 adolescens
1103 978 1314 1042 ponitur

253 1050 390 1103 inter
408 1069 656 1119 personas
686 1062 856 1106 mutas
874 1055 956 1105 bis
983 1056 1136 1105 male.
1177 1050 1313 1105 Nam

255 1131 455 1198 Stilpho
479 1142 562 1185 est
584 1135 852 1198 Chremes,
878 1141 936 1184 et
968 1134 1217 1185 Chremes
1237 1149 1316 1184 se-

254 1221 355 1257 nex
390 1219 538 1275 erat,
575 1218 635 1262 ut
679 1227 747 1262 ex
789 1211 1059 1263 comoediae
1106 1211 1316 1262 historia

255 1291 476 1337 constat.
542 1289 698 1338 Illum
736 1289 916 1354 itaque
953 1288 1073 1338 binc
1116 1288 1317 1338 sustuli.

251 1361 472 1427 Legitur
493 1372 551 1415 et
572 1365 626 1415 in
648 1365 834 1437 iisdem
869 1365 1062 1415 ancilla
1082 1365 1313 1427 Dorcio;

253 1453 399 1490 error
419 1441 562 1491 baud
600 1440 884 1503 ferendus;
917 1441 1006 1491 illa
1043 1441 1182 1491 enim
1219 1455 1313 1505 pn-

253 1518 355 1569 ella
386 1518 667 1568 dicebatur
702 1518 973 1579 Dor-cium,
1004 1523 1065 1567 ut
1093 1518 1317 1583 Stepha-

250 1595 415 1660 nium,
459 1596 824 1660 Lampadium,
855 1595 1179 1660 Glycerium,
1214 1599 1316 1645 διο.

256 1671 431 1724 Faber.

308 1748 521 1799 Senarii
560 1754 697 1800 sunt.
748 1764 827 1799 vs.
872 1753 922 1798 8.
977 1749 1109 1798 Mss.
1151 1746 1317 1797 nostri

251 1826 387 1890 duo;
427 1829 678 1878 retrahere
696 1841 807 1891 ’pro
828 1829 1084 1877 deterrere.
1135 1840 1212 1876 vs.
1234 1830 1317 1875 22.

249 1917 461 1970 omnes;
484 1904 583 1954 sibi
602 1918 702 1953 esse
718 1904 770 1952 id
789 1904 877 1952 rel.
895 1919 945 1967 p.
964 1917 1036 1950 vs.
1053 1906 1136 1952 28.
1153 1917 1316 1965 unus;

248 1985 437 2042 agetur.
496 1994 575 2031 vs.
595 1983 678 2030 84.
700 1980 837 2042 duo;
858 1977 1043 2029 autoris
1059 1978 1235 2028 virtu.

272 2120 275 2123 Α
315 2057 526 2108 Donati
564 2054 828 2107 annotatio
874 2057 928 2106 in
972 2056 1109 2105 bunc
1146 2055 1319 2120 prolo-

249 2149 370 2201 gum
416 2136 574 2186 valde
619 2134 836 2200 diligens
883 2140 941 2183 et
973 2132 1178 2182 erudita
1218 2138 1319 2184 est.

249 2213 524 2278 Boecierus.
745 2220 749 2225 ’

311 2290 584 2354 Postquam
621 2287 774 2337 Poe'ta
816 2292 951 2338 cem
991 2285 1194 2337 Pse'tam
1227 2300 1324 2336 non

209 2408 219 2418 .
244 2366 425 2431 potest]
459 2366 574 2418 Hoc
592 2364 788 2414 initium
808 2378 839 2412 a
863 2364 1180 2413 destructione
1212 2378 1322 2426 per-

247 2456 377 2495 sona
432 2441 705 2495 adversarii
755 2441 976 2506 sumitur,
1028 2439 1325 2502 coniunctum

244 2537 353 2572 cum
390 2519 720 2571 insinuatione
742 2532 961 2583 persono
1002 2518 1316 2569 Terentiana.

245 2599 520 2649 Donatus.

313 2680 342 2725 ι
384 2677 656 2739 Postquam
676 2673 832 2725 Poe'ta
850 2673 985 2725 vaus
1004 2672 1208 2723 Poetam
1227 2687 1324 2721 non

240 2755 429 2820 potest]
492 2754 657 2810 Nota,
686 2758 930 2817 postquam
952 2750 1091 2815 apud
1118 2757 1324 2800 veteres

246 2847 352 2884 non
377 2832 657 2898 proeterito
694 2829 868 2891 modo,
894 2827 990 2877 sed
1013 2827 1170 2877 etiam
1195 2842 1327 2890 prae·

247 2910 391 2962 senti
437 2906 668 2973 tempori
703 2905 932 2971 adjungi.
997 2904 1092 2968 Ut,
1134 2904 1327 2954 ‘Post-

249 3002 410 3053 quam
448 2999 546 3037 nos
584 2981 862 3047 Amaryllis
890 2980 1072 3043 habet,
1100 2981 1328 3032 Galatea

247 3062 518 3131 reliquit!
584 3064 908 3125 Quamquam
927 3064 1068 3123 sunt,
1090 3059 1180 3123 qui
1200 3063 1329 3122 post-

249 3160 398 3210 quam
439 3140 753 3206 simpliciter
786 3153 882 3204 pro
917 3137 1138 3203 quoniam
1159 3134 1330 3201 accipi

248 3223 444 3273 velint.
483 3220 634 3269 Idem.

315 3299 594 3361 Postquam
609 3291 763 3343 Poe'ta
784 3291 944 3356 vetus]
980 3290 1083 3343 Qui
1108 3289 1219 3353 jam
1241 3286 1331 3338 diu

250 3382 357 3439 est,
399 3388 513 3425 non
550 3372 639 3437 qui
664 3371 774 3435 jam
808 3369 898 3419 diu
924 3367 1042 3417 fuit.
1106 3369 1246 3431 Ergo
1274 3374 1333 3418 nt

252 3452 462 3515 vinum,
482 3452 654 3499 vetus.-
689 3456 793 3496 non
828 3451 1000 3507 vetus,
1036 3449 1096 3493 nt
1115 3442 1331 3493 Ennius.

320 3607 600 3668 Postquam
632 3599 787 3650 Po‘e'ta
817 3603 954 3649 vetus
986 3591 1209 3658 Poie'tam]
1239 3594 1275 3647 J
1279 3609 1332 3646 o·

250 3682 441 3736 cunda
483 3676 747 3742 repetitio.
801 3682 877 3738 ut,
916 3674 1090 3724 ‘Diva
1141 3670 1333 3722 deum.’

249 3764 350 3825 Et,
384 3762 404 3790 ⁴
422 3760 597 3812 Notos
623 3757 773 3822 pueri
793 3753 922 3821 puer
942 3754 1101 3805 indue
1123 3748 1334 3803 vultus.'

249 3840 608 3978 Idegstquam
638 3910 788 3961 Poe’ta
831 3915 965 3965 oetan
1006 3908 1205 3959 Po'e'tam
1239 3880 1336 3957 non

244 3991 450 4060 potest]
475 3988 741 4057 Ἀντζθετον
758 3988 976 4053 primum
993 4001 1088 4051 per
1100 3984 1337 4049 σύλληψιν

249 4071 519 4137 primam,
559 4068 636 4117 ita
680 4070 740 4115 ut
779 4063 1105 4113 extrinsecus
1147 4075 1338 4111 novum

250 4146 457 4197 audire
480 4142 700 4192 Poetam
722 4147 980 4204 oporteat.
1015 4138 1163 4186 Idem.

325 4220 505 4273 Poe'ta
521 4217 680 4281 vetus]
701 4216 835 4265 Vide
857 4214 923 4266 ad
947 4213 1112 4264 Andr.
1137 4214 1337 4279 prolog.

254 4298 403 4352 DIer.
437 4295 761 4347 Casaubonus.

402 4378 592 4443 Delph.
612 4382 660 4429 et
692 4376 813 4428 Var.
831 4374 956 4424 Clas.

1283 4371 1472 4421 Terent.

1455 909 1488 955 2
1523 907 1789 957 Retrahere
1824 922 1856 956 a
1888 904 2070 970 studio]
2105 903 2191 954 Sic
2213 904 2459 969 loquitur,

1392 981 1542 1048 qnasi
1585 997 1695 1032 rem
1741 982 1997 1033 scenicam
2052 980 2218 1044 magis
2260 980 2455 1030 laedere

1393 1060 1620 1110 voluerit
1661 1061 1898 1124 Luscius,
1942 1072 2093 1125 quum
2139 1058 2457 1108 Terentium.

1393 1136 1636 1186 Donatus.

1461 1212 1726 1263 Retrahere
1747 1229 1778 1263 a
1798 1213 1977 1277 studio]
2012 1211 2171 1263 Liber
2199 1212 2459 1262 Victoria-

1395 1301 1494 1338 nus
1514 1289 1593 1352 ab,
1618 1299 1677 1340 nt
1692 1298 1747 1341 et
1770 1289 1921 1340 infra.
1965 1290 2199 1340 Faernus.

1465 1366 1748 1430 Transdere]
1806 1367 2071 1416 Transdere
2115 1372 2321 1416 veteres
2376 1380 2458 1415 so-

1394 1443 1780 1511 nantius2quod
1804 1458 1897 1494 nos
1919 1443 2090 1493 lenius
2114 1442 2334 1493 dicimus
2357 1449 2459 1492 tra-

1394 1521 1537 1570 dere.-
1582 1526 1641 1570 ut
1682 1522 1928 1583 tralatum,
1970 1535 2062 1570 nos
2106 1522 2389 1570 translatum
2426 1534 2457 1570 e

1396 1597 1678 1646 contrario.
1712 1598 1954 1646 Donatus.

1430 1675 1533 1724 .Et
1569 1676 1809 1724 transdere
1848 1673 2103 1738 hominem]
2149 1671 2364 1724 Comice
2402 1682 2462 1725 et

1397 1758 1615 1800 venuste
1638 1750 1856 1800 inseruit
1875 1751 2105 1801 hominem
2119 1767 2137 1800 .·
2170 1755 2249 1812 ut,
2270 1751 2286 1778 ‘
2309 1751 2459 1799 Levi-

1382 1825 1493 1877 -bus
1516 1828 1640 1878 hnic
1678 1827 1843 1877 hamis
1877 1834 2189 1886 consertam,
2228 1842 2461 1891 auroque

1398 1896 1619 1954 trilicem
1640 1905 1899 1967 Loricam,
1921 1920 2072 1970 qnam
2094 1905 2350 1954 Demoleo
2374 1904 2466 1953 de-

1400 1987 1638 2031 traxerat
1671 1981 1783 2045 ipse
1820 1981 2024 2039 Victor,
2060 1979 2199 2044 apud
2224 1979 2464 2043 rapidum

1399 2056 1667 2109 Simoenta
1707 2056 1805 2107 sub
1848 2057 1948 2106 Ilio
1995 2058 2134 2118 alto;
2171 2057 2344 2105 Donat
2377 2058 2468 2105 ba·

1402 2135 1528 2186 bere
1554 2136 1684 2199 viro,
1701 2135 1862 2185 decus
1881 2142 1935 2185 et
1951 2140 2185 2185 tutamen
2202 2133 2254 2183 in
2275 2132 2465 2183 armis!

1470 2290 1758 2355 stansdere]
1814 2289 1942 2354 Alii,
1979 2291 2185 2340 trudere.
2239 2289 2464 2339 Veteres

1400 2370 1664 2431 transdere,
1703 2367 1839 2432 quod
1885 2382 1978 2416 nos
2016 2366 2219 2419 mollius
2258 2369 2466 2418 tradere.

1403 2458 1467 2494 ac
1490 2458 1584 2494 nos
1607 2459 1673 2495 ex
1696 2444 1977 2508 contrario,
2004 2445 2306 2507 translatum,
2330 2443 2469 2508 qnod

1403 2521 1497 2585 illi,
1522 2523 1763 2572 tralatum.
1781 2523 1923 2573 Don.
1957 2523 2088 2572 Mer.
2114 2521 2434 2571 casaubonus.

1469 2608 1498 2654 8
1538 2592 1813 2653 Maledictis
1851 2600 2116 2664 deterrere]
2154 2600 2346 2649 Sensus
2381 2599 2467 2648 hic

1406 2687 1489 2731 ost
1509 2698 1524 2731 z
1548 2680 1671 2744 Ipse
1689 2693 1764 2742 se,
1779 2678 1968 2742 inquit,
1988 2678 2311 2727 adversarius
2332 2674 2469 2726 fate-

1406 2763 1493 2808 tur
1516 2757 1734 2818 victum,
1765 2755 1851 2820 qni
1875 2769 1904 2803 a
1926 2754 2080 2804 rebus
2105 2756 2368 2819 exclusus,
2402 2754 2467 2803 ad

1405 2833 1567 2884 verba
1589 2825 1833 2894 delapsus
1852 2833 1951 2879 est.
1969 2831 2224 2881 *Donatus

1472 2908 1753 2959 Maledictis
1774 2906 2034 2968 deterrere]
2065 2907 2236 2956 Deest
2252 2920 2372 2954 eum.
2395 2911 2472 2966 ut,

1410 2987 1699 3049 ‘Quarum,
1739 2998 1856 3050 quse
1901 2981 2065 3032 forma
2102 2981 2473 3044 pulcherrima,

1408 3062 1711 3127 Deiopeiam
1734 3054 2003 3110 connubio
2027 3057 2246 3122 jungam
2266 3056 2473 3107 stabili.’

1468 3220 1504 3266 4
1542 3215 1641 3272 Qui
1674 3214 1749 3263 ita
1789 3211 2039 3275 dictitans]
2084 3210 2474 3275 Impudentiam

1411 3291 1643 3342 ostendit
1667 3302 1763 3354 per
1780 3288 2223 3354 frequentativum
2239 3287 2476 3338 verbum.

1412 3372 1567 3420 Idem.

1480 3447 1615 3504 Quas
1656 3444 1852 3495 antehac
1875 3443 2004 3504 fecit
2031 3439 2249 3504 fabulas]
2281 3442 2354 3490 Et
2389 3439 2479 3512 hic

1411 3525 1611 3574 lentum
1645 3526 1999 3572 accusatorem
2038 3517 2187 3579 facit,
2228 3516 2316 3582 qui
2340 3530 2476 3581 prae·

1414 3600 1575 3649 terita
1606 3598 1834 3663 ingerat,
1874 3602 1930 3645 et
1968 3594 2035 3645 de
2069 3595 2254 3660 quibus
2277 3594 2389 3657 jam
2412 3592 2482 3643 sit

1404 3675 1699 3742 judicatum
1722 3674 1777 3723 in
1798 3672 2001 3724 melius.
2037 3672 2186 3721 Idem.

1480 3758 1510 3801 5
1542 3751 1692 3802 Tenui
1714 3764 1815 3801 esse
1833 3745 2062 3805 oratione,
2084 3752 2131 3797 et
2152 3746 2398 3810 scriptura
2419 3746 2484 3794 le·

1415 3829 1485 3893 ci]
1517 3827 1829 3892 Imperitum
1851 3825 2051 3875 inducit
2073 3825 2478 3883 criminatorem,

1418 3906 1506 3972 qui
1541 3905 1640 3956 hoc
1670 3903 1904 3969 objiciat,
1935 3901 2075 3967 quod
2103 3900 2367 3965 proprium
2392 3896 2482 3946 de-

1416 3985 1511 4035 bet
1535 3998 1643 4033 esse
1666 3979 1850 4030 comici
1877 3979 2015 4043 styli.
2080 3978 2286 4026 Revera
2309 3980 2485 4023 autem

1416 4063 1515 4111 hoc
1538 4058 1766 4108 deterior
1785 4054 2077 4105 Menandro
2096 4051 2367 4102 Terentius
2397 4051 2483 4114 ju-

1419 4136 1715 4198 dicabatur,
1747 4131 1886 4198 quod
1926 4131 2094 4179 minus
2134 4126 2340 4177 sublimi
2372 4140 2485 4175 ora-

1420 4213 1564 4263 tione
1581 4216 1838 4261 uteretur.
1861 4206 1999 4272 quod
2024 4206 2187 4269 ipsum
2210 4216 2345 4253 nunc
2362 4211 2484 4266 pur·

1422 4294 1534 4354 gat,
1556 4287 1737 4338 dicens
1761 4284 1815 4336 in
1831 4282 2087 4349 tragoedia
2110 4280 2295 4331 altiora
2318 4286 2484 4328 trans·

2261 4364 2290 4408 5
2325 4358 2352 4407 1
