3035 4941
510 322 683 429 1098

513 518 701 571 entes!
736 520 894 570 Idem.

584 597 793 647 Fidelem
826 595 951 644 haud
982 593 1140 656 ferme
1177 591 1366 642 mulieri
1407 590 1564 640 iuven.

514 672 628 735 rin]
669 673 808 722 Nota
828 672 1137 719 ναιὶειιιιειιι
1159 669 1213 717 in
1229 668 1425 718 Nostro
1450 664 1568 728 poe·

506 758 602 805 xta:
640 749 728 813 qui
751 746 965 797 eandem
989 745 1269 809 quereiam,
1304 744 1369 792 de
1393 743 1569 791 incon·

515 827 707 876 stantia
730 832 782 874 et
808 823 1028 888 perfidia
1047 830 1329 872 amatorum
1354 826 1570 880 tractat,

516 903 671 953 etiam
698 908 800 951 act.
824 914 905 965 ιν.
930 914 1002 949 sc.
1026 903 1076 949 3.
1097 900 1219 948 item
1242 898 1292 946 iu
1315 895 1568 960 Adelphis

516 992 606 1028 ιιι.
628 981 678 1026 2.
713 980 795 1026 82.
831 978 931 1024 διο.
967 975 1105 1024 Hec.
1134 988 1173 1023 1.
1198 979 1244 1023 l.
1268 978 1310 1022 1.
1334 978 1390 1023 et
1407 971 1571 1021 omni·

517 1070 586 1104 no
611 1052 743 1102 adde
768 1049 1141 1114 Catullum,qui
1172 1055 1412 1113 potenter
1433 1049 1570 1097 hunc

517 1127 765 1180 affectum
804 1127 965 1177 movit
1021 1127 1191 1177 Carm.
1240 1124 1435 1189 Argon.
1486 1128 1571 1174 65.

519 1206 782 1255 Boeclerua.

582 1286 614 1331 3
648 1281 726 1331 Ab
749 1281 935 1331 Andria
952 1285 1023 1329 est
1037 1280 1208 1330 aneilla
1227 1277 1347 1341 hoec]
1369 1277 1573 1341 Simpli-

521 1359 657 1409 citer
678 1358 814 1408 dixit
838 1357 896 1407 ab
918 1358 1108 1408 Andria
1127 1361 1217 1415 est,
1241 1369 1336 1418 pro
1360 1354 1573 1402 Andriae

521 1445 636 1487 est.
673 1451 788 1486 nam
827 1443 884 1485 et
915 1449 1011 1483 usu
1035 1434 1109 1483 sic
1131 1432 1309 1482 dicere
1332 1433 1577 1481 solemus.

524 1515 665 1586 Ergo
687 1512 744 1563 ab
779 1511 969 1562 Andria
1004 1514 1093 1572 est,
1116 1510 1214 1558 boc
1247 1516 1344 1565 est,
1364 1507 1577 1557 Andriae

522 1589 688 1651 favet,
714 1588 931 1638 Andriae
963 1595 1076 1638 est:
1110 1593 1170 1635 ut
1200 1600 1316 1635 cum
1340 1584 1579 1645 dicimus,

523 1669 602 1718 Ab
622 1669 705 1718 illo
724 1672 814 1728 est,
832 1667 930 1716 hoc
948 1663 1312 1728 significamus,
1327 1662 1403 1710 ilii
1415 1660 1581 1724 favet,

522 1745 600 1794 illi
621 1742 974 1795 accommodat
996 1739 1310 1805 suffragium.
1340 1738 1581 1788 Dmmtua.

589 1825 622 1870 4
656 1821 753 1873 Sed
785 1818 882 1881 hic]
919 1819 1134 1882 Semper
1174 1815 1270 1865 Sed
1306 1813 1580 1864 contrariae

526 1896 801 1946 sententias
837 1893 1142 1958 significatio
1173 1899 1272 1942 est.
1339 1892 1407 1939 Et
1446 1890 1585 1940 bene

524 1975 623 2035 liic,
647 1981 703 2023 ut
728 1973 971 2022 ostendat
994 1970 1060 2020 de
1081 1971 1170 2019 iilo
1203 1969 1365 2019 fuisse
1396 1982 1585 2020 sermo·

527 2065 661 2100 nem.
696 2050 844 2099 Idem.

594 2126 746 2189 Hem]
796 2124 1104 2189 Interjectio
1155 2131 1236 2174 est
1282 2123 1588 2190 accipientis

529 2204 708 2263 verba,
733 2210 788 2251 et
808 2202 1126 2251 admirantis.
1164 2202 1312 2251 Ideni.

595 2285 625 2327 6
667 2280 862 2327 Utinam
903 2283 989 2327 aut
1030 2278 1107 2326 Ιιὶσ
1139 2278 1325 2339 surdus,
1366 2281 1449 2325 aut
1487 2275 1587 2324 hoec

529 2354 807 2413 malefacta
822 2354 910 2416 sit]
943 2354 1153 2402 Comice
1178 2361 1230 2401 et
1253 2351 1443 2401 facete.
1484 2353 1589 2402 Aut

529 2432 611 2481 Ιιὶο
627 2432 813 2491 surdus,
837 2431 924 2494 qui
947 2429 1126 2480 audire
1149 2443 1251 2478 non
1279 2443 1396 2492 poss
1376 2429 1472 2479 sit·
1505 2434 1591 2479 aut

531 2510 632 2558 hoec
655 2514 786 2558 naula
808 2508 950 2568 sacta
981 2508 1064 2569 sit,
1099 2521 1163 2555 ne
1201 2504 1368 2570 possit
1392 2505 1587 2555 dicere.

529 2588 685 2637 Idem.

599 2667 704 2714 Aut
733 2663 810 2712 hic
829 2663 1018 2718 sardas.
1052 2666 1134 2711 ont
1166 2661 1265 2710 haec
1294 2665 1429 2709 muta
1450 2659 1593 2721 sacta

533 2739 624 2802 sit]
657 2739 899 2803 Σύλληψις
922 2754 1016 2802 per
1037 2752 1241 2800 genera.
1277 2737 1429 2790 Idem.

601 2821 635 2865 6
666 2817 824 2866 Jussit
848 2814 974 2878 tolli]
1007 2815 1139 2863 Haec
1169 2824 1249 2864 est
1285 2813 1448 2863 fides:
1485 2827 1596 2863 sus-

536 2892 637 2955 cipi
659 2891 792 2941 filios
816 2891 1074 2955 legitimos
1108 2888 1306 2938 faciunt
1334 2894 1596 2953 parentes.

534 2969 581 3018 E
589 2976 610 3017 t
648 2969 870 3022 sublatio
905 2967 1083 3016 matris
1122 2974 1238 3054 est.
1290 2967 1454 3030 patris
1499 2969 1597 3017 tol·

537 3046 666 3094 lere.
694 3046 888 3094 Donat.

605 3122 734 3171 Nam
755 3123 876 3183 quod
894 3121 1165 3184 peperisset,
1177 3119 1328 3181 jussit
1349 3119 1476 3183 tolli]
1512 3119 1597 3169 Ad

537 3198 862 3247 honestatem
898 3196 1061 3246 futuri
1098 3197 1410 3247 matrimonii
1437 3199 1600 3260 perti-

537 3276 717 3337 nebat,
741 3276 836 3324 hoc
860 3288 960 3323 non
984 3276 1140 3323 semei
1163 3274 1434 3355 inculcari.
1487 3274 1598 3323 Boe·

539 3353 711 3402 clerus.

612 3427 754 3491 Tolli]
809 3427 1036 3475 Educari
1093 3441 1125 3475 a
1174 3433 1347 3490 patre
1368 3425 1600 3489 agnitum

543 3518 640 3568 pro
662 3504 892 3568 legitimo
910 3522 924 3565 3
969 3518 1069 3552 non
1106 3509 1349 3573 tanquam
1373 3497 1603 3570 spurium

545 3584 770 3646 exponi:
805 3595 960 3644 supra
977 3588 1080 3631 act.
1098 3586 1288 3631 1.sc.3.
1323 3580 1605 3631 Farnobius.

610 3660 837 3723 Juppe'ter
871 3657 984 3720 qaid
1005 3671 1092 3718 ego
1121 3658 1283 3721 audio]
1329 3657 1473 3705 Bene
1498 3672 1606 3706 rur·

549 3749 659 3785 sum
689 3735 964 3784 adducitur
997 3733 1061 3781 ad
1077 3734 1498 3797 desperationem
1526 3749 1607 3784 se-

546 3827 651 3862 nex
674 3811 898 3875 Mysidis
923 3810 1113 3861 verbis.
1146 3811 1386 3861 Donatus.

591 3895 623 3939 7
640 3890 818 3940 Actum
834 3887 926 3950 est]
941 3888 1002 3937 In
1023 3902 1217 3936 summa
1236 3902 1405 3936 rernm
1423 3886 1609 3950 despe-

551 3966 753 4015 ratione
774 3964 1001 4027 ponitur,
1020 3964 1196 4013 Actum
1209 3968 1301 4024 est,
1318 3964 1472 4025 Ilicet,
1491 3963 1613 4013 Per·

547 4044 672 4093 iisti.
740 4042 873 4093 Haec
910 4057 992 4092 res
1018 4042 1301 4092 secundum
1332 4043 1420 4106 jus
1459 4041 1611 4091 civile

552 4121 744 4171 dicitur
765 4138 777 4168 ε
812 4122 862 4170 in
886 4135 986 4185 quo
1008 4126 1240 4181 cavetur,
1276 4132 1340 4167 ne
1363 4119 1483 4183 qnis-
1502 4132 1612 4167 rem

554 4193 724 4247 actam
745 4198 882 4266 apud
906 4197 1110 4261 judices
1130 4198 1356 4259 repetat.
1420 4194 1510 4244 Sic
1534 4195 1613 4258 ip-

553 4274 684 4326 sein
707 4275 1038 4336 Phormione,
1075 4273 1091 4304 ‘
1111 4272 1322 4337 Actum,
1346 4273 1525 4331 aiunt,
1546 4288 1613 4325 ne

1195 370 1410 421 No'rAE
1460 361 1856 417 vAmoRUM
1908 366 1987 416 IN

1547 510 1554 519 ’
1642 534 1782 585 agas.
1788 521 1985 571 ’.Idem

1706 600 1737 645 8
1771 597 1959 646 Bonum
1995 593 2258 658 ingenium]
2314 592 2588 658 Ιπξθιιίιιηι,
2610 606 2702 643 ua·

1642 680 1828 737 turam.
1864 674 2016 722 Idem.
2689 692 2694 698 ·

1710 756 1772 800 10
1809 752 1939 808 Quid
1959 751 2067 815 Ιιοο]
2115 749 2300 799 Secum
2325 762 2486 798 senex
2509 748 2703 796 ἐλλειπ-

1641 830 1793 878 τικῶς·
1814 828 1965 876 deest
1989 826 2145 887 enim,
2166 825 2239 875 rei
2254 832 2345 875 est.
2380 823 2552 873 Idem.

1710 909 1770 954 11
1805 903 1985 953 Adeon'
2003 908 2110 953 est?
2132 905 2318 951 demens
2345 916 2407 950 ex
2423 898 2709 964 peregrina]

1635 980 1878 1044 Ἔλλειψις
1915 994 2009 1044 per
2033 968 2369 1037 ἀποσιώπησιν,
2404 982 2548 1041 apta'
2565 975 2710 1038 cogi-'

1644 1058 1812 1108 tanti:
1849 1057 2101 1121 reliquum
2147 1063 2319 1105 antem
2360 1054 2444 1104 sic·
2480 1042 2712 1116 pronun·

1648 1132 1922 1198 tiat,quasi
1948 1142 2161 1196 reperto
2182 1132 2417 1181 consilio.
2484 1128 2555 1181 Et
2578 1131 2711 1179 bene

1555 1218 1564 1229 ‘
1646 1212 1791 1260 adeo.-
1849 1208 1971 1275 quia
2011 1216 2117 1258 tam
2160 1209 2375 1258 demens
2421 1213 2522 1268 est,
2572 1205 2713 1271 quod

1644 1292 1783 1335 amat
1814 1300 1880 1334 ex
1915 1285 2211 1349 peregrina,
2244 1283 2295 1333 id
2316 1286 2418 1345 cst,
2440 1297 2507 1332 ex
2540 1295 2711 1330 mere·

1650 1363 1799 1412 trice.
1865 1362 2119 1410 Mulieres
2143 1360 2279 1409 enim
2303 1357 2615 1423 peregrinae,
2638 1356 2716 1404 in-

1648 1438 1881 1489 honestae
1917 1451 1977 1486 ac
2021 1435 2327 1486 meretrices
2366 1433 2718 1483 habebantur.

1650 1516 1736 1565 Sic
1781 1516 1894 1584 ipse
1939 1514 2083 1575 alibi,
2110 1514 2129 1542 ⁴
2157 1511 2330 1561 Samia
2383 1508 2506 1559 mibi
2546 1514 2721 1558 mater

1651 1591 1774 1654 fuit,
1796 1607 1858 1642 ea
1876 1589 2149 1641 habitabat
2169 1587 2361 1637 Rhodi.
2365 1585 2380 1609 '
2419 1587 2496 1635 Et
2516 1586 2723 1647 serviis,

1653 1671 1669 1699 ‘
1689 1670 1877 1719 Potest
1896 1667 2057 1717 taceri
2080 1667 2178 1716 hoc
2201 1661 2463 1729 quidem·'
2494 1661 2597 1711 hoc
2611 1663 2721 1722 est,

1651 1745 1984 1795 meretricem
2008 1742 2248 1792 habuisse
2268 1747 2324 1790 te
2343 1744 2565 1823 matrem
2586 1735 2726 1785 veri·

1655 1823 1821 1874 simile
1846 1829 1944 1872 est.
1991 1822 2140 1870 Idem.
2275 1824 2278 1829 “
2708 1822 2722 1835 ·

1717 1897 1949 1961 Demens]
1983 1896 2182 1947 Mentis
2214 1892 2438 1944 sanitate
2474 1891 2727 1942 deturba&

1661 1981 1766 2036 tus,
1789 1981 1957 2023 emota
1979 1981 2184 2022 mente:
2208 1969 2475 2034 παράφρων.
2512 1969 2728 2019 Far-neb.

1725 2054 1808 2101 Ex
1839 2050 2120 2115 peregrina]
2172 2047 2531 2105 Ἀποσιώπησις·
2574 2047 2729 2095 deest

1660 2129 1816 2193 enim,
1852 2132 1905 2176 ut
1932 2127 2094 2192 filiam
2122 2121 2379 2188 suscipiat?
2415 2129 2506 2173 aut
2528 2121 2728 2231 aliquid

1662 2206 1785 2254 talc.
1823 2204 2063 2252 Donatus.

1732 2282 1810 2329 Ex
1828 2278 2106 2343 peregrina]
2129 2278 2271 2326 Maie
2294 2274 2582 2328 audiebant
2607 2289 2727 2339 per-

1660 2358 1875 2421 egrinae,
1916 2362 2159 2419 tanquam
2193 2352 2532 2403 meretricesz
2557 2358 2731 2401 act.1.
2802 2407 2806 2411 ,

1664 2449 1739 2485 sc.
1775 2438 1823 2484 l.
1860 2432 2144 2483 Famabius.

1729 2514 1792 2560 12
1832 2511 1932 2561 Vix
1963 2510 2154 2559 tandem
2183 2505 2311 2557 sensi
2345 2504 2571 2567 stolidas]
2605 2504 2731 2553 Put-

1665 2592 1792 2642 cbro
1814 2591 1987 2641 colore
2025 2588 2261 2650 inducto,
2292 2586 2452 2651 poeta
2493 2583 2734 2653 ostendit

1666 2683 1767 2720 non
1809 2667 1978 2716 minus
2023 2664 2135 2714 faui
2174 2657 2535 2728 suspiciosum,
2576 2674 2735 2724 quam

1669 2746 1757 2809 qui
1815 2744 2003 2793 stultus
2049 2748 2166 2791 est:
2201 2739 2320 2789 huic
2360 2736 2736 2786 enim‘veritas

1668 2820 1876 2869 failacia
1916 2818 2141 2878 videtur,
2175 2815 2297 2864 dum
2330 2811 2482 2861 nimis
2506 2817 2587 2861 est
2610 2817 2736 2860 aeu-

1672 2904 1754 2946 tus
1777 2910 1838 2944 ae
1878 2894 2188 2957 perspicax:
2226 2883 2280 2939 et
2321 2889 2421 2938 hoc
2461 2893 2563 2949 est,
2597 2886 2737 2951 quod

1672 2972 1738 3020 ab
1778 2976 1971 3020 eventu
1995 2966 2144 3031 fingit
2179 2965 2367 3029 poeta:
2393 2977 2494 3012 non
2521 2963 2659 3011 enim
2685 2963 2737 3011 in

1673 3051 1827 3098 Davo
1887 3054 1985 3109 est,
2027 3045 2100 3094 sic
2141 3057 2317 3093 errare
2363 3055 2501 3091 nunc
2544 3037 2740 3095 senem.

1673 3128 1909 3177 Donatus.

1745 3201 1843 3251 Vix
1877 3200 2065 3249 tandem
2095 3197 2223 3247 sensi
2242 3195 2463 3259 stolidus]
2497 3196 2742 3261 Quinque

1673 3287 1794 3330 sunt
1815 3293 2031 3338 sensns,
2066 3292 2281 3344 quorum
2319 3274 2466 3337 duos,
2496 3275 2663 3323 visum
2689 3280 2744 3323 et

1676 3357 1931 3419 auditum,
1971 3354 2134 3418 magis
2168 3352 2436 3403 sensibiles
2479 3351 2746 3411 habemns,

1676 3431 1828 3498 quam
1872 3444 2080 3495 pecora.
2148 3425 2317 3478 Unde'
2340 3428 2545 3489 Cicero,
2580 3425 2744 3475 ‘Non

1678 3510 1843 3558 solum
1890 3508 2115 3569 videam,
2166 3504 2255 3552 sed
2305 3502 2466 3552 etiam
2516 3500 2746 3561 audiam,

1677 3587 1934 3651 planeque
1967 3582 2183 3633 sentiam
2203 3579 2238 3629 ι’
2270 3578 2415 3644 quasi
2446 3578 2513 3626 ad
2543 3580 2746 3625 tactum

1679 3662 1880 3721 retulit,
1923 3674 2025 3725 quo
2058 3657 2215 3707 etiam
2250 3669 2440 3719 pecora
2470 3654 2747 3719 impellun-

1679 3745 1767 3791 tur
1789 3737 1853 3788 ad
1880 3749 2105 3785 sensum.
2169 3733 2389 3783 Duabus
2426 3745 2553 3795 ergo
2590 3727 2762 3780 rebus‘

1681 3818 1901 3868 scimus·
1937 3820 2028 3865 aut
2061 3811 2472 3872 ratiocinatione,
2506 3815 2597 3860 aut
2635 3817 2751 3860 sen-

1682 3908 1773 3942 su:
1808 3890 1996 3964 quibus
2043 3888 2264 3937 maxime
2298 3879 2612 3951 p'raestamus
2653 3902 2754 3937 σε·

1684 3969 1808 4018 teris
1832 3965 2157 4016 animalibus).
2225 3965 2368 4027 Ergo
2391 3977 2554 4013 senex
2572 3975 2629 4014 se
2649 3978 2751 4014 non

1685 4041 1859 4107 seusu,
1903 4058 2004 4093 non
2061 4042 2457 4093 ratiocinatione
2505 4044 2754 4104 sensisse,

1685 4121 1778 4172 sed
1796 4119 1958 4169 veluti
1975 4119 2263 4170 calcaribus
2276 4127 2328 4169 et
2348 4118 2573 4169 stimulis
2588 4129 2753 4183 punc·
2787 4139 2796 4142 2

1687 4206 1815 4249 tum.
1852 4197 2003 4247 Idem.
2181 4209 2182 4212 ¹
2503 4208 2512 4217 ·
2747 4201 2754 4212 ·

1757 4273 1851 4323 Vix
1882 4274 2073 4324 tandem
2096 4272 2223 4322 sensi
2253 4271 2477 4337 stolidus]
2518 4272 2753 4324 Donatus
