3035 4941
570 411 745 479 1126

570 568 785 636 pientia,
837 565 1366 631 demonstrantisque‚
1431 562 1626 630 aliquid

568 647 692 697 novi
713 660 771 696 se
792 645 1066 696 invenisse.
1100 646 1333 695 Donatus.

636 724 785 775 Hem.
827 726 909 773 sed
950 737 1101 783 mane,
1146 717 1379 783 caderem]
1423 718 1625 779 Davus,

567 808 791 865 argente
831 798 1125 863 Pamphilo,
1163 802 1221 847 ut
1256 795 1544 860 expediret,
1579 793 1624 843 si

572 878 698 945 quid
741 876 963 928 haberet
1005 874 1226 937 consilii,
1271 874 1372 923 alio
1417 878 1622 923 vertere

573 955 795 1003 animum
849 951 1192 1001 adolescentis
1219 993 1224 998 .
1246 957 1483 1000 conatur.
1509 989 1510 994 ,
1532 948 1623 999 sed

570 1030 660 1081 ille
682 1031 875 1080 instatz
908 1029 1031 1078 nihil
1049 1030 1110 1077 ad
1132 1033 1290 1090 te‚sc.
1316 1028 1404 1076 ille
1437 1026 1623 1077 forium

568 1108 785 1158 sonitus.
806 1113 916 1157 tum
949 1120 1073 1169 ergo
1105 1105 1308 1155 demum
1333 1107 1535 1166 Davus,
1557 1104 1624 1154 ad

569 1185 645 1247 id,
670 1184 807 1249 quod
846 1181 1147 1247 Pamphilus
1181 1182 1399 1244 dixerat,
1432 1187 1485 1231 ut
1516 1181 1626 1242 jam

569 1277 686 1326 opus
700 1267 789 1323 est,
806 1259 1190 1325 respondetised
1209 1274 1325 1309 cum
1345 1258 1622 1308 dilatione:

514 1339 545 1351 ”
571 1352 749 1401 quoero,
774 1337 827 1387 id
852 1343 950 1398 est,
971 1336 1023 1385 id
1041 1335 1151 1399 jam
1176 1349 1293 1398 ago,
1322 1335 1377 1385 in
1411 1348 1474 1384 eo
1513 1349 1624 1383 sum

570 1424 632 1463 ut
669 1412 976 1478 excogitem,
1019 1412 1275 1461 inveniam
1324 1410 1624 1464 remedium.

568 1492 871 1556 Pamphilus
897 1489 1196 1539 dilationem
1229 1486 1469 1550 castigat,
1488 1495 1542 1536 et
1566 1487 1625 1535 il-

568 1567 662 1617 lud
701 1567 840 1631 prius
868 1565 973 1627 jam
1006 1580 1153 1614 suum
1187 1555 1488 1629 pertendit:
1522 1563 1625 1613 hem

567 1644 798 1694 mecine
830 1640 1050 1693 demum?
1083 1641 1249 1691 donee
1283 1641 1417 1691 citra
1449 1641 1625 1690 amba·

568 1734 663 1784 ges
686 1728 741 1770 et
766 1719 1237 1784 tergiversationem
1262 1719 1439 1768 Davus
1462 1735 1477 1769 ι
1508 1719 1526 1747 ⁸
1550 1717 1626 1788 At

560 1796 676 1861 jam
712 1797 811 1847 hoc
852 1796 950 1847 tibi
991 1796 1259 1845 inventum
1303 1793 1473 1845 dabo.'
1539 1795 1627 1844 Ita

566 1872 740 1923 Poeta
760 1872 1106 1925 circumduxit
1126 1870 1367 1922 affectum
1383 1871 1627 1935 Pamphi-

565 1950 607 2000 li
630 1951 912 2001 remedium
931 1950 1205 2013 cupientis,
1225 1950 1308 2000 cui
1339 1950 1464 1999 nihil
1493 1951 1622 2000 satis

564 2025 930 2078 festinabatur.
955 2027 1030 2076 ita
1050 2041 1126 2077 sc.
1148 2040 1258 2091 seq.
1283 2040 1359 2075 vs.
1382 2030 1466 2076 21.
1484 2033 1499 2055 ·
1510 2028 1622 2091 jam

565 2105 665 2155 hoc
707 2120 837 2169 opus
873 2110 971 2155 est.
1007 2106 1077 2153 D.
1110 2104 1233 2170 quin
1267 2104 1377 2168 jam
1405 2099 1624 2155 habeo?

564 2183 823 2234 Boeclerus.

567 2301 572 2306 ,
637 2262 850 2324 crepant
884 2276 917 2309 a
957 2258 1201 2324 Glycerio]
1241 2260 1376 2310 Vide
1400 2260 1623 2324 Adelph.

569 2341 676 2386 act.
702 2349 767 2384 11.
790 2345 861 2384 se.
880 2340 928 2384 8.
978 2335 1262 2385 Fui-nabin.

567 2441 575 2449 ·
632 2416 698 2461 60
737 2412 873 2462 Nihil
908 2414 972 2462 ad
1003 2412 1073 2476 te]
1108 2414 1238 2462 Haec
1276 2413 1411 2462 enim
1446 2412 1510 2462 ad
1536 2428 1623 2463 co·

566 2489 821 2554 gitantem
835 2490 960 2540 nibil
981 2490 1243 2554 pertinere
1259 2491 1509 2554 oportuit.
1521 2491 1621 2539 Do-

566 2572 729 2617 meus.

632 2644 877 2694 Num-cine
895 2642 1099 2707 demum]
1130 2642 1239 2694 Pro
1260 2643 1499 2708 denique.
1526 2645 1602 2696 Id.

630 2720 816 2781 Atiam
835 2721 919 2770 Ιιοσ
938 2721 1028 2771 tibi
1049 2723 1286 2770 inventum
1300 2720 1442 2784 dabo]
1485 2721 1620 2770 Con-

565 2798 735 2848 silium
759 2799 981 2860 scilicet,
1008 2805 1109 2863 quo
1143 2798 1195 2848 in
1233 2799 1506 2862 pristinum
1539 2800 1618 2849 lo-

565 2890 683 2927 cnm
710 2875 1011 2926 restituaris.
1038 2876 1195 2924 ldem.

572 2972 578 2978 ·
629 2953 813 3003 Scmu
834 2967 895 3003 ιι.
944 2952 1160 3002 lambini
1201 2958 1324 3002 suut
1366 2953 1617 3001 octonarii

564 3029 877 3081 catalectici.
910 3044 984 3081 vs.
1004 3035 1049 3079 8.
1085 3044 1115 3078 e
1140 3031 1269 3079 Mss.
1306 3027 1517 3092 Argent-
1537 3045 1618 3092 po·

560 3113 733 3159 tuerat.
756 3123 830 3158 vs.
851 3112 932 3158 18.
955 3122 1131 3157 omnes
1157 3122 1173 3156 ε
1206 3107 1259 3157 in
1278 3107 1620 3171 proclivequod

561 3190 652 3236 est.
685 3199 761 3234 vs.
787 3187 867 3234 19.
891 3183 993 3235 duo
1015 3202 1028 3232 x
1047 3185 1200 3244 fortis
1214 3199 1279 3233 es.
1304 3199 1378 3233 vs.
1399 3187 1479 3233 24.
1514 3197 1620 3233 om·

560 3275 656 3310 nes
677 3276 693 3308 ε
728 3261 839 3309 hinc
871 3276 954 3310 uos
994 3260 1273 3309 amolimini.
1318 3260 1407 3309 ubi
1444 3259 1500 3308 τὸ
1540 3276 1622 3310 vos

558 3335 713 3400 nimis
748 3336 1023 3399 prfa‘fracte
1046 3337 1335 3386 Palmerius
1361 3339 1618 3388 amolitur.

559 3426 638 3463 xrs.
672 3416 756 3461 8⁰.
801 3412 932 3462 duo:
964 3428 1053 3474 age
1087 3429 1172 3475 ego
1204 3413 1403 3463 veniam.
1437 3429 1512 3462 vs.
1539 3419 1621 3465 al.

560 3486 664 3537 duo
695 3486 753 3536 τὸ
790 3503 863 3536 me
902 3487 1115 3548 habent,
1153 3488 1244 3538 sed
1282 3490 1489 3539 diverso
1527 3505 1618 3555 po-

560 3563 684 3613 situ.
718 3563 977 3611 Boeclem.

623 3638 760 3700 Jum‚
780 3637 964 3688 ubiubi
1000 3638 1116 3702 erit]
1148 3641 1209 3690 In
1229 3656 1365 3691 scena
1402 3642 1507 3699 hac,
1543 3643 1618 3692 in-

556 3715 793 3765 stauratio
856 3721 928 3764 est
980 3717 1323 3767 adhortationis
1372 3720 1621 3783 Pamphili

556 3808 643 3857 per
664 3795 917 3860 Mysidem.
988 3797 1117 3858 Opus
1137 3801 1209 3846 est
1228 3798 1352 3847 euim
1372 3800 1620 3859 exhomwi

558 3883 725 3920 rursus
755 3872 1105 3929 adolescentem,
1147 3887 1207 3922 ne
1243 3874 1328 3922 sub
1362 3877 1517 3938 patris
1537 3891 1616 3940 op·

553 3948 793 4011 pressione
800 3947 1083 4010 frangatur.
1119 3951 1376 4000 Donatus.

571 4058 574 4061 -
626 4028 653 4072 1
688 4024 802 4072 Jam
816 4022 898 4072 ubi
918 4023 998 4072 ubi
1020 4024 1136 4087 erit]
1168 4025 1478 4089 Opportune
1503 4043 1614 4077 rur·

558 4114 646 4153 sus
668 4107 927 4151 aestuante
949 4100 1240 4163 Pamphilo,
1263 4102 1443 4152 amicae
1469 4118 1616 4152 men-

556 4177 632 4227 tio
669 4176 913 4241 objicitur
950 4191 1045 4241 per
1082 4177 1361 4242 Mysidem,
1396 4193 1462 4228 ne
1498 4194 1613 4228 suc-

557 4253 768 4304 cumbat
810 4253 873 4302 ad
920 4253 1131 4317 nuptias
1177 4253 1335 4316 patri,
1378 4255 1614 4320 qitamvis

558 4330 854 4396 promiserit
889 4329 1029 4394 patri
1062 4343 1118 4380 se
1136 4329 1411 4381 ducturum
1433 4332 1611 4396 conju-

1268 421 1485 472 NO'I'AE
1533 418 1936 473 VARIORUM
1987 419 2065 469 m
2143 421 2148 426 ’

1699 577 1835 626 gem.
1889 562 2133 613 adversus
2173 577 2325 628 quam
2356 560 2757 625 difficultatem,

1700 640 1819 705 quia
1852 640 2015 705 ipsius
2055 655 2278 705 persona
2317 655 2416 691 non
2457 638 2757 704 sufficit‚.id

1699 719 1829 782 agit3
1851 725 1910 767 ut
1933 718 1998 767 ad
2024 717 2328 781 Glycerium
2350 719 2504 769 modo
2525 708 2756 776 adducat

1699 796 2056 861 Pamphilum:
2097 797 2179 861 cuj
2188 812 2247 846 us
2270 794 2515 846 affectum
2537 795 2755 855 excitat,

1697 890 1800 925 non
1844 890 1909 925 ex
1953 891 2015 925 eo
2055 877 2238 933 solum,
2279 874 2418 940 quod
2440 888 2560 924 eum
2582 872 2758 937 puella

1699 960 1879 1002 vocat:
1908 952 1999 1001 sed
2018 952 2174 1003 etiam
2194 952 2328 1018 quod
2351 951 2616 1002 desiderat
2638 964 2754 1001 eum

1699 1028 1893 1078 videre.
1928 1029 2078 1078 Idem.

1736 1147 1739 1152 ,
1770 1105 1960 1155 Ubiabi
1980 1105 2096 1169 erit]
2127 1105 2223 1155 Ubi
2236 1106 2334 1170 alii,
2352 1106 2402 1155 in
2416 1104 2586 1168 prima
2606 1111 2754 1169 parte

1700 1183 1799 1232 vim
1824 1199 1965 1233 stiam
2007 1190 2175 1246 tenet,
2209 1183 2264 1232 iu
2300 1183 2591 1247 posteriore
2637 1191 2760 1246 pro·

1699 1260 1996 1310 ductionem
2013 1278 2029 1310 z
2064 1267 2118 1309 et
2150 1268 2233 1310 est
2251 1259 2681 1326 quemadmodum
2701 1263 2757 1308 at

1698 1342 1770 1400 ut,
1792 1352 1883 1401 qua
1904 1352 2015 1401 qua,
2047 1338 2170 1386 uude
2209 1337 2362 1385 andes
2410 1350 2507 1399 pro
2540 1334 2755 1385 ubicun-

1699 1428 1827 1478 que,
1843 1419 2123 1479 utcunque,
2141 1426 2464 1478 quacunque,
2495 1410 2757 1524 undecun-

1702 1506 1823 1556 que.
1856 1492 2008 1540 Idem.

1763 1570 1896 1628 Jum,
1918 1566 1997 1616 ubi
2013 1566 2222 1628 abierit,
2240 1565 2488 1615 utentum
2506 1562 2598 1614 tibi
2616 1577 2754 1613 cm-

1698 1645 1778 1709 bo]
1812 1646 1932 1695 Non
1967 1644 2132 1693 solum
2170 1656 2228 1692 se
2268 1642 2605 1692 adducturam
2639 1651 2755 1705 pro·

1697 1723 1856 1782 misit,
1898 1720 1989 1770 sed
2031 1725 2087 1770 et
2125 1724 2329 1782 tempus
2378 1716 2617 1768 addidit..
2685 1717 2755 1765 Et

1700 1802 1835 1853 bene
1855 1801 1964 1862 tibi,
1987 1800 2138 1865 quasi
2162 1798 2376 1848 amanti.
2410 1798 2563 1849 Iden·

1760 1877 1900 1941 Jum]
1935 1876 2100 1940 Mysis
2138 1875 2203 1925 ad
2239 1876 2576 1938 Pamphilum
2595 1874 2754 1924 addu-

1697 1954 1916 2006 cendum
1963 1954 2139 2014 missa,
2183 1966 2427 2001 accensas
2482 1951 2534 2001 in
2586 1953 2755 2001 animo

1698 2030 2044 2081 adolescentis
2068 2027 2295 2077 flammas
2312 2028 2499 2077 amoris
2515 2028 2753 2077 oratione

1695 2123 1789 2157 sna
1812 2106 2046 2156 ventilat.
2102 2106 2279 2155 Davus
2303 2120 2488 2156 novum
2513 2105 2619 2154 init.
2630 2119 2755 2155 con-

1696 2184 1884 2233 silium.
1908 2181 2019 2242 ἦθος
2050 2183 2305 2247 Pamphili
2327 2182 2501 2241 facile,
2523 2196 2759 2231 mansue-

1697 2268 1828 2321 tum,
1873 2260 2126 2325 simplex:
2173 2260 2310 2310 Davi
2354 2257 2756 2323 audacissimum

1696 2347 1751 2389 et
1774 2347 2096 2402 promptumt
2117 2338 2328 2389 Charini
2344 2351 2521 2388 amore
2540 2351 2759 2387 coecum.

1699 2416 1985 2467 Famabius.
2614 2457 2615 2460 ,

1772 2495 1868 2544 Ubi
1887 2496 1968 2545 abi
2000 2496 2115 2560 erit]
2148 2495 2212 2546 In
2249 2509 2457 2558 egressu
2502 2506 2761 2544 conversa

1696 2571 1974 2636 alloquitur
1995 2574 2298 2637 Glycerium
2320 2571 2476 2620 intus.
2508 2570 2660 2620 Idem.

1704 2686 1709 2693 ,
1760 2652 1792 2696 2
1824 2649 1998 2698 Anime
2029 2649 2120 2712 mi]
2158 2648 2332 2698 Mollis
2369 2646 2536 2696 oratio
2577 2651 2631 2695 et
2667 2644 2764 2695 foe-

1693 2723 1882 2786 minea,
1900 2727 2072 2775 multis
2089 2725 2353 2788 implicata
2375 2721 2762 2773 blandimentis.

1692 2797 1788 2851 Ait
1810 2802 1966 2860 enim,
1987 2803 2007 2831 ‘
2026 2802 2111 2850 Tu
2133 2800 2303 2864 modo,
2325 2799 2495 2849 anime
2521 2797 2626 2846 mi!
2644 2799 2767 2863 Mi,

1693 2890 1791 2940 pro
1815 2892 1960 2927 meus.
1994 2878 2248 2927 Donatus.

1761 2957 1792 3002 3
1827 2955 1890 3004 Ρ.
1919 2954 2094 3019 Mysis.
2128 2953 2206 3004 M.
2227 2951 2455 3016 quidest]
2487 2951 2764 3002 Haeever-

1692 3029 1759 3081 ba
1803 3031 1975 3080 omnia
2013 3030 2069 3078 in
2105 3029 2367 3078 Vaticano
2400 3036 2456 3077 et
2501 3026 2762 3093 aliquibus

1692 3107 1805 3155 aliis
1831 3120 2065 3169 personae
2101 3104 2358 3168 Pamphili
2392 3103 2759 3155 ascribuntur.

1693 3182 1829 3247 quod
1856 3198 1979 3232 vero
1998 3182 2250 3247 seqnitur,
2283 3181 2403 3230 milii
2422 3186 2472 3230 te
2491 3179 2658 3244 offers,
2680 3181 2761 3233 ita

1694 3259 2000 3308 collocatum
2025 3258 2237 3321 legitur,
2257 3263 2307 3307 te
2325 3257 2446 3307 milii
2466 3256 2615 3321 offers
2629 3272 2648 3306 .·
2672 3264 2761 3308 eat

1692 3342 1865 3385 antem
1890 3343 2109 3400 utroque
2134 3335 2285 3385 modo
2318 3334 2568 3385 iambicus
2595 3340 2758 3386 tetra·

1693 3420 1860 3462 meter
1884 3413 2235 3473 catalecticus,
2269 3411 2311 3461 si
2344 3413 2458 3476 quid
2475 3426 2568 3476 per
2588 3411 2758 3478 dialy-

1693 3487 1772 3536 sin
1790 3488 2124 3550 dissyllabum
2147 3486 2256 3537 fiat.
2310 3487 2544 3539 Faernus.

1757 3568 1790 3615 4
1830 3566 2004 3625 Orare,
2044 3564 2149 3627 εμπ]
2183 3564 2491 3615 Priscianus
2514 3564 2609 3616 lib.
2648 3578 2756 3617 xn-

1691 3641 1769 3690 ita
1806 3642 1967 3691 citat:
2001 3642 2205 3691 ‘Orare
2238 3641 2401 3706 jussit
2442 3642 2569 3691 hera
2610 3642 2656 3691 si
2697 3657 2756 3697 se

1694 3733 1856 3781 ames,
1878 3725 1938 3768 ut
1958 3717 2024 3767 ad
2048 3733 2104 3767 se
2129 3717 2340 3768 venias?
2359 3718 2625 3772 Baetem.

1756 3802 1786 3845 6
1839 3797 1948 3845 Hoc
1987 3795 2187 3857 malum]
2244 3795 2406 3846 Amor
2449 3806 2617 3857 meus,
2663 3803 2757 3845 aut

1694 3872 1929 3936 Glycerii
1984 3870 2277 3928 solicitudo,
2327 3885 2483 3935 quam
2528 3873 2754 3923 ,nescim

1693 3948 1928 4013 oportuit
1951 3948 2177 4011 nuptias.
2214 3946 2451 3996 Donatus.

1758 4026 1868 4076 Hoc
1888 4026 2062 4074 mulum
2082 4021 2286 4085 iringa]
2340 4022 2650 4075 Sollicitudo
2674 4038 2754 4074 sc.

1691 4103 1758 4153 de
1808 4102 2038 4166 nuptiis.
2075 4100 2345 4150 declarant
2378 4113 2493 4148 νει.
2500 4103 2634 4151 6.1.
2671 4103 2756 4157 10.

1695 4179 1954 4228 Boeclerus.

1757 4250 2069 4315 Integmcit]
2098 4250 2398 4312 latagi-ow,
2414 4247 2554 4314 quod
2578 4250 2645 4300 ad
2674 4251 2751 4303 in·

1693 4336 1896 4394 tegrum
1936 4327 2088 4393 redit,
2115 4325 2254 4391 quod
2299 4326 2578 4396 repetitur,
2611 4328 2752 4393 quod
