<?xml version="1.0" encoding="UTF-8"?>
<!DOCTYPE html PUBLIC "-//W3C//DTD XHTML 1.0 Transitional//EN"
    "http://www.w3.org/TR/xhtml1/DTD/xhtml1-transitional.dtd">
<html xmlns="http://www.w3.org/1999/xhtml" xml:lang="en" lang="en">
 <head>
  <title>
</title>
<meta http-equiv="Content-Type" content="text/html;charset=utf-8" />
  <meta name='ocr-system' content='tesseract 3.04.00' />
  <meta name='ocr-capabilities' content='ocr_page ocr_carea ocr_par ocr_line ocrx_word'/>
</head>
<body>
  <div class='ocr_page' id='page_1' title='image "./comoedisexvolum00westgoog_0164.png"; bbox 0 0 3035 4941; ppageno 0'>
   <div class='ocr_carea' id='block_1_1' title="bbox 553 379 728 445">
    <p class='ocr_par' dir='ltr' id='par_1_1' title="bbox 553 379 728 445">
     <span class='ocr_line' id='line_1_1' title="bbox 553 379 728 445; baseline 0 -2"><span class='ocrx_word' id='word_1_1' title='bbox 553 379 728 445; x_wconf 67' lang='lat'>1174</span> 
     </span>
    </p>
   </div>
   <div class='ocr_carea' id='block_1_2' title="bbox 539 527 1612 2810">
    <p class='ocr_par' dir='ltr' id='par_1_2' title="bbox 554 527 1608 828">
     <span class='ocr_line' id='line_1_2' title="bbox 558 527 1606 594; baseline -0.004 -11"><span class='ocrx_word' id='word_1_2' title='bbox 558 532 760 583; x_wconf 80' lang='lat' dir='ltr'><strong>reddit:</strong></span> <span class='ocrx_word' id='word_1_3' title='bbox 794 537 850 582; x_wconf 93' lang='lat' dir='ltr'><strong>et</strong></span> <span class='ocrx_word' id='word_1_4' title='bbox 871 544 938 580; x_wconf 89' lang='lat' dir='ltr'><strong>ex</strong></span> <span class='ocrx_word' id='word_1_5' title='bbox 968 529 1161 594; x_wconf 80' lang='lat' dir='ltr'>frigore</span> <span class='ocrx_word' id='word_1_6' title='bbox 1196 530 1351 580; x_wconf 87' lang='lat' dir='ltr'><strong>nimio</strong></span> <span class='ocrx_word' id='word_1_7' title='bbox 1388 527 1606 580; x_wconf 78' lang='lat' dir='ltr'><strong>effectus</strong></span> 
     </span>
     <span class='ocr_line' id='line_1_3' title="bbox 554 606 1608 677; baseline -0.005 -15"><span class='ocrx_word' id='word_1_8' title='bbox 554 612 688 677; x_wconf 83' lang='lat' dir='ltr'><strong>ignis</strong></span> <span class='ocrx_word' id='word_1_9' title='bbox 727 611 938 661; x_wconf 85' lang='lat' dir='ltr'><strong>existit:</strong></span> <span class='ocrx_word' id='word_1_10' title='bbox 990 608 1271 660; x_wconf 86' lang='lat' dir='ltr'><strong>secundum</strong></span> <span class='ocrx_word' id='word_1_11' title='bbox 1308 608 1434 659; x_wconf 83' lang='lat' dir='ltr'><strong>illud</strong></span> <span class='ocrx_word' id='word_1_12' title='bbox 1470 606 1608 672; x_wconf 85' lang='lat' dir='ltr'><strong>qnod</strong></span> 
     </span>
     <span class='ocr_line' id='line_1_4' title="bbox 554 683 1607 753; baseline -0.002 -16"><span class='ocrx_word' id='word_1_13' title='bbox 554 689 760 753; x_wconf 78' lang='lat' dir='ltr'><strong>physici</strong></span> <span class='ocrx_word' id='word_1_14' title='bbox 781 690 942 739; x_wconf 84' lang='lat' dir='ltr'><strong>aiunt.</strong></span> <span class='ocrx_word' id='word_1_15' title='bbox 966 687 1083 736; x_wconf 87' lang='lat' dir='ltr'><strong>hinc</strong></span> <span class='ocrx_word' id='word_1_16' title='bbox 1102 694 1157 736; x_wconf 93' lang='lat' dir='ltr'><strong>et</strong></span> <span class='ocrx_word' id='word_1_17' title='bbox 1173 686 1441 750; x_wconf 76' lang='lat' dir='ltr'><strong>Virgilius,</strong></span> <span class='ocrx_word' id='word_1_18' title='bbox 1463 686 1480 714; x_wconf 90' lang='lat'>‘</span> <span class='ocrx_word' id='word_1_19' title='bbox 1495 683 1607 735; x_wconf 83' lang='lat' dir='ltr'><strong>Aut</strong></span> 
     </span>
     <span class='ocr_line' id='line_1_5' title="bbox 556 759 1606 828; baseline -0.002 -15"><span class='ocrx_word' id='word_1_20' title='bbox 556 764 740 813; x_wconf 80' lang='lat' dir='ltr'><strong>Boreae</strong></span> <span class='ocrx_word' id='word_1_21' title='bbox 796 763 1115 828; x_wconf 77' lang='lat' dir='ltr'>penetrabile</span> <span class='ocrx_word' id='word_1_22' title='bbox 1164 760 1322 825; x_wconf 84' lang='lat' dir='ltr'><strong>frigus</strong></span> <span class='ocrx_word' id='word_1_23' title='bbox 1381 759 1606 812; x_wconf 66' lang='lat' dir='ltr'><strong>adurat!</strong></span> 
     </span>
    </p>

    <p class='ocr_par' dir='ltr' id='par_1_3' title="bbox 541 913 1607 1123">
     <span class='ocr_line' id='line_1_6' title="bbox 624 913 1607 977; baseline -0.001 -13"><span class='ocrx_word' id='word_1_24' title='bbox 624 915 789 964; x_wconf 81' lang='lat' dir='ltr'><strong><em>Tremo</em></strong></span> <span class='ocrx_word' id='word_1_25' title='bbox 832 913 1100 975; x_wconf 78' lang='lat' dir='ltr'><strong>horreoque,</strong></span> <span class='ocrx_word' id='word_1_26' title='bbox 1148 916 1395 976; x_wconf 73' lang='lat' dir='ltr'><strong>postquam</strong></span> <span class='ocrx_word' id='word_1_27' title='bbox 1439 914 1607 977; x_wconf 69' lang='lat' dir='ltr'><strong>aspexi</strong></span> 
     </span>
     <span class='ocr_line' id='line_1_7' title="bbox 555 988 1604 1053; baseline 0.001 -14"><span class='ocrx_word' id='word_1_28' title='bbox 555 988 698 1053; x_wconf 60' lang='lat' dir='ltr'><strong>huno]</strong></span> <span class='ocrx_word' id='word_1_29' title='bbox 754 991 955 1040; x_wconf 84' lang='lat' dir='ltr'><strong>Natura</strong></span> <span class='ocrx_word' id='word_1_30' title='bbox 997 989 1169 1053; x_wconf 83' lang='lat' dir='ltr'><strong>magni</strong></span> <span class='ocrx_word' id='word_1_31' title='bbox 1217 990 1407 1040; x_wconf 84' lang='lat' dir='ltr'><strong>caloris</strong></span> <span class='ocrx_word' id='word_1_32' title='bbox 1449 990 1604 1040; x_wconf 82' lang='lat' dir='ltr'><strong>etiarn</strong></span> 
     </span>
     <span class='ocr_line' id='line_1_8' title="bbox 541 1065 1607 1123; baseline 0.002 -8"><span class='ocrx_word' id='word_1_33' title='bbox 541 1067 818 1116; x_wconf 72' lang='lat' dir='ltr'><strong>horrorem</strong></span> <span class='ocrx_word' id='word_1_34' title='bbox 862 1066 1065 1123; x_wconf 84' lang='lat' dir='ltr'><strong>incutit,</strong></span> <span class='ocrx_word' id='word_1_35' title='bbox 1105 1072 1161 1115; x_wconf 91' lang='lat' dir='ltr'><strong>ut</strong></span> <span class='ocrx_word' id='word_1_36' title='bbox 1202 1066 1372 1116; x_wconf 78' lang='lat' dir='ltr'><strong>nimiae</strong></span> <span class='ocrx_word' id='word_1_37' title='bbox 1411 1065 1607 1118; x_wconf 71' lang='lat' dir='ltr'><strong>febres.⁵</strong></span> 
     </span>
    </p>

    <p class='ocr_par' dir='ltr' id='par_1_4' title="bbox 539 1217 1608 1419">
     <span class='ocr_line' id='line_1_9' title="bbox 623 1217 1608 1282; baseline 0.001 -14"><span class='ocrx_word' id='word_1_38' title='bbox 623 1220 788 1268; x_wconf 83' lang='lat' dir='ltr'><strong><em>Tremo</em></strong></span> <span class='ocrx_word' id='word_1_39' title='bbox 823 1217 1094 1281; x_wconf 73' lang='lat' dir='ltr'><strong>horreoque]</strong></span> <span class='ocrx_word' id='word_1_40' title='bbox 1141 1218 1406 1282; x_wconf 79' lang='lat' dir='ltr'><strong>Sanguine</strong></span> <span class='ocrx_word' id='word_1_41' title='bbox 1427 1218 1494 1269; x_wconf 83' lang='lat' dir='ltr'><strong>ad</strong></span> <span class='ocrx_word' id='word_1_42' title='bbox 1515 1233 1608 1269; x_wconf 87' lang='lat' dir='ltr'><strong>cor</strong></span> 
     </span>
     <span class='ocr_line' id='line_1_10' title="bbox 539 1292 1608 1359; baseline 0.001 -15"><span class='ocrx_word' id='word_1_43' title='bbox 539 1292 865 1358; x_wconf 56' lang='lat' dir='ltr'><strong>*refugiente,</strong></span> <span class='ocrx_word' id='word_1_44' title='bbox 904 1297 1139 1343; x_wconf 78' lang='lat' dir='ltr'><strong>extremos</strong></span> <span class='ocrx_word' id='word_1_45' title='bbox 1181 1299 1360 1344; x_wconf 79' lang='lat' dir='ltr'><strong>tremor</strong></span> <span class='ocrx_word' id='word_1_46' title='bbox 1413 1301 1608 1359; x_wconf 75' lang='lat' dir='ltr'><strong>occupat</strong></span> 
     </span>
     <span class='ocr_line' id='line_1_11' title="bbox 556 1370 1040 1419; baseline -0.002 0"><span class='ocrx_word' id='word_1_47' title='bbox 556 1374 706 1419; x_wconf 71' lang='lat' dir='ltr'><strong>ortus.</strong></span> <span class='ocrx_word' id='word_1_48' title='bbox 740 1370 1040 1419; x_wconf 74' lang='lat' dir='ltr'><strong>Farnobius.</strong></span> 
     </span>
    </p>

    <p class='ocr_par' dir='ltr' id='par_1_5' title="bbox 556 1445 1611 1951">
     <span class='ocr_line' id='line_1_12' title="bbox 622 1445 1607 1511; baseline 0.002 -16"><span class='ocrx_word' id='word_1_49' title='bbox 622 1452 652 1495; x_wconf 79' lang='lat'><strong><em>5</em></strong></span> <span class='ocrx_word' id='word_1_50' title='bbox 688 1445 870 1495; x_wconf 79' lang='lat' dir='ltr'><strong><em>Accede</em></strong></span> <span class='ocrx_word' id='word_1_51' title='bbox 890 1448 952 1495; x_wconf 81' lang='lat' dir='ltr'><strong>ad</strong></span> <span class='ocrx_word' id='word_1_52' title='bbox 972 1447 1133 1508; x_wconf 79' lang='lat' dir='ltr'><strong>ignem</strong></span> <span class='ocrx_word' id='word_1_53' title='bbox 1153 1448 1298 1511; x_wconf 75' lang='lat' dir='ltr'><strong>hunc]</strong></span> <span class='ocrx_word' id='word_1_54' title='bbox 1330 1449 1510 1498; x_wconf 87' lang='lat' dir='ltr'><strong>Potius</strong></span> <span class='ocrx_word' id='word_1_55' title='bbox 1531 1449 1607 1511; x_wconf 78' lang='lat' dir='ltr'><strong>ig-</strong></span> 
     </span>
     <span class='ocr_line' id='line_1_13' title="bbox 556 1523 1606 1590; baseline 0.003 -18"><span class='ocrx_word' id='word_1_56' title='bbox 556 1538 664 1572; x_wconf 74' lang='lat' dir='ltr'><strong>nem</strong></span> <span class='ocrx_word' id='word_1_57' title='bbox 684 1523 1009 1574; x_wconf 79' lang='lat' dir='ltr'><strong>meretricem</strong></span> <span class='ocrx_word' id='word_1_58' title='bbox 1044 1525 1347 1587; x_wconf 83' lang='lat' dir='ltr'><strong>accipimus,</strong></span> <span class='ocrx_word' id='word_1_59' title='bbox 1367 1539 1517 1590; x_wconf 81' lang='lat' dir='ltr'><strong>quam</strong></span> <span class='ocrx_word' id='word_1_60' title='bbox 1554 1540 1606 1575; x_wconf 88' lang='lat' dir='ltr'><strong>a·</strong></span> 
     </span>
     <span class='ocr_line' id='line_1_14' title="bbox 558 1598 1609 1663; baseline 0.001 -15"><span class='ocrx_word' id='word_1_61' title='bbox 558 1614 668 1648; x_wconf 81' lang='lat' dir='ltr'><strong>ram</strong></span> <span class='ocrx_word' id='word_1_62' title='bbox 691 1598 975 1661; x_wconf 82' lang='lat' dir='ltr'><strong>Apollinis:</strong></span> <span class='ocrx_word' id='word_1_63' title='bbox 1010 1600 1091 1649; x_wconf 86' lang='lat' dir='ltr'><strong>vel</strong></span> <span class='ocrx_word' id='word_1_64' title='bbox 1115 1602 1235 1663; x_wconf 83' lang='lat' dir='ltr'><strong>quia</strong></span> <span class='ocrx_word' id='word_1_65' title='bbox 1272 1606 1472 1649; x_wconf 85' lang='lat' dir='ltr'><strong>amator</strong></span> <span class='ocrx_word' id='word_1_66' title='bbox 1507 1600 1609 1649; x_wconf 86' lang='lat' dir='ltr'><strong>nri-</strong></span> 
     </span>
     <span class='ocr_line' id='line_1_15' title="bbox 559 1674 1609 1739; baseline -0.001 -14"><span class='ocrx_word' id='word_1_67' title='bbox 559 1682 663 1725; x_wconf 89' lang='lat' dir='ltr'><strong>tur.</strong></span> <span class='ocrx_word' id='word_1_68' title='bbox 728 1677 803 1725; x_wconf 92' lang='lat' dir='ltr'><strong>Ut</strong></span> <span class='ocrx_word' id='word_1_69' title='bbox 827 1675 1089 1739; x_wconf 84' lang='lat' dir='ltr'><strong>Virgilius,</strong></span> <span class='ocrx_word' id='word_1_70' title='bbox 1120 1676 1137 1703; x_wconf 91' lang='lat'>‘</span> <span class='ocrx_word' id='word_1_71' title='bbox 1160 1675 1233 1725; x_wconf 86' lang='lat' dir='ltr'><strong>At</strong></span> <span class='ocrx_word' id='word_1_72' title='bbox 1252 1676 1374 1726; x_wconf 81' lang='lat' dir='ltr'><strong>mihi</strong></span> <span class='ocrx_word' id='word_1_73' title='bbox 1394 1690 1506 1726; x_wconf 87' lang='lat' dir='ltr'><strong>sese</strong></span> <span class='ocrx_word' id='word_1_74' title='bbox 1530 1674 1609 1726; x_wconf 87' lang='lat' dir='ltr'><strong>of·</strong></span> 
     </span>
     <span class='ocr_line' id='line_1_16' title="bbox 557 1749 1609 1816; baseline 0.002 -16"><span class='ocrx_word' id='word_1_75' title='bbox 557 1749 665 1800; x_wconf 79' lang='lat' dir='ltr'><strong>fert</strong></span> <span class='ocrx_word' id='word_1_76' title='bbox 687 1752 820 1800; x_wconf 87' lang='lat' dir='ltr'><strong>ultro</strong></span> <span class='ocrx_word' id='word_1_77' title='bbox 841 1766 985 1802; x_wconf 82' lang='lat' dir='ltr'><strong>meus</strong></span> <span class='ocrx_word' id='word_1_78' title='bbox 1007 1752 1138 1816; x_wconf 79' lang='lat' dir='ltr'><strong>ignis</strong></span> <span class='ocrx_word' id='word_1_79' title='bbox 1162 1752 1445 1816; x_wconf 62' lang='lat' dir='ltr'><strong>Amyntas?</strong></span> <span class='ocrx_word' id='word_1_80' title='bbox 1506 1753 1609 1803; x_wconf 84' lang='lat' dir='ltr'><strong>Vel</strong></span> 
     </span>
     <span class='ocr_line' id='line_1_17' title="bbox 560 1825 1611 1892; baseline 0.007 -19"><span class='ocrx_word' id='word_1_81' title='bbox 560 1825 682 1890; x_wconf 83' lang='lat' dir='ltr'><strong>qnia</strong></span> <span class='ocrx_word' id='word_1_82' title='bbox 715 1826 866 1876; x_wconf 82' lang='lat' dir='ltr'><strong>avida</strong></span> <span class='ocrx_word' id='word_1_83' title='bbox 900 1834 958 1877; x_wconf 91' lang='lat' dir='ltr'><strong>et</strong></span> <span class='ocrx_word' id='word_1_84' title='bbox 993 1841 1150 1876; x_wconf 72' lang='lat' dir='ltr'><strong>avara</strong></span> <span class='ocrx_word' id='word_1_85' title='bbox 1170 1836 1269 1892; x_wconf 87' lang='lat' dir='ltr'><strong>est,</strong></span> <span class='ocrx_word' id='word_1_86' title='bbox 1291 1835 1349 1878; x_wconf 87' lang='lat' dir='ltr'><strong>ut</strong></span> <span class='ocrx_word' id='word_1_87' title='bbox 1369 1828 1499 1892; x_wconf 77' lang='lat' dir='ltr'><strong>ignis</strong></span> <span class='ocrx_word' id='word_1_88' title='bbox 1521 1829 1611 1881; x_wconf 83' lang='lat' dir='ltr'><strong>ali-</strong></span> 
     </span>
     <span class='ocr_line' id='line_1_18' title="bbox 558 1902 1135 1951; baseline 0.003 -2"><span class='ocrx_word' id='word_1_89' title='bbox 558 1907 863 1951; x_wconf 85' lang='lat' dir='ltr'><strong>mentorum.</strong></span> <span class='ocrx_word' id='word_1_90' title='bbox 896 1902 1135 1951; x_wconf 76' lang='lat' dir='ltr'><strong>Donatus.</strong></span> 
     </span>
    </p>

    <p class='ocr_par' dir='ltr' id='par_1_6' title="bbox 543 1978 1612 2656">
     <span class='ocr_line' id='line_1_19' title="bbox 619 1978 1609 2041; baseline 0.004 -16"><span class='ocrx_word' id='word_1_91' title='bbox 619 1978 736 2026; x_wconf 79' lang='lat' dir='ltr'><strong>Jam</strong></span> <span class='ocrx_word' id='word_1_92' title='bbox 763 1978 959 2027; x_wconf 80' lang='lat' dir='ltr'><strong>calesces</strong></span> <span class='ocrx_word' id='word_1_93' title='bbox 987 1980 1097 2041; x_wconf 78' lang='lat' dir='ltr'><strong>plus</strong></span> <span class='ocrx_word' id='word_1_94' title='bbox 1126 1978 1273 2041; x_wconf 71' lang='lat' dir='ltr'><strong>satis]</strong></span> <span class='ocrx_word' id='word_1_95' title='bbox 1324 1979 1491 2040; x_wconf 84' lang='lat' dir='ltr'><strong>Nove,</strong></span> <span class='ocrx_word' id='word_1_96' title='bbox 1513 1980 1609 2030; x_wconf 81' lang='lat' dir='ltr'><strong>sed</strong></span> 
     </span>
     <span class='ocr_line' id='line_1_20' title="bbox 543 2053 1609 2117; baseline 0.003 -14"><span class='ocrx_word' id='word_1_97' title='bbox 543 2053 871 2117; x_wconf 74' lang='lat' dir='ltr'><strong>:intelligitur</strong></span> <span class='ocrx_word' id='word_1_98' title='bbox 924 2070 1080 2117; x_wconf 79' lang='lat' dir='ltr'><strong>quam,</strong></span> <span class='ocrx_word' id='word_1_99' title='bbox 1132 2054 1182 2103; x_wconf 91' lang='lat' dir='ltr'><strong>id</strong></span> <span class='ocrx_word' id='word_1_100' title='bbox 1222 2063 1324 2114; x_wconf 84' lang='lat' dir='ltr'><strong>est,</strong></span> <span class='ocrx_word' id='word_1_101' title='bbox 1373 2056 1490 2117; x_wconf 81' lang='lat' dir='ltr'><strong>plus</strong></span> <span class='ocrx_word' id='word_1_102' title='bbox 1539 2072 1609 2106; x_wconf 65' lang='grc' dir='ltr'><strong>ε-</strong></span> 
     </span>
     <span class='ocr_line' id='line_1_21' title="bbox 559 2130 1607 2194; baseline 0.002 -15"><span class='ocrx_word' id='word_1_103' title='bbox 559 2141 679 2194; x_wconf 74' lang='lat' dir='ltr'><strong>quo.</strong></span> <span class='ocrx_word' id='word_1_104' title='bbox 717 2130 935 2192; x_wconf 72' lang='lat' dir='ltr'><strong>malini,</strong></span> <span class='ocrx_word' id='word_1_105' title='bbox 967 2131 984 2158; x_wconf 90' lang='lat'>‘</span> <span class='ocrx_word' id='word_1_106' title='bbox 1007 2132 1174 2181; x_wconf 81' lang='lat' dir='ltr'><strong>Quam</strong></span> <span class='ocrx_word' id='word_1_107' title='bbox 1196 2144 1261 2178; x_wconf 92' lang='lat' dir='ltr'><strong>ne</strong></span> <span class='ocrx_word' id='word_1_108' title='bbox 1301 2131 1423 2193; x_wconf 84' lang='lat' dir='ltr'><strong>quid</strong></span> <span class='ocrx_word' id='word_1_109' title='bbox 1457 2132 1509 2180; x_wconf 90' lang='lat' dir='ltr'><strong>in</strong></span> <span class='ocrx_word' id='word_1_110' title='bbox 1548 2131 1607 2181; x_wconf 91' lang='lat' dir='ltr'><strong>il-</strong></span> 
     </span>
     <span class='ocr_line' id='line_1_22' title="bbox 557 2204 1608 2270; baseline 0.003 -16"><span class='ocrx_word' id='word_1_111' title='bbox 557 2206 662 2254; x_wconf 87' lang='lat' dir='ltr'><strong>lum</strong></span> <span class='ocrx_word' id='word_1_112' title='bbox 706 2206 869 2255; x_wconf 86' lang='lat' dir='ltr'><strong>iratus</strong></span> <span class='ocrx_word' id='word_1_113' title='bbox 912 2206 1027 2269; x_wconf 86' lang='lat' dir='ltr'><strong>plns</strong></span> <span class='ocrx_word' id='word_1_114' title='bbox 1073 2206 1200 2255; x_wconf 84' lang='lat' dir='ltr'><strong>satis</strong></span> <span class='ocrx_word' id='word_1_115' title='bbox 1244 2204 1381 2256; x_wconf 81' lang='lat' dir='ltr'><strong>faxit</strong></span> <span class='ocrx_word' id='word_1_116' title='bbox 1420 2206 1608 2270; x_wconf 75' lang='lat' dir='ltr'><strong>pater-⁹</strong></span> 
     </span>
     <span class='ocr_line' id='line_1_23' title="bbox 558 2284 1611 2350; baseline 0.006 -17"><span class='ocrx_word' id='word_1_117' title='bbox 558 2284 678 2334; x_wconf 88' lang='lat' dir='ltr'><strong>Hoc</strong></span> <span class='ocrx_word' id='word_1_118' title='bbox 700 2286 909 2350; x_wconf 86' lang='lat' dir='ltr'><strong>qnidam</strong></span> <span class='ocrx_word' id='word_1_119' title='bbox 932 2291 1135 2348; x_wconf 81' lang='lat' dir='ltr'><strong>putant.</strong></span> <span class='ocrx_word' id='word_1_120' title='bbox 1170 2292 1228 2335; x_wconf 94' lang='lat' dir='ltr'><strong>at</strong></span> <span class='ocrx_word' id='word_1_121' title='bbox 1264 2286 1387 2335; x_wconf 85' lang='lat' dir='ltr'><strong>mihi</strong></span> <span class='ocrx_word' id='word_1_122' title='bbox 1424 2287 1506 2336; x_wconf 36' lang='lat' dir='ltr'><strong>de*</strong></span> <span class='ocrx_word' id='word_1_123' title='bbox 1531 2289 1611 2339; x_wconf 82' lang='lat' dir='ltr'><strong>his</strong></span> 
     </span>
     <span class='ocr_line' id='line_1_24' title="bbox 557 2358 1610 2426; baseline 0.007 -20"><span class='ocrx_word' id='word_1_124' title='bbox 557 2358 768 2408; x_wconf 82' lang='lat' dir='ltr'><strong>videtur</strong></span> <span class='ocrx_word' id='word_1_125' title='bbox 789 2374 924 2423; x_wconf 80' lang='lat' dir='ltr'><strong>esse,</strong></span> <span class='ocrx_word' id='word_1_126' title='bbox 955 2376 1069 2426; x_wconf 80' lang='lat' dir='ltr'><strong>quae</strong></span> <span class='ocrx_word' id='word_1_127' title='bbox 1105 2375 1137 2409; x_wconf 82' lang='lat' dir='ltr'><strong>a</strong></span> <span class='ocrx_word' id='word_1_128' title='bbox 1171 2361 1430 2412; x_wconf 80' lang='lat' dir='ltr'><strong>veteribus</strong></span> <span class='ocrx_word' id='word_1_129' title='bbox 1453 2365 1610 2425; x_wconf 80' lang='lat' dir='ltr'><strong>gemi-</strong></span> 
     </span>
     <span class='ocr_line' id='line_1_25' title="bbox 557 2434 1612 2503; baseline 0.008 -19"><span class='ocrx_word' id='word_1_130' title='bbox 557 2434 853 2486; x_wconf 84' lang='lat' dir='ltr'><strong>nabantur:</strong></span> <span class='ocrx_word' id='word_1_131' title='bbox 926 2443 1001 2499; x_wconf 89' lang='lat' dir='ltr'><strong>ut,</strong></span> <span class='ocrx_word' id='word_1_132' title='bbox 1043 2438 1256 2501; x_wconf 72' lang='lat' dir='ltr'><strong>plerique</strong></span> <span class='ocrx_word' id='word_1_133' title='bbox 1297 2453 1472 2503; x_wconf 76' lang='lat' dir='ltr'><strong>omnes,</strong></span> <span class='ocrx_word' id='word_1_134' title='bbox 1511 2441 1612 2492; x_wconf 82' lang='lat' dir='ltr'><strong>hoc</strong></span> 
     </span>
     <span class='ocr_line' id='line_1_26' title="bbox 556 2515 1608 2578; baseline 0.009 -19"><span class='ocrx_word' id='word_1_135' title='bbox 556 2518 660 2575; x_wconf 83' lang='lat' dir='ltr'><strong>est,</strong></span> <span class='ocrx_word' id='word_1_136' title='bbox 701 2526 911 2561; x_wconf 80' lang='lat' dir='ltr'><strong>omnes:</strong></span> <span class='ocrx_word' id='word_1_137' title='bbox 962 2520 1036 2574; x_wconf 91' lang='lat' dir='ltr'><strong>et,</strong></span> <span class='ocrx_word' id='word_1_138' title='bbox 1067 2515 1289 2578; x_wconf 78' lang='lat' dir='ltr'><strong>pleraque</strong></span> <span class='ocrx_word' id='word_1_139' title='bbox 1332 2517 1506 2576; x_wconf 70' lang='lat' dir='ltr'><strong>omniu,</strong></span> <span class='ocrx_word' id='word_1_140' title='bbox 1555 2518 1608 2569; x_wconf 86' lang='lat' dir='ltr'><strong>id</strong></span> 
     </span>
     <span class='ocr_line' id='line_1_27' title="bbox 558 2590 1609 2656; baseline 0.009 -19"><span class='ocrx_word' id='word_1_141' title='bbox 558 2590 851 2652; x_wconf 80' lang='lat' dir='ltr'><strong>est,omnia.</strong></span> <span class='ocrx_word' id='word_1_142' title='bbox 883 2590 958 2641; x_wconf 88' lang='lat' dir='ltr'><strong>sic</strong></span> <span class='ocrx_word' id='word_1_143' title='bbox 981 2598 1055 2653; x_wconf 94' lang='lat' dir='ltr'><strong>et,</strong></span> <span class='ocrx_word' id='word_1_144' title='bbox 1070 2592 1174 2654; x_wconf 80' lang='lat' dir='ltr'><strong>plus</strong></span> <span class='ocrx_word' id='word_1_145' title='bbox 1194 2592 1331 2656; x_wconf 78' lang='lat' dir='ltr'><strong>sotis,</strong></span> <span class='ocrx_word' id='word_1_146' title='bbox 1351 2607 1447 2656; x_wconf 83' lang='lat' dir='ltr'><strong>pro</strong></span> <span class='ocrx_word' id='word_1_147' title='bbox 1464 2595 1609 2648; x_wconf 83' lang='lat' dir='ltr'><strong>satis.</strong></span> 
     </span>
    </p>

    <p class='ocr_par' dir='ltr' id='par_1_7' title="bbox 623 2740 1610 2810">
     <span class='ocr_line' id='line_1_28' title="bbox 623 2740 1610 2810; baseline 0.006 -20"><span class='ocrx_word' id='word_1_148' title='bbox 623 2742 791 2802; x_wconf 78' lang='lat' dir='ltr'><strong>Ignem</strong></span> <span class='ocrx_word' id='word_1_149' title='bbox 814 2740 958 2804; x_wconf 71' lang='lat' dir='ltr'><strong>hunc]</strong></span> <span class='ocrx_word' id='word_1_150' title='bbox 990 2741 1168 2804; x_wconf 83' lang='lat' dir='ltr'><strong>Aram,</strong></span> <span class='ocrx_word' id='word_1_151' title='bbox 1181 2743 1435 2808; x_wconf 81' lang='lat' dir='ltr'><strong>inquiunt,</strong></span> <span class='ocrx_word' id='word_1_152' title='bbox 1453 2744 1610 2810; x_wconf 78' lang='lat' dir='ltr'><strong>Apol·</strong></span> 
     </span>
    </p>
   </div>
   <div class='ocr_carea' id='block_1_3' title="bbox 481 2815 1609 2883">
    <p class='ocr_par' dir='ltr' id='par_1_8' title="bbox 481 2815 1609 2883">
     <span class='ocr_line' id='line_1_29' title="bbox 481 2815 1609 2883; baseline 0.009 -20"><span class='ocrx_word' id='word_1_153' title='bbox 481 2842 498 2847; x_wconf 88' lang='lat'><em>-</em></span> <span class='ocrx_word' id='word_1_154' title='bbox 556 2815 678 2865; x_wconf 88' lang='lat' dir='ltr'><strong>linis</strong></span> <span class='ocrx_word' id='word_1_155' title='bbox 710 2818 763 2865; x_wconf 88' lang='lat' dir='ltr'><strong>in</strong></span> <span class='ocrx_word' id='word_1_156' title='bbox 801 2831 976 2879; x_wconf 83' lang='lat' dir='ltr'><strong>scena,</strong></span> <span class='ocrx_word' id='word_1_157' title='bbox 994 2818 1142 2883; x_wconf 84' lang='lat' dir='ltr'><strong>(vide</strong></span> <span class='ocrx_word' id='word_1_158' title='bbox 1166 2820 1374 2870; x_wconf 65' lang='lat' dir='ltr'><strong>Andriae</strong></span> <span class='ocrx_word' id='word_1_159' title='bbox 1396 2829 1501 2872; x_wconf 85' lang='lat' dir='ltr'><strong>act.</strong></span> <span class='ocrx_word' id='word_1_160' title='bbox 1527 2836 1609 2873; x_wconf 80' lang='lat' dir='ltr'><strong>tv.</strong></span> 
     </span>
    </p>
   </div>
   <div class='ocr_carea' id='block_1_4' title="bbox 555 2891 1613 4323">
    <p class='ocr_par' dir='ltr' id='par_1_9' title="bbox 556 2891 1613 3266">
     <span class='ocr_line' id='line_1_30' title="bbox 559 2891 1612 2958; baseline 0.008 -16"><span class='ocrx_word' id='word_1_161' title='bbox 559 2907 632 2947; x_wconf 75' lang='lat' dir='ltr'><strong>sc.</strong></span> <span class='ocrx_word' id='word_1_162' title='bbox 650 2891 723 2958; x_wconf 71' lang='grc' dir='ltr'><strong>Δ.)</strong></span> <span class='ocrx_word' id='word_1_163' title='bbox 740 2894 822 2943; x_wconf 85' lang='lat' dir='ltr'><strong>vel</strong></span> <span class='ocrx_word' id='word_1_164' title='bbox 842 2909 981 2945; x_wconf 81' lang='lat' dir='ltr'><strong>aram</strong></span> <span class='ocrx_word' id='word_1_165' title='bbox 997 2895 1214 2945; x_wconf 88' lang='lat' dir='ltr'><strong>Veneris</strong></span> <span class='ocrx_word' id='word_1_166' title='bbox 1234 2897 1284 2945; x_wconf 89' lang='lat' dir='ltr'><strong>in</strong></span> <span class='ocrx_word' id='word_1_167' title='bbox 1302 2899 1432 2947; x_wconf 87' lang='lat' dir='ltr'><strong>atrio</strong></span> <span class='ocrx_word' id='word_1_168' title='bbox 1447 2914 1612 2950; x_wconf 88' lang='lat' dir='ltr'><strong>mere-</strong></span> 
     </span>
     <span class='ocr_line' id='line_1_31' title="bbox 559 2958 1611 3035; baseline 0.006 -15"><span class='ocrx_word' id='word_1_169' title='bbox 559 2969 720 3020; x_wconf 81' lang='lat' dir='ltr'><strong>tricis.</strong></span> <span class='ocrx_word' id='word_1_170' title='bbox 752 2958 853 3020; x_wconf 72' lang='lat' dir='ltr'><strong>i&#39;mo</strong></span> <span class='ocrx_word' id='word_1_171' title='bbox 886 2972 1068 3035; x_wconf 63' lang='lat' dir='ltr'><strong>ipsum,</strong></span> <span class='ocrx_word' id='word_1_172' title='bbox 1089 2972 1364 3025; x_wconf 72' lang='lat' dir='ltr'><strong>Thaidem.</strong></span> <span class='ocrx_word' id='word_1_173' title='bbox 1429 2981 1446 3004; x_wconf 86' lang='lat'>‘</span> <span class='ocrx_word' id='word_1_174' title='bbox 1473 2978 1611 3026; x_wconf 88' lang='lat' dir='ltr'><strong>Nam</strong></span> 
     </span>
     <span class='ocr_line' id='line_1_32' title="bbox 561 3047 1613 3117; baseline 0.005 -16"><span class='ocrx_word' id='word_1_175' title='bbox 561 3047 606 3101; x_wconf 76' lang='lat' dir='ltr'><strong>si</strong></span> <span class='ocrx_word' id='word_1_176' title='bbox 632 3056 685 3098; x_wconf 87' lang='lat' dir='ltr'><strong>te</strong></span> <span class='ocrx_word' id='word_1_177' title='bbox 709 3052 792 3100; x_wconf 88' lang='lat' dir='ltr'><strong>vel</strong></span> <span class='ocrx_word' id='word_1_178' title='bbox 812 3051 1011 3102; x_wconf 89' lang='lat' dir='ltr'><strong>modice</strong></span> <span class='ocrx_word' id='word_1_179' title='bbox 1033 3066 1174 3103; x_wconf 90' lang='lat' dir='ltr'><strong>meus</strong></span> <span class='ocrx_word' id='word_1_180' title='bbox 1197 3054 1448 3117; x_wconf 74' lang='lat' dir='ltr'><strong>igniculus</strong></span> <span class='ocrx_word' id='word_1_181' title='bbox 1468 3054 1613 3106; x_wconf 84' lang='lat' dir='ltr'><strong>affla-</strong></span> 
     </span>
     <span class='ocr_line' id='line_1_33' title="bbox 557 3127 1173 3189; baseline 0.013 -17"><span class='ocrx_word' id='word_1_182' title='bbox 557 3127 715 3189; x_wconf 79' lang='lat' dir='ltr'><strong>verit,</strong></span> <span class='ocrx_word' id='word_1_183' title='bbox 751 3130 914 3178; x_wconf 89' lang='lat' dir='ltr'><strong>ureris</strong></span> <span class='ocrx_word' id='word_1_184' title='bbox 960 3129 1152 3180; x_wconf 87' lang='lat' dir='ltr'><strong>intime.</strong></span> <span class='ocrx_word' id='word_1_185' title='bbox 1156 3131 1173 3155; x_wconf 90' lang='lat'>&#39;</span> 
     </span>
     <span class='ocr_line' id='line_1_34' title="bbox 556 3200 1203 3266; baseline 0.011 -16"><span class='ocrx_word' id='word_1_186' title='bbox 556 3200 716 3266; x_wconf 85' lang='lat' dir='ltr'><strong>Apul.</strong></span> <span class='ocrx_word' id='word_1_187' title='bbox 739 3202 884 3254; x_wconf 85' lang='lat' dir='ltr'><strong>Asin.</strong></span> <span class='ocrx_word' id='word_1_188' title='bbox 919 3206 1203 3257; x_wconf 68' lang='lat' dir='ltr'><strong>Farnobiu-</strong></span> 
     </span>
    </p>

    <p class='ocr_par' dir='ltr' id='par_1_10' title="bbox 555 3280 1611 3796">
     <span class='ocr_line' id='line_1_35' title="bbox 622 3280 1611 3350; baseline 0.011 -23"><span class='ocrx_word' id='word_1_189' title='bbox 622 3282 655 3327; x_wconf 86' lang='grc'>6</span> <span class='ocrx_word' id='word_1_190' title='bbox 691 3280 814 3335; x_wconf 80' lang='lat' dir='ltr'><strong>Quis</strong></span> <span class='ocrx_word' id='word_1_191' title='bbox 834 3281 911 3330; x_wconf 77' lang='lat' dir='ltr'><strong>hio</strong></span> <span class='ocrx_word' id='word_1_192' title='bbox 929 3282 1158 3346; x_wconf 75' lang='lat' dir='ltr'><strong>loquitur]</strong></span> <span class='ocrx_word' id='word_1_193' title='bbox 1215 3285 1263 3334; x_wconf 88' lang='lat' dir='ltr'>N</span> <span class='ocrx_word' id='word_1_194' title='bbox 1270 3298 1334 3333; x_wconf 92' lang='lat' dir='ltr'><strong>on</strong></span> <span class='ocrx_word' id='word_1_195' title='bbox 1366 3285 1611 3350; x_wconf 85' lang='lat' dir='ltr'><strong>imperite</strong></span> 
     </span>
     <span class='ocr_line' id='line_1_36' title="bbox 559 3354 1610 3420; baseline 0.014 -19"><span class='ocrx_word' id='word_1_196' title='bbox 559 3354 878 3418; x_wconf 84' lang='lat' dir='ltr'><strong>intelligunt,</strong></span> <span class='ocrx_word' id='word_1_197' title='bbox 914 3357 1001 3420; x_wconf 85' lang='lat' dir='ltr'><strong>qui</strong></span> <span class='ocrx_word' id='word_1_198' title='bbox 1040 3359 1340 3410; x_wconf 82' lang='lat' dir='ltr'><strong>existimant</strong></span> <span class='ocrx_word' id='word_1_199' title='bbox 1374 3366 1610 3414; x_wconf 81' lang='lat' dir='ltr'><strong>meretri-</strong></span> 
     </span>
     <span class='ocr_line' id='line_1_37' title="bbox 558 3431 1609 3502; baseline 0.011 -22"><span class='ocrx_word' id='word_1_200' title='bbox 558 3441 672 3480; x_wconf 78' lang='lat' dir='ltr'><strong>cem</strong></span> <span class='ocrx_word' id='word_1_201' title='bbox 710 3431 867 3479; x_wconf 82' lang='lat' dir='ltr'><strong>etiam</strong></span> <span class='ocrx_word' id='word_1_202' title='bbox 905 3433 1003 3481; x_wconf 84' lang='lat' dir='ltr'><strong>hoc</strong></span> <span class='ocrx_word' id='word_1_203' title='bbox 1033 3435 1294 3499; x_wconf 81' lang='lat' dir='ltr'><strong>simulare,</strong></span> <span class='ocrx_word' id='word_1_204' title='bbox 1332 3443 1466 3502; x_wconf 88' lang='lat' dir='ltr'><strong>quod</strong></span> <span class='ocrx_word' id='word_1_205' title='bbox 1506 3455 1609 3491; x_wconf 91' lang='lat' dir='ltr'><strong>non</strong></span> 
     </span>
     <span class='ocr_line' id='line_1_38' title="bbox 557 3506 1609 3582; baseline 0.017 -31"><span class='ocrx_word' id='word_1_206' title='bbox 557 3506 844 3567; x_wconf 84' lang='lat' dir='ltr'><strong>providerit</strong></span> <span class='ocrx_word' id='word_1_207' title='bbox 878 3508 1187 3560; x_wconf 61' lang='lat' dir='ltr'><strong>Phaedriam.</strong></span> <span class='ocrx_word' id='word_1_208' title='bbox 1256 3515 1304 3563; x_wconf 91' lang='lat' dir='ltr'>N</span> <span class='ocrx_word' id='word_1_209' title='bbox 1311 3530 1390 3564; x_wconf 86' lang='lat' dir='ltr'><strong>am</strong></span> <span class='ocrx_word' id='word_1_210' title='bbox 1414 3523 1469 3566; x_wconf 88' lang='lat' dir='ltr'><strong>et</strong></span> <span class='ocrx_word' id='word_1_211' title='bbox 1493 3534 1609 3582; x_wconf 84' lang='lat' dir='ltr'><strong>per-</strong></span> 
     </span>
     <span class='ocr_line' id='line_1_39' title="bbox 555 3583 1608 3649; baseline 0.017 -20"><span class='ocrx_word' id='word_1_212' title='bbox 555 3595 715 3643; x_wconf 79' lang='lat' dir='ltr'><strong>sonae,</strong></span> <span class='ocrx_word' id='word_1_213' title='bbox 735 3590 791 3632; x_wconf 91' lang='lat' dir='ltr'><strong>et</strong></span> <span class='ocrx_word' id='word_1_214' title='bbox 813 3583 964 3633; x_wconf 85' lang='lat' dir='ltr'><strong>dictis</strong></span> <span class='ocrx_word' id='word_1_215' title='bbox 998 3587 1108 3649; x_wconf 87' lang='lat' dir='ltr'><strong>ejus</strong></span> <span class='ocrx_word' id='word_1_216' title='bbox 1142 3591 1331 3639; x_wconf 88' lang='lat' dir='ltr'><strong>ceteris</strong></span> <span class='ocrx_word' id='word_1_217' title='bbox 1364 3593 1460 3643; x_wconf 87' lang='lat' dir='ltr'><strong>hoc</strong></span> <span class='ocrx_word' id='word_1_218' title='bbox 1486 3610 1608 3645; x_wconf 89' lang='lat' dir='ltr'><strong>con-</strong></span> 
     </span>
     <span class='ocr_line' id='line_1_40' title="bbox 559 3658 1610 3738; baseline 0.018 -33"><span class='ocrx_word' id='word_1_219' title='bbox 559 3658 737 3708; x_wconf 75' lang='lat' dir='ltr'><strong>venit:</strong></span> <span class='ocrx_word' id='word_1_220' title='bbox 773 3668 827 3709; x_wconf 88' lang='lat' dir='ltr'><strong>et</strong></span> <span class='ocrx_word' id='word_1_221' title='bbox 847 3667 970 3711; x_wconf 89' lang='lat' dir='ltr'><strong>tunc</strong></span> <span class='ocrx_word' id='word_1_222' title='bbox 993 3673 1146 3714; x_wconf 89' lang='lat' dir='ltr'><strong>erunt</strong></span> <span class='ocrx_word' id='word_1_223' title='bbox 1170 3667 1398 3729; x_wconf 81' lang='lat' dir='ltr'><strong>gratiora</strong></span> <span class='ocrx_word' id='word_1_224' title='bbox 1419 3675 1610 3738; x_wconf 83' lang='lat' dir='ltr'><strong>omnia,</strong></span> 
     </span>
     <span class='ocr_line' id='line_1_41' title="bbox 558 3735 1289 3796; baseline 0.015 -16"><span class='ocrx_word' id='word_1_225' title='bbox 558 3746 675 3796; x_wconf 79' lang='lat' dir='ltr'><strong>quae</strong></span> <span class='ocrx_word' id='word_1_226' title='bbox 699 3748 853 3796; x_wconf 79' lang='lat' dir='ltr'><strong>snpra</strong></span> <span class='ocrx_word' id='word_1_227' title='bbox 874 3735 1023 3787; x_wconf 85' lang='lat' dir='ltr'><strong>dixit.</strong></span> <span class='ocrx_word' id='word_1_228' title='bbox 1056 3739 1289 3790; x_wconf 74' lang='lat' dir='ltr'><strong>Donatus.</strong></span> 
     </span>
    </p>

    <p class='ocr_par' dir='ltr' id='par_1_11' title="bbox 555 3809 1612 4106">
     <span class='ocr_line' id='line_1_42' title="bbox 628 3809 1611 3882; baseline 0.016 -25"><span class='ocrx_word' id='word_1_229' title='bbox 628 3809 747 3858; x_wconf 76' lang='lat' dir='ltr'><strong>Tua&#39;</strong></span> <span class='ocrx_word' id='word_1_230' title='bbox 768 3824 876 3859; x_wconf 72' lang='lat' dir='ltr'><strong>evas</strong></span> <span class='ocrx_word' id='word_1_231' title='bbox 913 3812 989 3861; x_wconf 76' lang='lat' dir='ltr'><strong>hic</strong></span> <span class='ocrx_word' id='word_1_232' title='bbox 1024 3814 1091 3863; x_wconf 78' lang='lat' dir='ltr'><strong>mi</strong></span> <span class='ocrx_word' id='word_1_233' title='bbox 1122 3817 1371 3882; x_wconf 74' lang='lat' dir='ltr'><strong>Plioedria]</strong></span> <span class='ocrx_word' id='word_1_234' title='bbox 1423 3821 1549 3871; x_wconf 89' lang='lat' dir='ltr'><strong>o.1.</strong></span> <span class='ocrx_word' id='word_1_235' title='bbox 1571 3839 1611 3872; x_wconf 86' lang='lat' dir='ltr'><strong>s.</strong></span> 
     </span>
     <span class='ocr_line' id='line_1_43' title="bbox 556 3885 1612 3957; baseline 0.011 -20"><span class='ocrx_word' id='word_1_236' title='bbox 556 3885 691 3938; x_wconf 83' lang='lat' dir='ltr'><strong>banc</strong></span> <span class='ocrx_word' id='word_1_237' title='bbox 727 3888 1114 3938; x_wconf 84' lang='lat' dir='ltr'><strong>collocationem</strong></span> <span class='ocrx_word' id='word_1_238' title='bbox 1150 3891 1361 3957; x_wconf 83' lang='lat' dir='ltr'><strong>habent,</strong></span> <span class='ocrx_word' id='word_1_239' title='bbox 1396 3899 1497 3946; x_wconf 79' lang='lat' dir='ltr'><strong>tun’</strong></span> <span class='ocrx_word' id='word_1_240' title='bbox 1533 3900 1612 3949; x_wconf 78' lang='grc' dir='ltr'><strong>Ιιίο</strong></span> 
     </span>
     <span class='ocr_line' id='line_1_44' title="bbox 555 3963 1611 4032; baseline 0.013 -22"><span class='ocrx_word' id='word_1_241' title='bbox 555 3976 663 4011; x_wconf 77' lang='lat' dir='ltr'><strong>eras</strong></span> <span class='ocrx_word' id='word_1_242' title='bbox 680 3963 748 4011; x_wconf 81' lang='lat' dir='ltr'><strong>mi</strong></span> <span class='ocrx_word' id='word_1_243' title='bbox 777 3965 1044 4017; x_wconf 73' lang='lat' dir='ltr'><strong>Phoedria?</strong></span> <span class='ocrx_word' id='word_1_244' title='bbox 1078 3969 1162 4032; x_wconf 88' lang='lat' dir='ltr'><strong>qui</strong></span> <span class='ocrx_word' id='word_1_245' title='bbox 1186 3969 1313 4019; x_wconf 89' lang='lat' dir='ltr'><strong>ordo</strong></span> <span class='ocrx_word' id='word_1_246' title='bbox 1338 3973 1611 4024; x_wconf 87' lang='lat' dir='ltr'><strong>verborum</strong></span> 
     </span>
     <span class='ocr_line' id='line_1_45' title="bbox 555 4040 1576 4106; baseline 0.014 -20"><span class='ocrx_word' id='word_1_247' title='bbox 555 4046 756 4088; x_wconf 74' lang='lat' dir='ltr'><strong>versum</strong></span> <span class='ocrx_word' id='word_1_248' title='bbox 782 4040 955 4090; x_wconf 87' lang='lat' dir='ltr'><strong>reddit</strong></span> <span class='ocrx_word' id='word_1_249' title='bbox 974 4044 1364 4106; x_wconf 83' lang='lat' dir='ltr'><strong>expeditiorem.</strong></span> <span class='ocrx_word' id='word_1_250' title='bbox 1398 4049 1576 4100; x_wconf 59' lang='lat' dir='ltr'><strong>Fa&#39;e’rn.</strong></span> 
     </span>
    </p>

    <p class='ocr_par' dir='ltr' id='par_1_12' title="bbox 555 4117 1612 4323">
     <span class='ocr_line' id='line_1_46' title="bbox 620 4117 1610 4190; baseline 0.014 -27"><span class='ocrx_word' id='word_1_251' title='bbox 620 4120 653 4164; x_wconf 84' lang='grc'><strong>7</strong></span> <span class='ocrx_word' id='word_1_252' title='bbox 689 4117 787 4164; x_wconf 79' lang='lat' dir='ltr'><strong>Cur</strong></span> <span class='ocrx_word' id='word_1_253' title='bbox 808 4133 899 4167; x_wconf 81' lang='lat' dir='ltr'><strong>non</strong></span> <span class='ocrx_word' id='word_1_254' title='bbox 918 4126 1050 4168; x_wconf 82' lang='lat' dir='ltr'><strong>recta</strong></span> <span class='ocrx_word' id='word_1_255' title='bbox 1068 4122 1314 4186; x_wconf 80' lang='lat' dir='ltr'><strong>introibas]</strong></span> <span class='ocrx_word' id='word_1_256' title='bbox 1338 4126 1498 4176; x_wconf 82' lang='lat' dir='ltr'><strong>Quasi</strong></span> <span class='ocrx_word' id='word_1_257' title='bbox 1520 4143 1610 4190; x_wconf 88' lang='lat' dir='ltr'><strong>pa·</strong></span> 
     </span>
     <span class='ocr_line' id='line_1_47' title="bbox 557 4190 1612 4253; baseline 0.014 -15"><span class='ocrx_word' id='word_1_258' title='bbox 557 4204 668 4238; x_wconf 87' lang='lat' dir='ltr'><strong>rum</strong></span> <span class='ocrx_word' id='word_1_259' title='bbox 693 4190 853 4242; x_wconf 86' lang='lat' dir='ltr'><strong>fuerit</strong></span> <span class='ocrx_word' id='word_1_260' title='bbox 873 4195 1136 4245; x_wconf 76' lang='lat' dir='ltr'><strong>introibas:</strong></span> <span class='ocrx_word' id='word_1_261' title='bbox 1169 4199 1295 4249; x_wconf 84' lang='lat' dir='ltr'><strong>satis</strong></span> <span class='ocrx_word' id='word_1_262' title='bbox 1320 4201 1447 4251; x_wconf 89' lang='lat' dir='ltr'><strong>mire</strong></span> <span class='ocrx_word' id='word_1_263' title='bbox 1471 4204 1612 4253; x_wconf 83' lang='lat' dir='ltr'><strong>addi-</strong></span> 
     </span>
     <span class='ocr_line' id='line_1_48' title="bbox 555 4271 1129 4323; baseline 0.009 -7"><span class='ocrx_word' id='word_1_264' title='bbox 555 4271 676 4323; x_wconf 8' lang='lat' dir='ltr'><strong>tum,</strong></span> <span class='ocrx_word' id='word_1_265' title='bbox 693 4274 839 4321; x_wconf 78' lang='lat' dir='ltr'><strong>recta.</strong></span> <span class='ocrx_word' id='word_1_266' title='bbox 871 4271 1129 4323; x_wconf 82' lang='lat' dir='ltr'><strong>Donatus.</strong></span> 
     </span>
    </p>
   </div>
   <div class='ocr_carea' id='block_1_5' title="bbox 1256 3133 1609 3183">
    <p class='ocr_par' dir='ltr' id='par_1_13' title="bbox 1256 3133 1609 3183">
     <span class='ocr_line' id='line_1_49' title="bbox 1256 3133 1609 3183; baseline 0.006 -2"><span class='ocrx_word' id='word_1_267' title='bbox 1256 3133 1436 3183; x_wconf 89' lang='lat' dir='ltr'><strong>Photis</strong></span> <span class='ocrx_word' id='word_1_268' title='bbox 1470 3147 1536 3183; x_wconf 89' lang='lat'><strong>11.</strong></span> <span class='ocrx_word' id='word_1_269' title='bbox 1575 3134 1609 3183; x_wconf 86' lang='lat' dir='ltr'><strong>l.</strong></span> 
     </span>
    </p>
   </div>
   <div class='ocr_carea' id='block_1_6' title="bbox 1254 388 2044 442">
    <p class='ocr_par' dir='ltr' id='par_1_14' title="bbox 1254 388 2044 442">
     <span class='ocr_line' id='line_1_50' title="bbox 1254 388 2044 442; baseline -0.003 -3"><span class='ocrx_word' id='word_1_270' title='bbox 1254 389 1469 442; x_wconf 62' lang='lat' dir='ltr'><strong>1101·AE</strong></span> <span class='ocrx_word' id='word_1_271' title='bbox 1514 388 1916 439; x_wconf 71' lang='lat' dir='ltr'><strong>vAmoRuu</strong></span> <span class='ocrx_word' id='word_1_272' title='bbox 1963 390 2044 437; x_wconf 81' lang='lat' dir='ltr'><strong>IN</strong></span> 
     </span>
    </p>
   </div>
   <div class='ocr_carea' id='block_1_7' title="bbox 1681 526 2750 3271">
    <p class='ocr_par' dir='ltr' id='par_1_15' title="bbox 1682 526 2741 1112">
     <span class='ocr_line' id='line_1_51' title="bbox 1751 526 2735 585; baseline 0.003 -7"><span class='ocrx_word' id='word_1_273' title='bbox 1751 530 1881 585; x_wconf 73' lang='lat' dir='ltr'><strong>Quid</strong></span> <span class='ocrx_word' id='word_1_274' title='bbox 1901 530 1978 579; x_wconf 79' lang='grc' dir='ltr'><strong>Ιιίσ</strong></span> <span class='ocrx_word' id='word_1_275' title='bbox 1998 530 2160 579; x_wconf 76' lang='lat' dir='ltr'><strong>stabas</strong></span> <span class='ocrx_word' id='word_1_276' title='bbox 2175 526 2201 580; x_wconf 66' lang='lat'><em>2</em></span> <span class='ocrx_word' id='word_1_277' title='bbox 2219 544 2305 579; x_wconf 75' lang='lat' dir='ltr'><strong>oar</strong></span> <span class='ocrx_word' id='word_1_278' title='bbox 2320 537 2412 580; x_wconf 70' lang='lat' dir='ltr'><strong>ison</strong></span> <span class='ocrx_word' id='word_1_279' title='bbox 2428 536 2563 581; x_wconf 68' lang='lat' dir='ltr'><strong>rma</strong></span> <span class='ocrx_word' id='word_1_280' title='bbox 2578 527 2735 581; x_wconf 52' lang='grc' dir='ltr'><strong>Ην</strong></span> 
     </span>
     <span class='ocr_line' id='line_1_52' title="bbox 1682 604 2733 670; baseline 0.002 -16"><span class='ocrx_word' id='word_1_281' title='bbox 1682 604 1808 669; x_wconf 76' lang='lat' dir='ltr'><strong>ibes]</strong></span> <span class='ocrx_word' id='word_1_282' title='bbox 1848 605 2297 670; x_wconf 75' lang='lat' dir='ltr'><strong>-Exquisitioribos</strong></span> <span class='ocrx_word' id='word_1_283' title='bbox 2332 606 2597 656; x_wconf 79' lang='lat' dir='ltr'><strong>blanditiis</strong></span> <span class='ocrx_word' id='word_1_284' title='bbox 2626 619 2733 656; x_wconf 65' lang='lat' dir='ltr'><strong>mes</strong></span> 
     </span>
     <span class='ocr_line' id='line_1_53' title="bbox 1683 680 2731 745; baseline 0.001 -15"><span class='ocrx_word' id='word_1_285' title='bbox 1683 682 1846 731; x_wconf 72' lang='lat' dir='ltr'><strong>retrix</strong></span> <span class='ocrx_word' id='word_1_286' title='bbox 1870 681 2007 745; x_wconf 80' lang='lat' dir='ltr'><strong>apud</strong></span> <span class='ocrx_word' id='word_1_287' title='bbox 2032 683 2307 732; x_wconf 83' lang='lat' dir='ltr'><strong>Plautum:</strong></span> <span class='ocrx_word' id='word_1_288' title='bbox 2341 682 2357 711; x_wconf 89' lang='lat'>‘</span> <span class='ocrx_word' id='word_1_289' title='bbox 2379 680 2731 744; x_wconf 24' lang='lat' dir='ltr'><strong>&#39;Animulessmh</strong></span> 
     </span>
     <span class='ocr_line' id='line_1_54' title="bbox 1683 756 2741 820; baseline 0.003 -15"><span class='ocrx_word' id='word_1_290' title='bbox 1683 756 1809 806; x_wconf 77' lang='lat' dir='ltr'><strong>milri</strong></span> <span class='ocrx_word' id='word_1_291' title='bbox 1842 758 1971 808; x_wconf 83' lang='lat' dir='ltr'><strong>mira</strong></span> <span class='ocrx_word' id='word_1_292' title='bbox 1992 758 2254 820; x_wconf 81' lang='lat' dir='ltr'><strong>videntur,</strong></span> <span class='ocrx_word' id='word_1_293' title='bbox 2274 759 2378 808; x_wconf 90' lang='lat' dir='ltr'><strong>Hic</strong></span> <span class='ocrx_word' id='word_1_294' title='bbox 2411 766 2463 808; x_wconf 91' lang='lat' dir='ltr'><strong>te</strong></span> <span class='ocrx_word' id='word_1_295' title='bbox 2496 764 2635 808; x_wconf 82' lang='lat' dir='ltr'><strong>stare</strong></span> <span class='ocrx_word' id='word_1_296' title='bbox 2657 757 2741 808; x_wconf 79' lang='lat' dir='ltr'><strong>fo-</strong></span> 
     </span>
     <span class='ocr_line' id='line_1_55' title="bbox 1682 832 2734 899; baseline 0.002 -18"><span class='ocrx_word' id='word_1_297' title='bbox 1682 832 1772 895; x_wconf 85' lang='lat' dir='ltr'><strong>ris,</strong></span> <span class='ocrx_word' id='word_1_298' title='bbox 1807 832 1942 883; x_wconf 79' lang='lat' dir='ltr'><strong>fores</strong></span> <span class='ocrx_word' id='word_1_299' title='bbox 1981 835 2067 883; x_wconf 87' lang='lat' dir='ltr'><strong>cui</strong></span> <span class='ocrx_word' id='word_1_300' title='bbox 2104 841 2323 897; x_wconf 81' lang='lat' dir='ltr'><strong>pateant</strong></span> <span class='ocrx_word' id='word_1_301' title='bbox 2358 835 2548 898; x_wconf 79' lang='lat' dir='ltr'><strong>Magis,</strong></span> <span class='ocrx_word' id='word_1_302' title='bbox 2581 849 2734 899; x_wconf 84' lang='lat' dir='ltr'><strong>quam</strong></span> 
     </span>
     <span class='ocr_line' id='line_1_56' title="bbox 1682 908 2739 968; baseline 0 -9"><span class='ocrx_word' id='word_1_303' title='bbox 1682 909 1862 959; x_wconf 85' lang='lat' dir='ltr'><strong>domus</strong></span> <span class='ocrx_word' id='word_1_304' title='bbox 1885 916 1992 968; x_wconf 83' lang='lat' dir='ltr'><strong>tua,</strong></span> <span class='ocrx_word' id='word_1_305' title='bbox 2014 911 2332 960; x_wconf 62' lang='lat' dir='ltr'><strong>domnacum</strong></span> <span class='ocrx_word' id='word_1_306' title='bbox 2370 912 2482 961; x_wconf 82' lang='lat' dir='ltr'><strong>haec</strong></span> <span class='ocrx_word' id='word_1_307' title='bbox 2510 908 2739 960; x_wconf 45' lang='lat' dir='ltr'><strong>,tos-sit:</strong></span> 
     </span>
     <span class='ocr_line' id='line_1_57' title="bbox 1682 984 2739 1051; baseline 0.002 -17"><span class='ocrx_word' id='word_1_308' title='bbox 1682 984 1951 1035; x_wconf 82' lang='lat' dir='ltr'><strong>Terentius</strong></span> <span class='ocrx_word' id='word_1_309' title='bbox 1967 992 2089 1049; x_wconf 84' lang='lat' dir='ltr'><strong>apte</strong></span> <span class='ocrx_word' id='word_1_310' title='bbox 2105 986 2299 1050; x_wconf 86' lang='lat' dir='ltr'><strong>divisit,</strong></span> <span class='ocrx_word' id='word_1_311' title='bbox 2314 994 2372 1037; x_wconf 79' lang='lat' dir='ltr'><strong>nt</strong></span> <span class='ocrx_word' id='word_1_312' title='bbox 2390 986 2603 1037; x_wconf 68' lang='grc' dir='ltr'><strong>ὑπόθεσις</strong></span> <span class='ocrx_word' id='word_1_313' title='bbox 2619 1001 2739 1051; x_wconf 80' lang='lat' dir='ltr'><strong>pos-</strong></span> 
     </span>
     <span class='ocr_line' id='line_1_58' title="bbox 1684 1062 2199 1112; baseline 0.004 -2"><span class='ocrx_word' id='word_1_314' title='bbox 1684 1062 1901 1112; x_wconf 84' lang='lat' dir='ltr'><strong>tulabat.</strong></span> <span class='ocrx_word' id='word_1_315' title='bbox 1937 1063 2199 1112; x_wconf 67' lang='lat' dir='ltr'><strong>Boectem.</strong></span> 
     </span>
    </p>

    <p class='ocr_par' dir='ltr' id='par_1_16' title="bbox 1682 1137 2747 1493">
     <span class='ocr_line' id='line_1_59' title="bbox 1744 1137 2747 1204; baseline 0.001 -17"><span class='ocrx_word' id='word_1_316' title='bbox 1744 1141 1777 1187; x_wconf 83' lang='lat'>8</span> <span class='ocrx_word' id='word_1_317' title='bbox 1801 1137 1880 1188; x_wconf 85' lang='lat' dir='ltr'><strong>De</strong></span> <span class='ocrx_word' id='word_1_318' title='bbox 1900 1139 2164 1189; x_wconf 74' lang='lat' dir='ltr'><strong>exclusione</strong></span> <span class='ocrx_word' id='word_1_319' title='bbox 2177 1139 2366 1188; x_wconf 71' lang='lat' dir='ltr'><strong>verbum</strong></span> <span class='ocrx_word' id='word_1_320' title='bbox 2386 1140 2591 1204; x_wconf 62' lang='lat' dir='ltr'><strong>nultum]</strong></span> <span class='ocrx_word' id='word_1_321' title='bbox 2611 1139 2747 1188; x_wconf 63' lang='lat' dir='ltr'><strong>Plus</strong></span> 
     </span>
     <span class='ocr_line' id='line_1_60' title="bbox 1682 1212 2738 1278; baseline 0.003 -16"><span class='ocrx_word' id='word_1_322' title='bbox 1682 1212 2031 1264; x_wconf 82' lang='lat' dir='ltr'><strong>admirationis</strong></span> <span class='ocrx_word' id='word_1_323' title='bbox 2053 1221 2266 1276; x_wconf 67' lang='lat' dir='ltr'><strong>estmoe</strong></span> <span class='ocrx_word' id='word_1_324' title='bbox 2289 1215 2738 1278; x_wconf 78' lang='lat' dir='ltr'><strong>accusationi‚nec</strong></span> 
     </span>
     <span class='ocr_line' id='line_1_61' title="bbox 1683 1290 2740 1355; baseline 0.001 -15"><span class='ocrx_word' id='word_1_325' title='bbox 1683 1290 2025 1342; x_wconf 78' lang='lat' dir='ltr'><strong>satisfactioni</strong></span> <span class='ocrx_word' id='word_1_326' title='bbox 2063 1293 2230 1342; x_wconf 90' lang='lat' dir='ltr'><strong>locum</strong></span> <span class='ocrx_word' id='word_1_327' title='bbox 2267 1292 2536 1355; x_wconf 83' lang='lat' dir='ltr'><strong>reliquisse</strong></span> <span class='ocrx_word' id='word_1_328' title='bbox 2575 1305 2740 1341; x_wconf 60' lang='lat' dir='ltr'><strong>merea</strong></span> 
     </span>
     <span class='ocr_line' id='line_1_62' title="bbox 1683 1367 2740 1431; baseline -0.001 -15"><span class='ocrx_word' id='word_1_329' title='bbox 1683 1368 1883 1430; x_wconf 83' lang='lat' dir='ltr'><strong>tricem,</strong></span> <span class='ocrx_word' id='word_1_330' title='bbox 1924 1367 2109 1418; x_wconf 88' lang='lat' dir='ltr'><strong>callide</strong></span> <span class='ocrx_word' id='word_1_331' title='bbox 2157 1368 2478 1418; x_wconf 83' lang='lat' dir='ltr'><strong>dissimulata</strong></span> <span class='ocrx_word' id='word_1_332' title='bbox 2531 1367 2740 1431; x_wconf 75' lang='lat' dir='ltr'><strong>injuria.</strong></span> 
     </span>
     <span class='ocr_line' id='line_1_63' title="bbox 1682 1444 1922 1493; baseline 0 0"><span class='ocrx_word' id='word_1_333' title='bbox 1682 1444 1922 1493; x_wconf 75' lang='lat' dir='ltr'><strong>Donatus.</strong></span> 
     </span>
    </p>

    <p class='ocr_par' dir='ltr' id='par_1_17' title="bbox 1681 1518 2744 1723">
     <span class='ocr_line' id='line_1_64' title="bbox 1752 1518 2740 1584; baseline -0.002 -15"><span class='ocrx_word' id='word_1_334' title='bbox 1752 1520 1884 1575; x_wconf 75' lang='lat' dir='ltr'><strong>Quid</strong></span> <span class='ocrx_word' id='word_1_335' title='bbox 1904 1519 2053 1584; x_wconf 79' lang='lat' dir='ltr'><strong>taces]</strong></span> <span class='ocrx_word' id='word_1_336' title='bbox 2100 1521 2171 1569; x_wconf 90' lang='lat' dir='ltr'><strong>Et</strong></span> <span class='ocrx_word' id='word_1_337' title='bbox 2206 1519 2304 1569; x_wconf 81' lang='lat' dir='ltr'><strong>hoc</strong></span> <span class='ocrx_word' id='word_1_338' title='bbox 2335 1518 2555 1569; x_wconf 80' lang='lat' dir='ltr'><strong>callide:</strong></span> <span class='ocrx_word' id='word_1_339' title='bbox 2590 1520 2740 1584; x_wconf 86' lang='lat' dir='ltr'><strong>quasi</strong></span> 
     </span>
     <span class='ocr_line' id='line_1_65' title="bbox 1681 1595 2744 1660; baseline 0.001 -15"><span class='ocrx_word' id='word_1_340' title='bbox 1681 1596 1929 1646; x_wconf 82' lang='lat' dir='ltr'><strong>innocens</strong></span> <span class='ocrx_word' id='word_1_341' title='bbox 1950 1611 2015 1645; x_wconf 89' lang='lat' dir='ltr'><strong>ne</strong></span> <span class='ocrx_word' id='word_1_342' title='bbox 2042 1596 2331 1660; x_wconf 81' lang='lat' dir='ltr'><strong>suspicetur</strong></span> <span class='ocrx_word' id='word_1_343' title='bbox 2365 1595 2592 1659; x_wconf 80' lang='lat' dir='ltr'><strong>quidem,</strong></span> <span class='ocrx_word' id='word_1_344' title='bbox 2611 1595 2744 1660; x_wconf 70' lang='lat' dir='ltr'><strong>quid</strong></span> 
     </span>
     <span class='ocr_line' id='line_1_66' title="bbox 1683 1672 2505 1723; baseline -0.001 -1"><span class='ocrx_word' id='word_1_345' title='bbox 1683 1680 1986 1723; x_wconf 81' lang='lat' dir='ltr'><strong>succenseat</strong></span> <span class='ocrx_word' id='word_1_346' title='bbox 2007 1672 2324 1723; x_wconf 85' lang='lat' dir='ltr'><strong>adolescens.</strong></span> <span class='ocrx_word' id='word_1_347' title='bbox 2356 1674 2505 1721; x_wconf 73' lang='lat' dir='ltr'><strong>Idem.</strong></span> 
     </span>
    </p>

    <p class='ocr_par' dir='ltr' id='par_1_18' title="bbox 1682 1749 2748 2270">
     <span class='ocr_line' id='line_1_67' title="bbox 1746 1749 2738 1813; baseline 0 -14"><span class='ocrx_word' id='word_1_348' title='bbox 1746 1753 1780 1799; x_wconf 79' lang='lat'>9</span> <span class='ocrx_word' id='word_1_349' title='bbox 1812 1749 1957 1810; x_wconf 75' lang='lat' dir='ltr'><strong>Saue,</strong></span> <span class='ocrx_word' id='word_1_350' title='bbox 1978 1749 2560 1813; x_wconf 67' lang='lat' dir='ltr'><strong>ordaverosernper,8ro.]</strong></span> <span class='ocrx_word' id='word_1_351' title='bbox 2612 1750 2738 1799; x_wconf 72' lang='lat' dir='ltr'><strong>Tol-s</strong></span> 
     </span>
     <span class='ocr_line' id='line_1_68' title="bbox 1683 1826 2740 1891; baseline 0.002 -17"><span class='ocrx_word' id='word_1_352' title='bbox 1683 1827 1754 1887; x_wconf 91' lang='lat' dir='ltr'><strong>le,</strong></span> <span class='ocrx_word' id='word_1_353' title='bbox 1767 1840 1883 1875; x_wconf 78' lang='lat' dir='ltr'><strong>sane</strong></span> <span class='ocrx_word' id='word_1_354' title='bbox 1903 1833 1971 1875; x_wconf 91' lang='lat' dir='ltr'><strong>et</strong></span> <span class='ocrx_word' id='word_1_355' title='bbox 1978 1841 2108 1888; x_wconf 79' lang='lat' dir='ltr'><strong>vero,</strong></span> <span class='ocrx_word' id='word_1_356' title='bbox 2128 1832 2197 1875; x_wconf 94' lang='lat' dir='ltr'><strong>et</strong></span> <span class='ocrx_word' id='word_1_357' title='bbox 2202 1826 2570 1889; x_wconf 84' lang='lat' dir='ltr'><strong>pronuntiandi</strong></span> <span class='ocrx_word' id='word_1_358' title='bbox 2594 1826 2740 1891; x_wconf 81' lang='lat' dir='ltr'><strong>adju-</strong></span> 
     </span>
     <span class='ocr_line' id='line_1_69' title="bbox 1682 1902 2747 1967; baseline 0.001 -15"><span class='ocrx_word' id='word_1_359' title='bbox 1682 1908 1859 1952; x_wconf 86' lang='lat' dir='ltr'><strong>menta</strong></span> <span class='ocrx_word' id='word_1_360' title='bbox 1879 1903 2178 1967; x_wconf 82' lang='lat' dir='ltr'><strong>vultumque</strong></span> <span class='ocrx_word' id='word_1_361' title='bbox 2192 1902 2446 1952; x_wconf 85' lang='lat' dir='ltr'><strong>dicentis:</strong></span> <span class='ocrx_word' id='word_1_362' title='bbox 2483 1910 2537 1952; x_wconf 91' lang='lat' dir='ltr'><strong>et</strong></span> <span class='ocrx_word' id='word_1_363' title='bbox 2555 1903 2609 1952; x_wconf 89' lang='lat' dir='ltr'><strong>in</strong></span> <span class='ocrx_word' id='word_1_364' title='bbox 2625 1917 2747 1953; x_wconf 82' lang='lat' dir='ltr'><strong>ver--</strong></span> 
     </span>
     <span class='ocr_line' id='line_1_70' title="bbox 1684 1977 2747 2041; baseline 0.003 -14"><span class='ocrx_word' id='word_1_365' title='bbox 1684 1977 1765 2027; x_wconf 87' lang='lat' dir='ltr'><strong>bis</strong></span> <span class='ocrx_word' id='word_1_366' title='bbox 1800 1991 1903 2027; x_wconf 89' lang='lat' dir='ltr'><strong>non</strong></span> <span class='ocrx_word' id='word_1_367' title='bbox 1932 1978 2170 2041; x_wconf 71' lang='lat' dir='ltr'><strong>negatio,</strong></span> <span class='ocrx_word' id='word_1_368' title='bbox 2192 1978 2287 2027; x_wconf 83' lang='lat' dir='ltr'><strong>sed</strong></span> <span class='ocrx_word' id='word_1_369' title='bbox 2323 1977 2584 2029; x_wconf 85' lang='lat' dir='ltr'><strong>confessio</strong></span> <span class='ocrx_word' id='word_1_370' title='bbox 2618 1991 2747 2031; x_wconf 82' lang='lat' dir='ltr'><strong>esse·</strong></span> 
     </span>
     <span class='ocr_line' id='line_1_71' title="bbox 1684 2056 2741 2107; baseline 0.002 -2"><span class='ocrx_word' id='word_1_371' title='bbox 1684 2056 1942 2106; x_wconf 85' lang='lat' dir='ltr'><strong>credatur.</strong></span> <span class='ocrx_word' id='word_1_372' title='bbox 2015 2056 2147 2105; x_wconf 87' lang='lat' dir='ltr'><strong>Nam</strong></span> <span class='ocrx_word' id='word_1_373' title='bbox 2179 2070 2288 2105; x_wconf 78' lang='lat' dir='ltr'><strong>vero</strong></span> <span class='ocrx_word' id='word_1_374' title='bbox 2337 2056 2513 2105; x_wconf 65' lang='lat' dir='ltr'><strong>ironiae</strong></span> <span class='ocrx_word' id='word_1_375' title='bbox 2551 2070 2741 2107; x_wconf 74' lang='lat' dir='ltr'><strong>conve·</strong></span> 
     </span>
     <span class='ocr_line' id='line_1_72' title="bbox 1684 2130 2748 2195; baseline 0.005 -16"><span class='ocrx_word' id='word_1_376' title='bbox 1684 2130 1777 2179; x_wconf 83' lang='lat' dir='ltr'><strong>nit.</strong></span> <span class='ocrx_word' id='word_1_377' title='bbox 1835 2138 1893 2180; x_wconf 91' lang='lat' dir='ltr'><strong>ut</strong></span> <span class='ocrx_word' id='word_1_378' title='bbox 1937 2130 2200 2194; x_wconf 84' lang='lat' dir='ltr'><strong>Virgilius,</strong></span> <span class='ocrx_word' id='word_1_379' title='bbox 2250 2135 2265 2160; x_wconf 89' lang='lat'>‘</span> <span class='ocrx_word' id='word_1_380' title='bbox 2294 2132 2568 2195; x_wconf 76' lang='lat' dir='ltr'><strong>Egregium</strong></span> <span class='ocrx_word' id='word_1_381' title='bbox 2612 2147 2748 2186; x_wconf 68' lang='lat' dir='ltr'><strong>veros</strong></span> 
     </span>
     <span class='ocr_line' id='line_1_73' title="bbox 1683 2206 2721 2270; baseline 0.002 -14"><span class='ocrx_word' id='word_1_382' title='bbox 1683 2207 1883 2256; x_wconf 74' lang='lat' dir='ltr'><strong>laudem</strong></span> <span class='ocrx_word' id='word_1_383' title='bbox 1906 2215 1961 2256; x_wconf 88' lang='lat' dir='ltr'><strong>et</strong></span> <span class='ocrx_word' id='word_1_384' title='bbox 1982 2207 2145 2269; x_wconf 88' lang='lat' dir='ltr'><strong>spolia</strong></span> <span class='ocrx_word' id='word_1_385' title='bbox 2168 2208 2338 2270; x_wconf 84' lang='lat' dir='ltr'><strong>ampla</strong></span> <span class='ocrx_word' id='word_1_386' title='bbox 2362 2206 2603 2258; x_wconf 71' lang='lat' dir='ltr'><strong>refertis-²</strong></span> <span class='ocrx_word' id='word_1_387' title='bbox 2636 2208 2721 2258; x_wconf 77' lang='lat' dir='ltr'><strong>Ia.</strong></span> 
     </span>
    </p>

    <p class='ocr_par' dir='ltr' id='par_1_19' title="bbox 1746 2283 2745 2347">
     <span class='ocr_line' id='line_1_74' title="bbox 1746 2283 2745 2347; baseline 0.001 -14"><span class='ocrx_word' id='word_1_388' title='bbox 1746 2283 1876 2333; x_wconf 79' lang='lat' dir='ltr'><strong>Sane</strong></span> <span class='ocrx_word' id='word_1_389' title='bbox 1896 2285 2023 2347; x_wconf 73' lang='lat' dir='ltr'><strong>quio,</strong></span> <span class='ocrx_word' id='word_1_390' title='bbox 2043 2284 2151 2347; x_wconf 53' lang='grc' dir='ltr'><strong>ξω]</strong></span> <span class='ocrx_word' id='word_1_391' title='bbox 2189 2283 2409 2333; x_wconf 87' lang='lat' dir='ltr'><strong>Ironice.</strong></span> <span class='ocrx_word' id='word_1_392' title='bbox 2443 2284 2745 2334; x_wconf 65' lang='lat' dir='ltr'><strong>Far-nabin.</strong></span> 
     </span>
    </p>

    <p class='ocr_par' dir='ltr' id='par_1_20' title="bbox 1682 2361 2747 2653">
     <span class='ocr_line' id='line_1_75' title="bbox 1748 2361 2747 2425; baseline 0.001 -16"><span class='ocrx_word' id='word_1_393' title='bbox 1748 2364 1811 2409; x_wconf 88' lang='grc'><strong>10</strong></span> <span class='ocrx_word' id='word_1_394' title='bbox 1860 2361 2496 2425; x_wconf 67' lang='grc' dir='ltr'><strong>Δαιφιίαευηιαριιάισ</strong></span> <span class='ocrx_word' id='word_1_395' title='bbox 2534 2361 2747 2424; x_wconf 66' lang='lat' dir='ltr'><strong>prinus}</strong></span> 
     </span>
     <span class='ocr_line' id='line_1_76' title="bbox 1682 2436 2741 2503; baseline 0.004 -17"><span class='ocrx_word' id='word_1_396' title='bbox 1682 2436 1804 2486; x_wconf 90' lang='lat' dir='ltr'><strong>Duo</strong></span> <span class='ocrx_word' id='word_1_397' title='bbox 1825 2437 1958 2487; x_wconf 83' lang='lat' dir='ltr'><strong>dixit</strong></span> <span class='ocrx_word' id='word_1_398' title='bbox 1979 2446 2095 2503; x_wconf 68' lang='lat' dir='ltr'><strong>quse</strong></span> <span class='ocrx_word' id='word_1_399' title='bbox 2118 2437 2326 2487; x_wconf 82' lang='lat' dir='ltr'><strong>doleat:</strong></span> <span class='ocrx_word' id='word_1_400' title='bbox 2375 2445 2432 2487; x_wconf 88' lang='lat' dir='ltr'><strong>et</strong></span> <span class='ocrx_word' id='word_1_401' title='bbox 2455 2438 2575 2502; x_wconf 86' lang='lat' dir='ltr'><strong>quia</strong></span> <span class='ocrx_word' id='word_1_402' title='bbox 2597 2439 2741 2490; x_wconf 72' lang='lat' dir='ltr'><strong>claa-</strong></span> 
     </span>
     <span class='ocr_line' id='line_1_77' title="bbox 1684 2512 2740 2579; baseline 0.003 -17"><span class='ocrx_word' id='word_1_403' title='bbox 1684 2528 1756 2563; x_wconf 75' lang='lat' dir='ltr'><strong>sae</strong></span> <span class='ocrx_word' id='word_1_404' title='bbox 1779 2512 1935 2578; x_wconf 86' lang='lat' dir='ltr'><strong>fores,</strong></span> <span class='ocrx_word' id='word_1_405' title='bbox 1968 2522 2024 2565; x_wconf 86' lang='lat' dir='ltr'><strong>et</strong></span> <span class='ocrx_word' id='word_1_406' title='bbox 2057 2516 2175 2579; x_wconf 81' lang='lat' dir='ltr'><strong>quia</strong></span> <span class='ocrx_word' id='word_1_407' title='bbox 2208 2516 2466 2579; x_wconf 84' lang='lat' dir='ltr'><strong>posterior</strong></span> <span class='ocrx_word' id='word_1_408' title='bbox 2498 2515 2740 2574; x_wconf 73' lang='lat' dir='ltr'><strong>habetur,</strong></span> 
     </span>
     <span class='ocr_line' id='line_1_78' title="bbox 1686 2592 2294 2653; baseline 0.007 -15"><span class='ocrx_word' id='word_1_409' title='bbox 1686 2593 1905 2653; x_wconf 67' lang='lat' dir='ltr'><strong>prelato</strong></span> <span class='ocrx_word' id='word_1_410' title='bbox 1927 2592 2110 2642; x_wconf 88' lang='lat' dir='ltr'><strong>milite.</strong></span> <span class='ocrx_word' id='word_1_411' title='bbox 2144 2592 2294 2642; x_wconf 83' lang='lat' dir='ltr'><strong>Idem.</strong></span> 
     </span>
    </p>

    <p class='ocr_par' dir='ltr' id='par_1_21' title="bbox 1684 2632 2750 2806">
     <span class='ocr_line' id='line_1_79' title="bbox 1745 2632 2741 2732; baseline 0.003 -15"><span class='ocrx_word' id='word_1_412' title='bbox 1745 2667 1852 2718; x_wconf 76' lang='lat' dir='ltr'><strong>Aut</strong></span> <span class='ocrx_word' id='word_1_413' title='bbox 1871 2671 1981 2732; x_wconf 76' lang='lat' dir='ltr'><strong>quia</strong></span> <span class='ocrx_word' id='word_1_414' title='bbox 1999 2685 2103 2719; x_wconf 72' lang='lat' dir='ltr'><strong>sum</strong></span> <span class='ocrx_word' id='word_1_415' title='bbox 2123 2671 2248 2732; x_wconf 76' lang='lat' dir='ltr'><strong>apud</strong></span> <span class='ocrx_word' id='word_1_416' title='bbox 2270 2674 2317 2718; x_wconf 78' lang='lat' dir='ltr'><strong>te</strong></span> <span class='ocrx_word' id='word_1_417' title='bbox 2350 2632 2558 2732; x_wconf 56' lang='lat' dir='ltr'><strong>primus]</strong></span> <span class='ocrx_word' id='word_1_418' title='bbox 2605 2669 2741 2723; x_wconf 76' lang='lat' dir='ltr'><strong>Suo·-</strong></span> 
     </span>
     <span class='ocr_line' id='line_1_80' title="bbox 1684 2744 2750 2806; baseline 0.003 -13"><span class='ocrx_word' id='word_1_419' title='bbox 1684 2744 1911 2806; x_wconf 81' lang='lat' dir='ltr'><strong>auditur,</strong></span> <span class='ocrx_word' id='word_1_420' title='bbox 1940 2745 1957 2772; x_wconf 90' lang='lat'>‘</span> <span class='ocrx_word' id='word_1_421' title='bbox 1980 2745 2099 2794; x_wconf 88' lang='lat' dir='ltr'><strong>Non</strong></span> <span class='ocrx_word' id='word_1_422' title='bbox 2125 2753 2274 2795; x_wconf 83' lang='lat' dir='ltr'><strong>recta</strong></span> <span class='ocrx_word' id='word_1_423' title='bbox 2297 2745 2540 2795; x_wconf 62' lang='lat' dir='ltr'><strong>introivi!</strong></span> <span class='ocrx_word' id='word_1_424' title='bbox 2574 2747 2750 2800; x_wconf 68' lang='lat' dir='ltr'><strong>Idm·</strong></span> 
     </span>
    </p>

    <p class='ocr_par' dir='ltr' id='par_1_22' title="bbox 1683 2821 2745 3192">
     <span class='ocr_line' id='line_1_81' title="bbox 1749 2821 2740 2885; baseline 0.002 -14"><span class='ocrx_word' id='word_1_425' title='bbox 1749 2823 1906 2872; x_wconf 78' lang='lat' dir='ltr'><strong>Misso</strong></span> <span class='ocrx_word' id='word_1_426' title='bbox 1919 2823 2053 2872; x_wconf 69' lang='grc' dir='ltr'><strong>ἐσται·</strong></span> <span class='ocrx_word' id='word_1_427' title='bbox 2063 2821 2198 2884; x_wconf 78' lang='lat' dir='ltr'><strong>fuce]</strong></span> <span class='ocrx_word' id='word_1_428' title='bbox 2231 2821 2354 2871; x_wconf 87' lang='lat' dir='ltr'><strong>Alia</strong></span> <span class='ocrx_word' id='word_1_429' title='bbox 2374 2822 2740 2885; x_wconf 77' lang='lat' dir='ltr'><strong>dissimulatio,</strong></span> 
     </span>
     <span class='ocr_line' id='line_1_82' title="bbox 1683 2898 2740 2962; baseline 0.003 -15"><span class='ocrx_word' id='word_1_430' title='bbox 1683 2903 1739 2947; x_wconf 88' lang='lat' dir='ltr'><strong>et</strong></span> <span class='ocrx_word' id='word_1_431' title='bbox 1783 2898 1956 2948; x_wconf 86' lang='lat' dir='ltr'><strong>durior</strong></span> <span class='ocrx_word' id='word_1_432' title='bbox 2008 2909 2125 2962; x_wconf 83' lang='lat' dir='ltr'><strong>post</strong></span> <span class='ocrx_word' id='word_1_433' title='bbox 2167 2898 2587 2948; x_wconf 79' lang='lat' dir='ltr'><strong>admonitionem.</strong></span> <span class='ocrx_word' id='word_1_434' title='bbox 2645 2900 2740 2950; x_wconf 84' lang='lat' dir='ltr'><strong>sed</strong></span> 
     </span>
     <span class='ocr_line' id='line_1_83' title="bbox 1683 2973 2742 3039; baseline 0.005 -17"><span class='ocrx_word' id='word_1_435' title='bbox 1683 2973 1819 3024; x_wconf 86' lang='lat' dir='ltr'><strong>bene</strong></span> <span class='ocrx_word' id='word_1_436' title='bbox 1850 2974 2113 3038; x_wconf 80' lang='lat' dir='ltr'><strong>iutelligit,</strong></span> <span class='ocrx_word' id='word_1_437' title='bbox 2133 2975 2221 3039; x_wconf 88' lang='lat' dir='ltr'><strong>qni</strong></span> <span class='ocrx_word' id='word_1_438' title='bbox 2261 2974 2358 3023; x_wconf 83' lang='lat' dir='ltr'><strong>boc</strong></span> <span class='ocrx_word' id='word_1_439' title='bbox 2396 2988 2428 3023; x_wconf 86' lang='lat' dir='ltr'><strong>a</strong></span> <span class='ocrx_word' id='word_1_440' title='bbox 2463 2977 2742 3027; x_wconf 73' lang='lat' dir='ltr'><strong>meretrice</strong></span> 
     </span>
     <span class='ocr_line' id='line_1_84' title="bbox 1685 3050 2745 3119; baseline 0.006 -19"><span class='ocrx_word' id='word_1_441' title='bbox 1685 3050 1889 3101; x_wconf 84' lang='lat' dir='ltr'><strong>ridente</strong></span> <span class='ocrx_word' id='word_1_442' title='bbox 1931 3053 2169 3115; x_wconf 87' lang='lat' dir='ltr'><strong>molliter,</strong></span> <span class='ocrx_word' id='word_1_443' title='bbox 2207 3061 2260 3102; x_wconf 91' lang='lat' dir='ltr'><strong>et</strong></span> <span class='ocrx_word' id='word_1_444' title='bbox 2303 3054 2528 3103; x_wconf 86' lang='lat' dir='ltr'><strong>osculnm</strong></span> <span class='ocrx_word' id='word_1_445' title='bbox 2576 3057 2745 3119; x_wconf 84' lang='lat' dir='ltr'><strong>porri·</strong></span> 
     </span>
     <span class='ocr_line' id='line_1_85' title="bbox 1685 3129 2384 3192; baseline -0.001 -15"><span class='ocrx_word' id='word_1_446' title='bbox 1685 3135 1839 3192; x_wconf 77' lang='lat' dir='ltr'><strong>gente</strong></span> <span class='ocrx_word' id='word_1_447' title='bbox 1864 3129 1968 3178; x_wconf 87' lang='lat' dir='ltr'><strong>dici</strong></span> <span class='ocrx_word' id='word_1_448' title='bbox 1991 3129 2202 3192; x_wconf 80' lang='lat' dir='ltr'><strong>accipit.</strong></span> <span class='ocrx_word' id='word_1_449' title='bbox 2236 3130 2384 3178; x_wconf 77' lang='lat' dir='ltr'><strong>Idem.</strong></span> 
     </span>
    </p>

    <p class='ocr_par' dir='ltr' id='par_1_23' title="bbox 1736 3203 2743 3271">
     <span class='ocr_line' id='line_1_86' title="bbox 1736 3203 2743 3271; baseline 0.002 -18"><span class='ocrx_word' id='word_1_450' title='bbox 1736 3208 1812 3253; x_wconf 52' lang='lat'><strong>*11</strong></span> <span class='ocrx_word' id='word_1_451' title='bbox 1842 3204 1983 3260; x_wconf 74' lang='lat' dir='ltr'><strong>Quia</strong></span> <span class='ocrx_word' id='word_1_452' title='bbox 2001 3203 2172 3266; x_wconf 79' lang='lat' dir='ltr'><strong>misso]</strong></span> <span class='ocrx_word' id='word_1_453' title='bbox 2210 3205 2404 3268; x_wconf 81' lang='lat' dir='ltr'><strong>Magna</strong></span> <span class='ocrx_word' id='word_1_454' title='bbox 2428 3207 2743 3271; x_wconf 62' lang='lat' dir='ltr'><strong>virtuspofi.</strong></span> 
     </span>
    </p>
   </div>
   <div class='ocr_carea' id='block_1_8' title="bbox 1657 3274 2739 3351">
    <p class='ocr_par' dir='ltr' id='par_1_24' title="bbox 1657 3274 2739 3351">
     <span class='ocr_line' id='line_1_87' title="bbox 1657 3274 2739 3351; baseline 0.005 -23"><span class='ocrx_word' id='word_1_455' title='bbox 1657 3344 1664 3351; x_wconf 23' lang='lat'><em>⁶</em></span> <span class='ocrx_word' id='word_1_456' title='bbox 1686 3285 1756 3328; x_wconf 79' lang='lat' dir='ltr'><strong>tae</strong></span> <span class='ocrx_word' id='word_1_457' title='bbox 1779 3287 1879 3341; x_wconf 85' lang='lat' dir='ltr'><strong>est,</strong></span> <span class='ocrx_word' id='word_1_458' title='bbox 1899 3294 2004 3330; x_wconf 90' lang='lat' dir='ltr'><strong>non</strong></span> <span class='ocrx_word' id='word_1_459' title='bbox 2036 3280 2322 3331; x_wconf 83' lang='lat' dir='ltr'><strong>sententias</strong></span> <span class='ocrx_word' id='word_1_460' title='bbox 2342 3274 2501 3331; x_wconf 82' lang='lat' dir='ltr'><strong>solum</strong></span> <span class='ocrx_word' id='word_1_461' title='bbox 2526 3283 2593 3332; x_wconf 89' lang='lat' dir='ltr'><strong>de</strong></span> <span class='ocrx_word' id='word_1_462' title='bbox 2610 3299 2739 3335; x_wconf 80' lang='lat' dir='ltr'><strong>con-</strong></span> 
     </span>
    </p>
   </div>
   <div class='ocr_carea' id='block_1_9' title="bbox 1683 3355 2744 4335">
    <p class='ocr_par' dir='ltr' id='par_1_25' title="bbox 1683 3355 2744 3711">
     <span class='ocr_line' id='line_1_88' title="bbox 1684 3355 2741 3425; baseline 0.008 -21"><span class='ocrx_word' id='word_1_463' title='bbox 1684 3356 1958 3411; x_wconf 89' lang='lat' dir='ltr'><strong>suetudine</strong></span> <span class='ocrx_word' id='word_1_464' title='bbox 1981 3372 2042 3406; x_wconf 89' lang='lat' dir='ltr'><strong>ae</strong></span> <span class='ocrx_word' id='word_1_465' title='bbox 2066 3355 2132 3405; x_wconf 91' lang='lat' dir='ltr'><strong>de</strong></span> <span class='ocrx_word' id='word_1_466' title='bbox 2153 3357 2322 3408; x_wconf 87' lang='lat' dir='ltr'><strong>medio</strong></span> <span class='ocrx_word' id='word_1_467' title='bbox 2348 3359 2548 3423; x_wconf 87' lang='lat' dir='ltr'><strong>tollere,</strong></span> <span class='ocrx_word' id='word_1_468' title='bbox 2571 3366 2626 3411; x_wconf 87' lang='lat' dir='ltr'><strong>et</strong></span> <span class='ocrx_word' id='word_1_469' title='bbox 2648 3372 2741 3425; x_wconf 70' lang='lat' dir='ltr'><strong>po-</strong></span> 
     </span>
     <span class='ocr_line' id='line_1_89' title="bbox 1685 3432 2739 3494; baseline 0.006 -14"><span class='ocrx_word' id='word_1_470' title='bbox 1685 3445 1809 3482; x_wconf 88' lang='lat' dir='ltr'><strong>nere</strong></span> <span class='ocrx_word' id='word_1_471' title='bbox 1849 3434 1898 3482; x_wconf 91' lang='lat' dir='ltr'><strong>in</strong></span> <span class='ocrx_word' id='word_1_472' title='bbox 1934 3432 2205 3494; x_wconf 83' lang='lat' dir='ltr'><strong>comoedia,</strong></span> <span class='ocrx_word' id='word_1_473' title='bbox 2241 3448 2418 3484; x_wconf 84' lang='lat' dir='ltr'><strong>verum</strong></span> <span class='ocrx_word' id='word_1_474' title='bbox 2446 3437 2604 3486; x_wconf 80' lang='lat' dir='ltr'><strong>etiam</strong></span> <span class='ocrx_word' id='word_1_475' title='bbox 2625 3451 2739 3488; x_wconf 81' lang='lat' dir='ltr'><strong>ver·</strong></span> 
     </span>
     <span class='ocr_line' id='line_1_90' title="bbox 1683 3506 2742 3577; baseline 0.008 -19"><span class='ocrx_word' id='word_1_476' title='bbox 1683 3506 1751 3559; x_wconf 83' lang='lat' dir='ltr'><strong>ba</strong></span> <span class='ocrx_word' id='word_1_477' title='bbox 1791 3510 2022 3574; x_wconf 76' lang='lat' dir='ltr'><strong>quaedam</strong></span> <span class='ocrx_word' id='word_1_478' title='bbox 2065 3526 2132 3558; x_wconf 87' lang='lat' dir='ltr'><strong>ex</strong></span> <span class='ocrx_word' id='word_1_479' title='bbox 2175 3513 2428 3563; x_wconf 88' lang='lat' dir='ltr'><strong>communi</strong></span> <span class='ocrx_word' id='word_1_480' title='bbox 2484 3527 2742 3577; x_wconf 79' lang='lat' dir='ltr'><strong>sermone,</strong></span> 
     </span>
     <span class='ocr_line' id='line_1_91' title="bbox 1683 3585 2744 3652; baseline 0.008 -18"><span class='ocrx_word' id='word_1_481' title='bbox 1683 3586 1832 3650; x_wconf 87' lang='lat' dir='ltr'><strong>quale</strong></span> <span class='ocrx_word' id='word_1_482' title='bbox 1873 3595 1955 3635; x_wconf 88' lang='lat' dir='ltr'><strong>est</strong></span> <span class='ocrx_word' id='word_1_483' title='bbox 1988 3585 2123 3651; x_wconf 81' lang='lat' dir='ltr'><strong>qnod</strong></span> <span class='ocrx_word' id='word_1_484' title='bbox 2142 3587 2217 3636; x_wconf 80' lang='lat' dir='ltr'><strong>ait</strong></span> <span class='ocrx_word' id='word_1_485' title='bbox 2240 3602 2392 3652; x_wconf 88' lang='lat' dir='ltr'><strong>nunc,</strong></span> <span class='ocrx_word' id='word_1_486' title='bbox 2413 3589 2546 3645; x_wconf 72' lang='lat' dir='ltr'><strong>Quid</strong></span> <span class='ocrx_word' id='word_1_487' title='bbox 2564 3592 2744 3642; x_wconf 67' lang='grc' dir='ltr'><strong>ηιίσωῖ</strong></span> 
     </span>
     <span class='ocr_line' id='line_1_92' title="bbox 1685 3661 1851 3711; baseline -0.006 -1"><span class='ocrx_word' id='word_1_488' title='bbox 1685 3661 1851 3711; x_wconf 86' lang='lat' dir='ltr'><strong>Idem.</strong></span> 
     </span>
    </p>

    <p class='ocr_par' dir='ltr' id='par_1_26' title="bbox 1683 3741 2741 3943">
     <span class='ocr_line' id='line_1_93' title="bbox 1755 3741 2741 3807; baseline 0.007 -17"><span class='ocrx_word' id='word_1_489' title='bbox 1755 3741 1951 3790; x_wconf 74' lang='lat' dir='ltr'><strong>Utinam</strong></span> <span class='ocrx_word' id='word_1_490' title='bbox 1972 3747 2093 3790; x_wconf 82' lang='lat' dir='ltr'><strong>esset</strong></span> <span class='ocrx_word' id='word_1_491' title='bbox 2124 3742 2241 3791; x_wconf 67' lang='lat' dir='ltr'><strong>milii</strong></span> <span class='ocrx_word' id='word_1_492' title='bbox 2272 3758 2388 3806; x_wconf 81' lang='lat' dir='ltr'><strong>pars</strong></span> <span class='ocrx_word' id='word_1_493' title='bbox 2408 3760 2544 3807; x_wconf 73' lang='lat' dir='ltr'><strong>oequa</strong></span> <span class='ocrx_word' id='word_1_494' title='bbox 2563 3747 2741 3796; x_wconf 67' lang='lat' dir='ltr'><strong>umoris</strong></span> 
     </span>
     <span class='ocr_line' id='line_1_94' title="bbox 1683 3817 2736 3923; baseline 0.008 -56"><span class='ocrx_word' id='word_1_495' title='bbox 1683 3817 1859 3880; x_wconf 76' lang='lat' dir='ltr'><strong>tecum]</strong></span> <span class='ocrx_word' id='word_1_496' title='bbox 1890 3818 1988 3866; x_wconf 83' lang='lat' dir='ltr'><strong>Vel</strong></span> <span class='ocrx_word' id='word_1_497' title='bbox 2022 3819 2245 3882; x_wconf 82' lang='lat' dir='ltr'><strong>amandi,</strong></span> <span class='ocrx_word' id='word_1_498' title='bbox 2271 3822 2364 3868; x_wconf 85' lang='lat' dir='ltr'><strong>vel</strong></span> <span class='ocrx_word' id='word_1_499' title='bbox 2391 3836 2494 3909; x_wconf 87' lang='lat' dir='ltr'><strong>non</strong></span> <span class='ocrx_word' id='word_1_500' title='bbox 2532 3824 2736 3923; x_wconf 76' lang='lat' dir='ltr'><strong>amandi</strong></span> 
     </span>
     <span class='ocr_line' id='line_1_95' title="bbox 1685 3895 2086 3943; baseline 0 0"><span class='ocrx_word' id='word_1_501' title='bbox 1685 3895 1901 3943; x_wconf 85' lang='lat' dir='ltr'><strong>scilicet.</strong></span> <span class='ocrx_word' id='word_1_502' title='bbox 1936 3895 2086 3943; x_wconf 73' lang='lat' dir='ltr'><strong>Idem.</strong></span> 
     </span>
    </p>

    <p class='ocr_par' dir='ltr' id='par_1_27' title="bbox 1683 3969 2743 4335">
     <span class='ocr_line' id='line_1_96' title="bbox 1754 3969 2732 4041; baseline 0.008 -22"><span class='ocrx_word' id='word_1_503' title='bbox 1754 3969 1921 4027; x_wconf 74' lang='lat' dir='ltr'><strong>Quid?</strong></span> <span class='ocrx_word' id='word_1_504' title='bbox 1951 3970 2129 4023; x_wconf 77' lang='lat' dir='ltr'><strong>missa?</strong></span> <span class='ocrx_word' id='word_1_505' title='bbox 2162 3987 2188 4019; x_wconf 93' lang='lat' dir='ltr'><strong>o</strong></span> <span class='ocrx_word' id='word_1_506' title='bbox 2215 3972 2380 4030; x_wconf 76' lang='lat' dir='ltr'><strong>Thais,</strong></span> <span class='ocrx_word' id='word_1_507' title='bbox 2400 3975 2604 4032; x_wconf 66' lang='lat' dir='ltr'><strong>utinam.</strong></span> <span class='ocrx_word' id='word_1_508' title='bbox 2621 3978 2732 4041; x_wconf 52' lang='lat' dir='ltr'><strong>spu]</strong></span> 
     </span>
     <span class='ocr_line' id='line_1_97' title="bbox 1685 4048 2737 4111; baseline 0.006 -13"><span class='ocrx_word' id='word_1_509' title='bbox 1685 4048 1957 4111; x_wconf 87' lang='lat' dir='ltr'><strong>Expressit</strong></span> <span class='ocrx_word' id='word_1_510' title='bbox 2004 4048 2172 4098; x_wconf 69' lang='lat' dir='ltr'><strong>Poeta</strong></span> <span class='ocrx_word' id='word_1_511' title='bbox 2225 4051 2445 4099; x_wconf 71' lang='lat' dir='ltr'><strong>oninium</strong></span> <span class='ocrx_word' id='word_1_512' title='bbox 2499 4056 2737 4104; x_wconf 69' lang='lat' dir='ltr'><strong>arnstoris</strong></span> 
     </span>
     <span class='ocr_line' id='line_1_98' title="bbox 1683 4124 2742 4194; baseline 0.005 -19"><span class='ocrx_word' id='word_1_513' title='bbox 1683 4124 1960 4175; x_wconf 86' lang='lat' dir='ltr'><strong>mobilem·</strong></span> <span class='ocrx_word' id='word_1_514' title='bbox 1947 4159 1962 4184; x_wconf 87' lang='lat'><strong>,</strong></span> <span class='ocrx_word' id='word_1_515' title='bbox 1998 4133 2053 4174; x_wconf 92' lang='lat' dir='ltr'><strong>et</strong></span> <span class='ocrx_word' id='word_1_516' title='bbox 2084 4125 2134 4172; x_wconf 88' lang='lat' dir='ltr'><strong>in</strong></span> <span class='ocrx_word' id='word_1_517' title='bbox 2169 4124 2281 4188; x_wconf 84' lang='lat' dir='ltr'><strong>ipso</strong></span> <span class='ocrx_word' id='word_1_518' title='bbox 2306 4138 2495 4177; x_wconf 80' lang='lat' dir='ltr'><strong>conatu</strong></span> <span class='ocrx_word' id='word_1_519' title='bbox 2517 4142 2742 4194; x_wconf 73' lang='lat' dir='ltr'><strong>conque-</strong></span> 
     </span>
     <span class='ocr_line' id='line_1_99' title="bbox 1685 4199 2743 4266; baseline 0.009 -18"><span class='ocrx_word' id='word_1_520' title='bbox 1685 4199 1828 4248; x_wconf 85' lang='lat' dir='ltr'><strong>rendi</strong></span> <span class='ocrx_word' id='word_1_521' title='bbox 1849 4199 1915 4246; x_wconf 88' lang='lat' dir='ltr'><strong>de</strong></span> <span class='ocrx_word' id='word_1_522' title='bbox 1940 4201 2249 4249; x_wconf 79' lang='lat' dir='ltr'><strong>exclusionis</strong></span> <span class='ocrx_word' id='word_1_523' title='bbox 2286 4201 2490 4266; x_wconf 84' lang='lat' dir='ltr'><strong>injuria,</strong></span> <span class='ocrx_word' id='word_1_524' title='bbox 2520 4207 2743 4256; x_wconf 78' lang='lat' dir='ltr'><strong>remolli-</strong></span> 
     </span>
     <span class='ocr_line' id='line_1_100' title="bbox 1684 4276 2741 4335; baseline 0.009 -10"><span class='ocrx_word' id='word_1_525' title='bbox 1684 4276 1854 4326; x_wconf 88' lang='lat' dir='ltr'><strong>tumin</strong></span> <span class='ocrx_word' id='word_1_526' title='bbox 1872 4276 2252 4328; x_wconf 85' lang='lat' dir='ltr'><strong>confessionem</strong></span> <span class='ocrx_word' id='word_1_527' title='bbox 2266 4279 2512 4332; x_wconf 83' lang='lat' dir='ltr'><strong>desiderii</strong></span> <span class='ocrx_word' id='word_1_528' title='bbox 2527 4298 2586 4334; x_wconf 84' lang='lat' dir='ltr'><strong>ac</strong></span> <span class='ocrx_word' id='word_1_529' title='bbox 2603 4299 2741 4335; x_wconf 69' lang='lat' dir='ltr'><strong>aute·</strong></span> 
     </span>
    </p>
   </div>
  </div>
 </body>
</html>
