3035 4941
504 355 683 437 1588.

501 510 594 562 sed
652 522 872 559 amorem
927 512 1173 557 vestrum.
1220 503 1353 553 nihil
1390 500 1567 566 potuit

503 592 606 643 dici
630 587 953 653 familiarius.
989 584 1179 635 Per-tuli
1193 590 1384 641 autem,
1405 593 1565 644 quan-

502 674 610 723 tam
650 667 749 713 vim
788 663 1053 726 patientiae
1084 659 1264 719 habet,
1294 660 1567 722 quantum-

505 759 606 809 que
628 740 889 806 ponderis,
911 753 976 787 ne
1000 736 1121 786 laedi
1145 741 1401 791 mereatur
1435 730 1566 778 ulte-

508 821 633 870 rius.
669 820 818 867 Idem.

571 901 635 946 18
671 894 897 943 Nondum
916 889 1064 939 etiam
1081 886 1186 936 dixi
1211 886 1260 935 id
1280 885 1399 947 quod
1418 880 1571 944 volni]

505 973 748 1037 Apparet
794 982 972 1018 senem
1017 963 1165 1014 tarde
1209 969 1265 1013 et
1305 964 1456 1023 longe
1494 959 1570 1007 lo-

504 1060 751 1119 quentem
797 1042 1122 1106 interpellari
1167 1041 1312 1089 vultu
1355 1049 1570 1099 respon-

507 1140 643 1176 surae
669 1120 975 1174 meretricis,
1009 1132 1162 1182 quum
1195 1116 1281 1164 ille
1299 1113 1395 1163 sibi
1420 1112 1573 1161 silen-

510 1201 639 1254 tium
668 1196 891 1264 praeberi
909 1195 1057 1244 velit.
1110 1194 1197 1242 Sic
1215 1189 1463 1253 Virgilius
1477 1189 1573 1238 La-

508 1278 672 1326 tinum
718 1271 917 1322 inducit
955 1270 1241 1327 dicentem,
1284 1266 1444 1315 ‘Sine
1488 1278 1573 1313 me

506 1353 620 1403 haec
662 1348 797 1398 haud
836 1347 1007 1396 mollia
1044 1343 1154 1394 fatu
1191 1343 1418 1393 Sublatis
1453 1355 1574 1405 ape-

510 1430 610 1478 rire
645 1426 808 1476 dolis:
844 1423 994 1471 simul
1017 1422 1132 1470 haec
1157 1420 1329 1469 animo
1361 1418 1508 1467 hauri
1530 1417 1572 1477 ;’

511 1511 567 1554 et
619 1502 685 1552 ad
728 1506 1046 1564 postremum
1093 1496 1160 1546 de
1197 1497 1400 1545 Turno:
1457 1493 1472 1519 ‘
1500 1493 1577 1543 Ut

511 1580 732 1645 primum
763 1574 863 1645 fari
899 1575 1090 1638 potuit,
1126 1573 1201 1622 sic
1239 1570 1426 1634 incipit
1448 1567 1575 1617 ore!

513 1652 666 1717 Idem.

579 1735 727 1784 Mane
739 1747 757 1790 ,·
789 1731 995 1780 nondum
1025 1727 1194 1791 etiam]
1229 1724 1575 1782 Ἀποσιῶπησις

515 1813 693 1862 tertia.
730 1811 879 1858 Idem.

578 1885 751 1948 Mane]
784 1871 1167 1946 Interpellabat
1181 1879 1319 1929 enim
1340 1875 1580 1937 Bacchis,

514 1975 616 2011 non
651 1961 911 2011 sustinens
944 1958 1140 2019 audire,
1161 1968 1278 2020 quoe
1315 1953 1414 2004 sibi
1442 1950 1578 2002 falso

515 2038 676 2103 objici
700 2037 918 2087 sciebat.
949 2036 1080 2084 Mer.
1105 2033 1421 2085 Gasaubonus.

538 2184 543 2185 7
583 2117 683 2166 Hic
699 2130 820 2164 nunc
835 2127 1028 2163 uxorem
1046 2110 1207 2173 habet]
1227 2111 1356 2158 Cum
1383 2107 1579 2156 denun-

516 2192 732 2243 tiatione
754 2187 1187 2254 pronuntiandum
1207 2192 1314 2235 est:
1339 2183 1486 2248 quasi
1503 2183 1581 2231 di·

518 2278 625 2333 cat,
647 2270 750 2318 alia
773 2283 854 2318 res
878 2273 977 2317 est.
1018 2267 1258 2316 Donatus.

586 2351 647 2395 19
684 2346 858 2409 Quoere
878 2342 1024 2391 ulium
1055 2340 1146 2388 tibi
1181 2335 1582 2402 amictamfirmio·

502 2423 644 2488 rem]
683 2419 884 2484 Magna
913 2417 1174 2467 moralitas
1215 2415 1270 2464 in
1313 2412 1581 2462 denuntia-

520 2501 679 2561 tione,
697 2511 883 2560 magna
901 2494 1222 2560 proprietas:
1251 2491 1326 2540 sic
1348 2490 1483 2539 enim
1506 2488 1584 2536 di-

522 2576 705 2634 cimus,
744 2576 918 2629 Quoere
949 2571 1057 2619 tibi.
1093 2567 1402 2632 virgilius,‘
1428 2565 1584 2617 Quoe-

522 2659 605 2701 rat
629 2651 726 2699 sibi
749 2647 947 2697 foedera
967 2642 1204 2694 Turnus.’
1239 2643 1387 2691 Idem.

593 2727 766 2782 Quaere
786 2725 931 2772 alium
953 2720 1043 2771 tibi
1070 2719 1272 2768 amicum
1290 2715 1585 2784 firmiorem]

524 2802 811 2852 Firmiorem
850 2813 943 2863 pro
987 2797 1154 2846 firmo.
1189 2810 1291 2845 non
1327 2794 1463 2843 enim
1497 2793 1585 2843 fir-

521 2892 658 2927 mum
679 2875 918 2926 concedit
928 2888 1041 2923 esse
1057 2872 1409 2935 Pamphilum:
1433 2885 1585 2935 quem

522 2955 633 3008 vult
674 2951 894 3013 intelligi
927 2950 1264 3012 deceptorem
1298 2961 1411 2996 esse
1449 2947 1583 2996 Bac·

523 3030 704 3093 cbidis,
738 3044 840 3078 non
867 3028 978 3091 jam
1013 3032 1295 3074 amatorem
1329 3022 1589 3072 stabilem.

525 3106 677 3158 Idem.

593 3184 764 3246 Quaere
784 3182 931 3230 alium
953 3179 1043 3229 tibi
1076 3178 1279 3227 amicum
1295 3172 1590 3242 firmiorem]

528 3256 771 3326 oratorie
794 3271 956 3305 senex
995 3256 1141 3320 quasi
1175 3254 1400 3303 consulit
1420 3266 1587 3301 mere-

528 3335 664 3396 trici,
706 3348 862 3399 quam
907 3338 1186 3382 vocaverat
1229 3329 1586 3381 incusandam.

527 3410 676 3459 Idem.
750 3418 755 3421 ’
978 3411 982 3415 Α

596 3489 770 3554 quere
805 3486 975 3550 alium]
1008 3485 1058 3537 A
1093 3483 1434 3550 praesentibus
1468 3490 1526 3532 et
1560 3497 1591 3531 a

527 3562 736 3613 futuris.
771 3563 922 3613 Idem.

574 3641 812 3706 ,Amicum
835 3639 1130 3703 firmiorem]
1165 3635 1366 3687 Callide
1410 3648 1591 3697 senex,

529 3716 672 3782 quasi
682 3717 793 3780 jam
815 3730 918 3764 non
936 3707 1206 3778 Pamphilo
1230 3713 1482 3773 consulat,
1498 3711 1590 3761 sed

529 3790 799 3855 Bacchidi,
821 3806 978 3856 quaere
997 3790 1162 3853 alium,
1183 3790 1331 3839 dixit.
1377 3790 1527 3838 Idem.

596 3872 729 3920 Dum
749 3875 932 3932 tempus
952 3868 1218 3917 consulendi
1250 3867 1346 3930 est]
1377 3866 1592 3930 Sensus,

530 3945 650 3995 dum
675 3952 800 4015 aetas
840 3945 890 3993 in
930 3941 1058 3992 flore
1098 3943 1268 4006 posita
1299 3949 1397 4006 est,
1427 3940 1591 3992 facies

532 4020 805 4070 vendibilis
852 4020 1006 4085 etiam
1046 4034 1184 4068 nunc
1228 4025 1325 4068 est.
1388 4015 1460 4068 Et
1509 4025 1593 4068 est

532 4098 682 4158 ordo,
726 4097 860 4145 Dum
912 4104 1117 4159 tempus
1165 4103 1243 4145 est
1290 4095 1592 4145 consulendi

534 4174 645 4298 ἱίἑιί.
689 4181 742 4222 et
787 4174 860 4223 bis
901 4173 1313 4244 subaudiendum
1357 4179 1439 4221 est
1488 4169 1591 4220 tibi.

604 4263 704 4297 em.

1213 360 1428 411 No'rAE
1472 352 1875 406 VAmoRuu
1903 350 2005 405 ,IN

1702 501 1767 547 20
1804 494 1935 544 Nam
1973 504 2119 556 neque
2159 489 2243 538 ille
2281 486 2369 536 hoe
2409 482 2568 534 animo
2611 479 2703 530 erit

1638 571 1852 635 oemem]
1883 572 2117 630 AEtatem,
2150 581 2270 630 pro,
2299 570 2409 613 tam
2440 560 2528 609 diu
2553 552 2728 623 quarn
2767 617 2776 626 η

1639 654 1790 716 longa
1808 657 1888 699 est
1913 658 2059 698 aetas.
2099 647 2250 694 Idem.

1708 729 1870 790 Neque
1888 726 1969 788 pol
1983 730 2036 772 tu
2058 723 2219 772 eadem
2240 717 2364 767 istac
2384 710 2555 775 etate]
2577 712 2709 775 Σχῆ-

1639 820 1706 863 μα
1738 800 1889 862 λόγου
1925 797 2100 856 πλωτή.
2134 794 2275 859 prius
2302 797 2497 841 atatem
2527 789 2709 838 adver-

1641 878 1801 935 bium,
1825 884 1881 927 et
1901 875 2156 940 posterius
2175 883 2382 921 nomen.
2419 867 2580 933 Idem.

1707 955 1875 1018 Neque
1900 955 1982 1016 pol
2013 953 2174 1001 eadem
2205 949 2304 997 isto
2332 948 2480 993 etate
2502 938 2584 1005 tu]
2617 940 2711 989 Su-

1643 1046 1758 1096 pra,
1780 1037 1885 1080 act.
1925 1043 1989 1078 11.
2020 1043 2093 1078 sc.
2129 1031 2175 1076 l.
2229 1027 2245 1052 ‘
2271 1024 2378 1073 Cur
2401 1035 2507 1069 non
2532 1023 2625 1066 aut
2648 1016 2712 1065 is-

1645 1114 1748 1157 taec
1771 1106 1894 1156 mibi
1929 1113 2058 1154 aetas
2092 1112 2146 1152 et
2166 1099 2334 1150 forma
2357 1104 2464 1157 est,
2490 1103 2583 1144 aut
2617 1088 2713 1142 tibi

1643 1185 1758 1236 haec
1785 1183 2086 1234 sententia?
2105 1179 2122 1204 '
2157 1180 2286 1229 Mer.
2310 1173 2637 1224 Casanbonas.

1711 1265 1773 1311 21
1813 1261 1935 1317 Quis
1967 1260 2020 1308 id
2054 1257 2151 1321 ait]
2187 1256 2305 1306 Non
2349 1247 2715 1311 interrogatio,

1648 1338 1737 1389 sed
1761 1337 1908 1386 firma
1931 1335 2140 1399 negatio
2159 1339 2258 1382 est.
2293 1330 2541 1379 Donatus.

1715 1413 1838 1470 Quis
1881 1414 1936 1462 id
1972 1411 2069 1474 ait]
2123 1410 2293 1460 Quum
2338 1405 2488 1454 dicat
2534 1415 2713 1462 senex,

1647 1491 1814 1540 Meam
1833 1487 2243 1553 receptasfiliam;
2266 1483 2450 1532 mirum
2472 1484 2559 1528 est
2578 1478 2715 1526 illam

1649 1569 1847 1631 dicere,
1866 1568 1989 1624 Quis
2004 1566 2056 1615 id
2077 1565 2182 1614 uit?
2215 1560 2305 1612 sed
2329 1559 2394 1609 ab
2412 1562 2716 1607 accusatore

1653 1644 2005 1695 testimonium
2054 1640 2260 1706 quaerit.
2326 1639 2400 1686 Et
2450 1635 2588 1684 bene
2631 1631 2717 1689 ait,

1652 1722 1795 1786 quasi
1834 1735 2036 1770 vanum.
2071 1719 2145 1767 sic
2180 1717 2321 1766 enim
2358 1713 2604 1774 dicimus,
2633 1709 2724 1771 ait,

1648 1799 1745 1856 aio,
1768 1798 1834 1848 de
1860 1799 2011 1847 rebus
2029 1793 2334 1857 nugatoriis.
2369 1791 2526 1853 Idem.

1720 1874 1843 1931 Quis
1863 1875 1914 1923 id
1926 1873 2022 1936 ait]
2045 1871 2318 1921 Moraliter
2331 1865 2588 1916 meretrix
2603 1863 2719 1912 mis-

1653 1968 1709 2004 sa
1729 1951 1861 2003 fecit
1882 1951 2073 2013 omnia,
2092 1965 2209 2015 quoe
2232 1949 2285 1996 in
2306 1945 2535 1996 medinm
2559 1958 2719 2009 senex

1652 2030 1903 2081 contulit:
1940 2034 1997 2077 et
2012 2027 2106 2077 soli
2123 2023 2421 2091 intentioni,
2443 2021 2626 2070 Meum
2648 2031 2722 2087 re·

1654 2113 1835 2170 ceptas
1857 2103 2020 2176 filium
2045 2103 2109 2152 ad
2144 2108 2197 2151 te
2222 2098 2598 2163 Pamphilum,
2619 2093 2722 2159 quis

1652 2184 1706 2233 id
1726 2183 1815 2246 ait,
1838 2173 2129 2245 respondit.
2164 2178 2315 2227 Idem.

1720 2257 1919 2320 Socim]
1927 2255 2279 2317 Terribiliter,
2287 2251 2432 2316 quasi
2453 2265 2572 2315 quae
2591 2262 2729 2298 max·

1655 2336 1757 2385 ime
1802 2335 1960 2395 sciat,
2003 2340 2060 2382 et
2101 2343 2216 2396 quoe
2262 2328 2486 2377 maxime
2534 2326 2727 2374 doleat.

1658 2412 1795 2476 Ergo
1830 2417 1886 2459 et
1910 2409 2078 2460 oculis
2102 2415 2159 2458 et
2193 2404 2350 2455 labris
2385 2396 2729 2467 pronuntian-

1658 2494 1784 2544 dum
1806 2499 1904 2542 est.
1940 2492 2096 2541 Idem.

1725 2570 1967 2634 Etfiliam
1985 2565 2186 2636 obduxit
2208 2562 2367 2625 suam]
2390 2555 2642 2619 Addidit,
2657 2555 2730 2626 ⁷³5¹

1660 2659 1931 2710 personam
1950 2643 2117 2704 testis,
2137 2638 2374 2690 etfacta:
2414 2635 2539 2701 quia
2562 2634 2730 2682 minus

1660 2723 1903 2772 idoneum
1950 2719 2229 2768 videbatur
2279 2726 2488 2763 socrum
2538 2710 2730 2758 dixisse

1660 2800 1726 2851 de
1751 2799 1955 2863 pellice.
1978 2804 2032 2846 et
2055 2791 2205 2844 simul
2228 2789 2479 2845 ostendit,
2517 2795 2730 2851 quanto-

1661 2890 1786 2941 pere
1829 2866 2487 2924 hoc'animadvertendum
2534 2864 2624 2925 sit,
2649 2876 2729 2920 ,ex

1662 2968 1762 3017 quo
1818 2958 1982 3001 tantae
2036 2948 2206 2997 turbae.
2263 2944 2370 2995 sint
2423 2940 2729 2991 concitatae.

1725 3103 1945 3154 Abduxit
1996 3099 2153 3165 suam]
2207 3094 2451 3157 Abduxie,
2496 3093 2729 3158 proprie.

1659 3181 1857 3230 'Accersi
1878 3180 2015 3229 enim
2041 3178 2231 3227 dicitur
2254 3171 2318 3223 ad
2344 3167 2619 3222 maritum:
2652 3171 2731 3220 ab·

1662 3260 1773 3307 duci
1791 3274 1822 3306 a
1842 3257 2028 3306 marito
2060 3254 2125 3303 ad
2148 3243 2446 3301 divortium.
2506 3247 2594 3296 Sic
2615 3247 2728 3296 Vir·

1665 3327 1770 3396 gib
1813 3334 1827 3361 ‘
1853 3333 1923 3381 Et
1962 3330 2171 3396 giemiis
2207 3326 2471 3377 abducere
2515 3322 2731 3389 pactas.¹

1665 3409 1815 3459 Idem.

1730 3490 1796 3534 22
1830 3485 2129 3547 Puerumque
2150 3482 2206 3532 ob
2227 3496 2330 3531 eam
2350 3478 2477 3543 rem]
2516 3478 2636 3528 Hoc
2658 3477 2728 3528 sic

1665 3561 1971 3624 pronuntiat
2014 3573 2194 3621 senex,
2240 3556 2387 3621 quasi
2431 3555 2522 3619 qui
2570 3554 2729 3616 dicat,

1667 3636 1807 3686 Ecce
1851 3650 2067 3699 quarum
2112 3647 2284 3682 rerum
2329 3638 2388 3680 tu
2434 3645 2610 3680 causa.
2662 3630 2728 3678 Et

1666 3713 1778 3762 baec
1801 3712 1968 3761 oratio
1988 3713 2052 3760 de
2084 3710 2146 3759 iis
2167 3715 2267 3770 est,
2292 3706 2481 3772 quibus
2506 3705 2727 3755 ostendi-

1666 3801 1796 3845 mus,
1811 3802 1903 3838 nos
1926 3800 2078 3850 posse
2102 3783 2335 3848 graviter
2357 3796 2625 3844 accusare,
2638 3779 2724 3830 s'ed
2803 3796 2819 3809 .

1666 3865 1821 3932 nolle.
1861 3862 2014 3912 Idem.
2355 3863 2364 3866 ¹
2551 3857 2556 3862 ’

1732 3943 1796 3988 23
1846 3937 1997 3987 Aliud
2052 3937 2098 3985 si
2148 3934 2337 3998 scirem,
2382 3935 2465 3997 qui
2500 3930 2726 3999 fimare]

1668 4016 1825 4077 Mire,
1852 4014 1974 4063 dnm
2007 4013 2194 4077 quaerit
2230 4026 2332 4076 quo
2361 4010 2535 4059 firmet
2556 4009 2725 4067 fidem,

1665 4094 1822 4143 fldem
1845 4091 1941 4140 sibi
1966 4088 2243 4153 acquisivit
2261 4095 2419 4151 atque
2438 4086 2728 4149 adscripsit.

1670 4170 1823 4218 Idem.

1734 4245 1875 4306 Apud
1909 4259 1996 4306 vos¹
2021 4251 2203 4305 possem
2221 4238 2398 4303 fidem]
2436 4238 2578 4286 Bene
2617 4251 2719 4290 vos.-
