3035 4941
711 428 1069 477 ‚TERENTH
1120 430 1359 479 ANDR.

341 575 441 624 Per
484 579 531 623 te
574 577 684 623 deos
726 590 824 638 oro,
873 576 979 640 ξω]
1033 574 1336 625 obtestatio

278 650 467 712 valida,
493 666 589 714 per
607 650 784 700 divina
805 658 959 716 atque
982 651 1223 710 humana,
1242 666 1337 715 per

275 744 338 778 ea
378 745 497 793 quae
541 736 662 779 sunt
704 730 1019 793 charissima,
1053 730 1335 779 amicitiam

274 807 558 871 antiquam,
586 804 797 870 liberos,
817 822 1093 872 eorumque
1116 807 1335 858 salutem

274 897 337 931 ex
366 882 653 948 deplorata
687 889 874 933 sartam
904 889 1116 933 tectam.
1150 884 1333 933 Furna-

270 960 392 1010 bins.

330 1038 408 1086 .Εέ
427 1040 643 1085 nostram
667 1037 934 1090 ,amicitiam
959 1038 1201 1103 Chremes]
1240 1042 1334 1090 Le-

268 1113 412 1177 gitur
434 1119 494 1163 et
518 1114 735 1164 Chreme.
770 1115 1023 1166 Donatus.

333 1194 365 1238 7
403 1190 530 1246 Quoe
548 1190 740 1253 incepta
774 1206 806 1240 a
838 1194 1019 1254 parvis,
1053 1207 1159 1241 cum
1191 1198 1335 1243 aetate

263 1268 485 1316 adcreuit
503 1266 675 1329 simul]
711 1268 849 1317 Mire
871 1276 1061 1332 autem,
1091 1271 1278 1334 incepta
1303 1287 1335 1320 a

262 1346 435 1408 parvis
470 1362 578 1397 cum
615 1353 782 1410 «ειπερ,
825 1355 884 1397 ut
930 1348 1192 1411 ostendat,
1233 1364 1332 1400 nou

266 1435 441 1487 nuper
487 1424 681 1474 coitam
726 1423 1024 1487 amicitiam,
1068 1425 1160 1475 sed
1201 1427 1334 1477 anti·

270 1515 447 1563 quam,
472 1507 551 1564 ut,
579 1503 596 1530 ⁸
618 1502 868 1551 Veterem
889 1502 1146 1552 Anchisen
1175 1518 1333 1568 agno-

270 1577 345 1626 'vit
385 1578 659 1629 amicum.'
739 1579 885 1629 Idem
929 1579 1071 1641 alibi,
1103 1582 1119 1609 ‘
1144 1582 1333 1646 Neque

270 1654 403 1704 euim
442 1670 608 1704 novus
630 1656 730 1706 iste
754 1657 939 1707 Dianae
961 1657 1122 1706 Venit
1156 1659 1333 1709 amor!

272 1731 517 1780 Donatus.

330 1808 592 1874 Adorevit]
624 1808 700 1858 Ut
721 1824 899 1873 supra,
930 1811 1189 1860 Adcurate.
1256 1813 1335 1861 Aa

270 1885 649 1948 praepositione
672 1886 834 1936 utitur
854 1886 1197 1938 familiariter.
1237 1890 1312 1941 Id.

333 1963 593 2025 adcrevit]
613 1963 752 2013 Hinc
765 1965 1033 2029 Virgilius,
1051 1967 1067 1994 ⁸
1085 1967 1336 2018 Crescent

266 2038 391 2102 inae,
409 2041 665 2090 crescatis
686 2042 921 2092 amores.’
956 2042 1105 2094 Idem.

333 2121 365 2165 8
401 2119 473 2166 Et
513 2122 719 2179 guaiam
754 2118 930 2182 meum]
978 2120 1221 2185 Ineptum
1254 2128 1335 2171 est

268 2193 343 2242 sie
380 2194 630 2257 adjurare
669 2194 908 2260 aliquem,
943 2203 958 2225 ‘
984 2197 1087 2247 Per
1109 2198 1330 2248 salutem

270 2267 370 2318 filii
384 2270 509 2333 mei,
547 2276 608 2319 ut
645 2270 807 2322 facias
838 2272 891 2321 id
925 2275 1063 2338 quod
1099 2283 1153 2325 te
1176 2280 1335 2340 rogo?

270 2345 371 2396 Sed
394 2345 516 2396 liuic
538 2346 696 2397 etiam
729 2348 1029 2414 subjungitt
1062 2352 1195 2413 cnjus
1227 2354 1336 2415 tibi,

270 2424 348 2486 &c-
381 2423 552 2476 Idem.

337 2502 407 2549 Ee
443 2506 653 2563 gnatum
686 2504 861 2568 meum]
895 2502 1045 2555 Vidit
1079 2507 1339 2572 Donatus,

273 2576 509 2641 ineptum
551 2577 665 2628 fore
702 2581 747 2628 si
782 2581 897 2645 quis
934 2580 1009 2631 ita
1044 2582 1339 2635 obtestetur

272 2655 512 2716 alterum,
539 2670 627 2719 per
647 2656 958 2722 salutemfilii
979 2659 1087 2717 mei,
1112 2660 1338 2721 utfacias

272 2733 320 2781 id
340 2736 463 2797 quod
486 2739 536 2783 te
573 2749 718 2797 rogo.-
748 2736 929 2799 itaque
963 2738 1206 2804 subjungi
1242 2741 1338 2806 ait,

272 2811 403 2871 cujus
439 2811 534 2859 tibi
573 2818 744 2874 potest.
781 2816 862 2877 ⁸5⁶·
947 2814 1051 2864 Sed
1094 2817 1334 2869 nimirum

270 2889 520 2950 oratorie,
549 2902 668 2938 cum
699 2894 899 2951 gnatam
921 2891 1210 2944 Chremetis
1231 2896 1336 2944 uni·

269 2979 367 3013 cam
392 2965 733 3029 appellasset,
752 2965 913 3016 filium
939 2983 1085 3019 suum
1118 2973 1337 3037 conjun-

270 3042 363 3104 git,
409 3057 513 3091 non
559 3049 764 3093 tautum
791 3050 870 3094 rut
928 3062 1172 3112 sponsum
1216 3051 1337 3101 olim

268 3125 492 3183 propter
514 3119 734 3170 virtutes
757 3121 897 3171 ultro
928 3122 978 3172 ei
1001 3123 1338 3190 destinatum,

271 3194 358 3244 sed
383 3209 526 3244 nuuc
551 3202 610 3245 ut
632 3197 940 3247 servandum
959 3199 1058 3250 hoc
1082 3204 1338 3252 matrimo-

270 3272 356 3322 nio
378 3288 479 3337 per
495 3272 876 3335 benignitatem
893 3276 1205 3343 Chremetis,
1220 3295 1336 3346 quae

269 3349 351 3398 hic
374 3351 592 3399 omniuo
613 3352 934 3402 attendenda
970 3362 1082 3406 est:
1118 3358 1185 3406 ad
1217 3372 1337 3408 eum

268 3427 403 3475 enim
428 3427 665 3490 loquitur
680 3427 840 3491 Simo,
861 3430 1070 3494 quinon
1094 3448 1338 3497 passurus

269 3512 427 3566 esset,
454 3503 611 3554 amici
642 3503 803 3554 filium
834 3509 1113 3572 corrumpi.
1157 3512 1337 3562 Boecle-

331 3663 365 3708 9
404 3657 558 3718 Cuius
576 3652 669 3706 tibi
684 3661 895 3720 poteslas
917 3674 1099 3711 summa
1116 3664 1340 3713 servandi

268 3736 436 3799 datur]
472 3735 541 3784 In
566 3740 661 3783 tua
681 3739 762 3784 est
783 3734 951 3800 inquit
972 3744 1255 3803 potestate,
1285 3747 1343 3790 et

269 3821 390 3862 tuus
414 3819 534 3862 est:
569 3812 684 3861 haec
709 3826 834 3875 ergo
857 3812 1107 3863 obtestatio
1129 3815 1342 3881 dicitur,

270 3903 387 3938 cum
414 3903 516 3953 per
538 3903 628 3937 eas
653 3902 736 3936 res
764 3887 1065 3952 adJuramus
1096 3893 1343 3956 aliquem,

270 3965 334 4013 de
360 3964 552 4028 quibus
586 3963 761 4024 agitur
795 3978 962 4014 causa.
1029 3966 1122 4027 Ut,
1154 3968 1169 3994 ‘
1192 3966 1344 4017 Iliaci

271 4042 499 4102 cineres,
523 4048 578 4087 ct
602 4037 807 4088 flamma
826 4047 1061 4091 extrema
1081 4045 1346 4093 meorum!

275 4117 426 4166 Idem
468 4115 617 4174 alibi,
675 4114 691 4142 ‘
721 4116 827 4165 Per
888 4131 1086 4167 eversae
1144 4121 1346 4180 genitor

272 4192 533 4241 fumantia
576 4191 751 4255 Trojae
793 4193 1030 4257 Excidia‚
1071 4195 1347 4246 obtestor!

277 4266 523 4318 Donatus.
815 4266 816 4269 ’

339 4350 403 4395 10
445 4345 517 4394 Ue
536 4343 721 4407 nuptia
735 4345 937 4404 fuerant
960 4346 1165 4410 futuroe,
1186 4350 1346 4419 fiant]

2297 414 2472 481 1109

1413 575 1653 638 Breviter
1691 582 1747 624 et
1786 576 1990 630 Latine.
2068 575 2137 624 Et
2172 555 2269 625 boc
2306 589 2470 638 genus

1411 647 1798 714 compositionis
1824 659 2027 701 veteres
2053 665 2154 701 non
2180 651 2471 703 mutabant.

1416 728 1566 776 Idem.

1479 806 1558 855 Ne
1596 821 1668 855 me
1699 805 1910 869 obsecra]
1946 807 2073 865 Pro,
2109 821 2174 856 ne
2212 806 2473 859 obsecres.

1412 882 1441 910 ³
1477 901 1547 931 τω
1591 890 1876 944 εληνΑΟμΟΝ
1928 885 2271 934 ΜδλιΝΑΝΕΚ
2317 889 2472 934 Emu-

1411 965 1637 1009 MACOR.
1683 961 1932 1026 (Fortasse
1964 975 1995 1008 a
2035 974 2146 1010 vero
2193 976 2284 1009 non
2322 961 2476 1024 obest,

1409 1037 1452 1084 si
1471 1038 1676 1099 legata,
1703 1038 1774 1098 τῷ
1794 1036 2080 1099 ἑλλψισμῷ·
2128 1036 2207 1096 Μὴ
2237 1036 2472 1102 λιτάνευε,

1407 1112 1473 1174 μὴ
1501 1111 1704 1175 μάχου.)
1743 1113 1887 1163 Idem.

1478 1195 1538 1239 ll
1575 1191 1654 1239 Ne
1683 1205 1756 1239 me
1784 1189 1996 1255 obsecra]
2031 1191 2150 1240 Vox
2174 1191 2330 1253 plena
2352 1191 2472 1241 cha-

1412 1265 1581 1316 ritatis
1598 1276 1650 1316 et
1667 1266 1841 1329 officii,
1861 1255 2038 1345 rigi-um
2061 1268 2156 1317 sub
2177 1269 2274 1318 hac
2296 1266 2474 1318 condi-

1412 1343 1571 1401 tione,
1611 1343 1817 1409 siquod
1844 1345 2043 1408 petitur
2071 1344 2276 1408 justum
2311 1344 2381 1394 sit
2416 1351 2473 1394 et

1411 1433 1476 1468 ex
1502 1435 1652 1484 aequo
1675 1421 1801 1470 utile
1822 1420 2045 1486 utrique.
2078 1421 2363 1470 Famubius.

1477 1503 1539 1547 12
1575 1498 1729 1554 Quasi
1756 1500 1842 1548 hoc
1873 1504 1922 1548 te
1950 1501 2125 1548 orando
2158 1514 2190 1547 a
2219 1514 2294 1548 me
2324 1500 2470 1563 impe-

1409 1578 1541 1622 trare
1571 1575 1808 1638 oporteat]
1844 1574 1978 1625 Haec
2012 1575 2169 1638 plena
2190 1589 2291 1624 vox
2313 1583 2397 1625 est
2419 1582 2473 1626 et

1411 1650 1679 1700 charitatis
1714 1660 1771 1700 et
1792 1649 1984 1701 officii:
2017 1652 2154 1717 quod
2177 1652 2313 1702 enim
2344 1654 2470 1702 ami-

1410 1742 1502 1776 cus
1542 1727 1608 1777 ab
1630 1729 1796 1778 amico
1835 1728 1990 1793 petit,
2000 1728 2203 1792 justum
2241 1743 2357 1779 esse
2380 1729 2471 1781 de·

1411 1803 1521 1861 bet,
1544 1818 1643 1853 nee
1666 1819 1760 1868 pro
1783 1820 1846 1854 eo
1870 1806 2008 1870 quod
2043 1820 2146 1855 non
2166 1814 2248 1856 est
2270 1808 2473 1871 justum

1412 1882 1711 1946 supplicare
1735 1890 1963 1947 oportet.
1995 1884 2236 1935 Donatus.

1477 1963 1541 2008 13
1575 1959 1742 2008 Alium
1763 1974 1861 2009 esse
1890 1974 2044 2010 censes
2072 1976 2194 2010 nunc
2224 1977 2300 2011 me
2328 1967 2471 2026 utque

1409 2036 1541 2096 olim,
1575 2050 1680 2084 cum
1713 2034 1904 2099 dabam]
1941 2036 2062 2086 Non
2093 2051 2349 2100 personae,
2377 2036 2472 2087 sed
2494 2073 2509 2082 f

1411 2114 1486 2161 rei
1511 2113 1742 2162 conditio
1765 2120 1848 2162 est
1869 2119 2202 2163 commutata.
2238 2114 2387 2162 Idem.

1479 2190 1631 2251 Olim,
1672 2205 1778 2238 cum
1825 2188 2018 2252 dabam]
2069 2189 2191 2239 Nou
2233 2187 2474 2252 dicimus,

1409 2282 1516 2316 cum
1554 2268 1731 2316 darem.
1782 2265 2053 2330 Virgilius,
2083 2268 2099 2294 ‘
2117 2265 2253 2315 Tum
2273 2264 2473 2327 decuit,

1411 2361 1530 2397 cum
1550 2354 1763 2410 sceptra
1775 2345 1953 2395 dabas.
2002 2347 2083 2395 En
2106 2344 2297 2395 dextra
2318 2342 2473 2393 fides·

1411 2422 1549 2491 que.’
1614 2425 1685 2474 Et
1705 2430 1828 2475 nota
1848 2422 1960 2473 olim
1981 2438 2076 2488 pro
2100 2435 2284 2486 nuper.
2319 2422 2476 2470 Idem.

1478 2507 1539 2552 14
1574 2502 1634 2553 δι’
1655 2502 1708 2552 in
1726 2517 1827 2553 ren
1846 2507 1917 2552 est
1939 2499 2152 2565 utrique]
2181 2500 2255 2561 Τῷ·
2275 2496 2474 2563 δευτέρᾳ

1410 2582 1718 2642 συλλογισμῷ·
1748 2594 1910 2643 prave
1932 2577 2225 2642 proposuit,
2246 2582 2306 2625 ut
2327 2583 2474 2626 recte

1410 2658 1711 2721 replicaret.
1777 2656 1883 2706 Hic
1912 2654 2240 2719 syllogismus
2274 2652 2476 2715 negati·

1411 2750 1504 2784 vus
1526 2734 1747 2784 dicitur:
1784 2747 1905 2782 nam
1928 2733 1980 2782 in
2002 2731 2233 2781 secundo
2262 2726 2474 2789 ahmam*

1411 2818 1568 2873 negat
1592 2809 1731 2876 quod
1751 2810 1895 2875 prius
1918 2808 2072 2858 dixit.
2113 2806 2266 2855 Idem.
2311 2831 2317 2837 -

1475 2887 1535 2938 Si
1555 2888 1608 2936 in
1627 2902 1731 2936 rem
1748 2890 1819 2936 est
1834 2882 2047 2948 utrique]
2078 2881 2164 2933 Ab
2183 2882 2301 2934 utili
2323 2896 2475 2945 argu·

1413 2973 1666 3015 mentum.
1733 2961 1972 3026 Uterque
2015 2959 2218 3009 duobus
2256 2965 2478 3008 constat.

1417 3044 1564 3092 Bene
1580 3042 1789 3105 utrique,
1806 3039 1930 3088 mihi
1951 3045 2008 3088 et
2033 3037 2161 3087 tibi:
2186 3051 2306 3100 non,
2324 3037 2478 3086 alteri

1414 3122 1564 3183 utile,
1592 3119 1747 3169 alteri
1769 3116 1968 3165 inutile.
2001 3114 2152 3162 Idem.

1480 3197 1539 3246 Sa·
1576 3196 1629 3245 in
1665 3209 1767 3244 rem
1800 3197 1873 3241 est
1910 3188 2121 3253 utrique]
2154 3188 2243 3238 Ita
2274 3187 2479 3252 antiqui

1415 3272 1534 3324 libri
1556 3279 1617 3322 ut
1641 3271 1693 3320 iu
1718 3271 1957 3332 vulgata:
1994 3265 2226 3316 nonnulli
2248 3279 2390 3323 vero,
2423 3271 2481 3313 et

1413 3364 1534 3400 cum
1558 3348 1621 3397 iis
1645 3347 1900 3406 Donatus,
1921 3343 1974 3392 iu
1991 3357 2078 3392 ree
2113 3355 2238 3392 sane
2261 3347 2317 3391 et
2339 3340 2478 3404 apud

1417 3432 1675 3486 auctores,
1694 3421 1784 3471 ubi
1818 3421 1870 3469 iu
1902 3418 2169 3483 impressis
2190 3417 2344 3467 estin
2364 3433 2482 3481 vens,

1417 3502 1532 3553 fere
1554 3499 1786 3565 reperias
1805 3497 1860 3548 iu
1880 3495 2115 3559 scriptis,
2141 3495 2195 3546 in
2219 3509 2291 3544 re.
2323 3493 2481 3544 Faer-

1412 3596 1528 3631 uus.

1482 3663 1544 3709 16
1581 3653 1821 3706 Sedsiex
1842 3666 1898 3717 ea
1926 3648 2005 3713 re]
2036 3648 2100 3698 Id
2137 3654 2240 3709 est,
2273 3645 2482 3712 nuptia-

1416 3751 1567 3786 rum:
1600 3731 1827 3783 mutavit
1862 3741 2149 3788 numerum,
2186 3739 2255 3774 ex
2291 3722 2482 3789 plurali

1417 3812 1752 3875 singularem,
1773 3806 1943 3868 Fiunt,
1963 3810 2019 3853 et
2039 3802 2192 3852 Exeu
2207 3816 2276 3852 re.
2301 3799 2481 3851 Dona-

1419 3895 1523 3939 tus.

1487 3969 1552 4014 16
1590 3962 1809 4026 Utrique,
1829 3960 1883 4009 id
1901 3971 1984 4007 oro
2011 3962 2061 4008 te
2091 3956 2143 4004 in
2168 3966 2407 4003 commuue
2426 3955 2484 4000 ut

1417 4042 1656 4106 consulas]
1681 4043 1751 4092 O.
1774 4041 1810 4090 l.
1833 4055 1875 4090 ε.
1895 4039 1947 4088 id
1984 4042 2034 4087 tc
2059 4050 2140 4084 oro
2160 4033 2359 4083 habent
2376 4048 2392 4081 x
2429 4030 2484 4079 id

1421 4128 1468 4171 te
1508 4136 1588 4169 oro
1632 4127 1808 4169 autem
1851 4129 1952 4165 non
1993 4111 2086 4162 fiet
2130 4107 2430 4175 synaloepha
2466 4122 2482 4155 ε

1421 4197 1561 4264 quod
1601 4211 1723 4247 vero
1763 4193 2018 4258 sequitur,
2055 4189 2296 4237 Donatus
2334 4184 2487 4250 legit,

1423 4275 1473 4324 in
1495 4287 1732 4323 commune
1753 4270 1937 4320 consule
1951 4284 1967 4315 .-
1986 4263 2121 4328 quod
2158 4261 2300 4326 parvi
2320 4261 2485 4315 refert

1425 4358 1550 4402 utro
1568 4350 1720 4399 modo
1740 4347 1961 4397 dicatur.
1987 4340 2210 4392 Faiimm.

1409 431 1574 478 AG'r.
1624 429 1736 477 111.
1783 430 1888 478 SC.
1939 431 2053 477 111.
