3035 4941
860 450 1223 519 TEREN'rn
1272 451 1558 500 PHORM.
1603 451 2018 501 PROLOGUS.

334 598 422 660 iit,
443 594 1009 660 Epidicumnenedicta
1038 603 1139 661 est,
1176 597 1400 661 apuella

338 675 409 725 de
441 689 546 739 qua
573 673 831 738 judicium
870 683 992 726 est:
1026 690 1182 742 quum
1206 675 1274 724 sit
1298 675 1399 724 alia

335 751 758 816 Epidicazomenos
798 752 1035 816 ejusdem
1075 751 1398 816 Apollodori.

310 827 546 879 ‘Debuit
579 841 709 892 ergo
754 827 934 879 dicere
979 828 1399 892 Epidicazomenen

332 905 556 956 Graece.
576 906 731 956 Idm.

398 978 807 1043 Ἦτιδικαζόμενον
835 997 975 1045 quam
1012 987 1178 1033 vocant
1219 982 1399 1032 Comoe·

264 1082 270 1092 -
333 1057 490 1122 dium]
507 1054 769 1108 Defendit
788 1063 975 1107 contra
990 1057 1250 1108 Donatum
1267 1057 1399 1108 hauc

333 1132 620 1184 lectionem
636 1132 893 1198 Guyetus‚
911 1147 1062 1197 quem
1078 1133 1216 1183 vide.
1253 1133 1398 1183 Boecl.

401 1206 811 1272 Ἐπιδικαζόμενον
843 1224 982 1274 quam
1012 1215 1183 1260 emat
1214 1210 1401 1274 Gra-oi]

334 1285 424 1337 Ita
440 1284 582 1336 enim
604 1293 907 1350 comparata
938 1300 1021 1336 res
1056 1293 1158 1348 est,
1192 1292 1252 1336 ut
1295 1286 1401 1337 dis·

333 1360 623 1427 quisitione
658 1377 791 1426 opus
823 1362 1030 1426 habeat,
1071 1369 1294 1427 propter
1314 1378 1400 1414 ca·

114 1475 125 1485 .
212 1454 227 1465 ‚
334 1436 586 1488 lumniam
608 1437 965 1502 excerptoris:
998 1437 1101 1504 (sic
1124 1442 1247 1489 eum
1272 1453 1400 1490 voco

333 1513 429 1578 qni
444 1511 597 1563 ‘nobis
618 1513 890 1564 Donatum
913 1519 1020 1565 tam
1035 1514 1243 1577 misere,
1268 1522 1398 1566 tam-

336 1604 443 1656 que
476 1590 721 1655 imperite
759 1591 1022 1643 mutilavit
1041 1590 1082 1658 z)
1125 1593 1201 1643 sic
1231 1593 1398 1658 loqui-

335 1675 458 1717 tur:
495 1666 631 1719 ‘Hic
655 1667 969 1732 manifeste‚'
995 1673 1109 1720 &cc
1133 1670 1268 1722 Haec
1292 1671 1399 1723 ille.

337 1749 398 1794 at
427 1749 527 1808 ego
547 1743 648 1794 boc
672 1745 798 1805 satis
819 1746 924 1796 scio
947 1763 960 1797 τ
988 1747 1033 1796 si
1054 1747 1153 1798 iste
1175 1753 1399 1812 nugator

333 1816 495 1875 hodie
539 1820 761 1885 viveret,
799 1823 938 1887 apud
982 1824 1234 1887 Reginam
1280 1824 1397 1874 Mo·

337 1896 475 1955 riam
513 1897 788 1949 codicillos
831 1899 1073 1950 belluinae
1110 1901 1397 1955 nobilitatis

336 1973 617 2038 obtineret,
641 1979 696 2024 et
716 1989 782 2025 ex
801 1974 1055 2026 beneficIo
1083 1981 1242 2027 tantae
1262 1977 1396 2041 regi-

334 2063 443 2113 nae,
495 2049 699 2100 etiamsi
752 2051 968 2102 baberet
1028 2053 1397 2116 competitores

334 2132 591 2192 quantum
604 2141 744 2183 nunc
764 2126 1024 2179 fatuorum
1048 2129 1145 2179 sub
1162 2130 1272 2181 sole
1294 2135 1397 2195 est,

336 2217 428 2254 eos
461 2218 638 2255 omnes
662 2207 816 2269 longe
841 2212 957 2270 post
980 2220 1036 2256 se
1059 2206 1396 2272 relinqueret.

334 2280 478 2332 Nam
498 2281 582 2331 cui
599 2281 811 2333 tandem
826 2283 1017 2335 homini
1033 2290 1157 2333 nato
1175 2283 1269 2334 fiat
1286 2298 1398 2348 ere·

335 2355 520 2421 dibile,
539 2358 861 2424 Terentium,
899 2359 1215 2424 Scipionem,
1246 2362 1398 2411 Laeli-

332 2447 446 2493 nm.
466 2435 583 2500 ejus
596 2435 756 2500 ipsius
775 2435 988 2487 Fabulae
1007 2450 1193 2487 nomen
1210 2436 1400 2487 nescis·

338 2525 419 2575 se,
437 2526 588 2576 quam
606 2512 720 2574 ipse
740 2513 825 2563 vel
847 2513 946 2578 ipsi
961 2512 1267 2563 vertendam
1291 2527 1401 2564 sus·

338 2587 640 2652 cepissent?
683 2587 864 2639 Istbuc
902 2603 968 2639 ne
1001 2590 1054 2640 in
1076 2590 1397 2640 cucurbitam

336 2666 549 2730 quidem
583 2665 787 2716 Claudii
820 2666 1008 2717 cadere
1049 2667 1229 2732 possit.
1293 2666 1399 2717 Sed

332 2750 401 2793 'ut
423 2742 532 2794 dixi
546 2742 719 2806 modo,
734 2743 914 2794 literas
941 2743 1156 2795 Graecas
1177 2744 1265 2795 hic
1297 2759 1398 2795 non

334 2818 545 2888 Μῦθος
577 2834 736 2885 quare
760 2818 827 2869 de
847 2820 928 2869 bis
951 2820 1095 2872 alias.
1159 2821 1288 2875 Tum
1308 2836 1398 2871 ex-

335 2894 566 2959 plicabo,
587 2896 633 2946 si
647 2896 800 2960 copia
822 2896 942 2946 mibi
955 2895 1135 2961 fuerit,
1150 2897 1274 2963 quid
1290 2904 1400 2947 tan-

339 2971 462 3022 dem
479 2972 687 3023 errandi
718 2987 925 3028 causam
959 2974 1244 3038 praebuerit
1277 2974 1398 3025 huic

339 3049 594 3113 pulmoni.
627 3049 801 3099 Faber.

406 3129 468 3176 2⁰7
498 3123 694 3176 ‘Latini
745 3128 1083 3179 Phormionem
1135 3128 1401 3193 nominant]

337 3201 535 3269 Φόρμιόν
553 3204 836 3269 tegiculum
855 3205 1037 3258 dicunt
1069 3206 1263 3269 Graeci,
1297 3222 1400 3273 quo

336 3281 650 3331 insternitur
669 3283 1017 3347 pavimentum
1046 3302 1059 3332 z
1079 3283 1216 3336 unde
1234 3285 1400 3334 Phor-

338 3361 449 3411 mio
476 3368 736 3425 correpta
785 3362 954 3427 prima
1005 3362 1207 3427 syllaba
1261 3363 1402 3427 apud

338 3437 723 3502 Apollodorum
744 3444 840 3489 est.
896 3440 1025 3503 ‘Non
1066 3453 1190 3503 ergo
1235 3456 1264 3488 a
1297 3439 1399 3489 for-

338 3515 501 3573 mula,
528 3520 590 3565 ut
621 3514 828 3579 quidam
854 3522 1059 3580 putant,
1083 3515 1275 3565 dictum
1299 3522 1400 3567 est.

334 3590 484 3654 Ergo
522 3590 642 3658 inde
678 3592 949 3655 parasitus,
989 3592 1244 3641 vilissimae
1278 3600 1401 3642 con-

339 3666 559 3719 ditionis
599 3667 772 3732 homo,
806 3683 994 3719 nomeu
1039 3670 1263 3733 accepit.
1305 3670 1404 3718 Do·

341 3750 506 3795 natus.

407 3824 473 3871 28
512 3821 641 3877 Quia
651 3821 833 3885 primus
850 3828 1010 3885 partes
1029 3823 1113 3886 qui
1132 3821 1266 3885 aget]
1294 3823 1404 3872 Pri-

335 3913 450 3949 mas
470 3911 625 3958 nunc,
655 3898 902 3947 maximas
926 3899 991 3947 ad
1017 3905 1242 3948 actorem
1266 3899 1404 3949 enim

342 3973 528 4030 retulit
561 3972 764 4035 Cicero,
794 3973 811 4001 ‘
839 3973 993 4037 Saepe
1017 3973 1158 4021 illum
1197 3975 1284 4037 qui
1321 3981 1406 4025 est

337 4048 686 4101 secundarum
719 4054 812 4099 aut
833 4050 1103 4099 tertIarum
1142 4050 1405 4114 partium?

344 4127 503 4177 Idem.

410 4200 640 4251 Phormio
650 4201 920 4268 parasitus]
954 4198 1009 4251 'Si
1031 4217 1061 4250 a
1084 4200 1303 4252 formula
1324 4218 1403 4253 es-

346 4288 431 4331 set
453 4294 643 4330 nomen
661 4280 945 4343 comoediae,
968 4280 1180 4344 primam
1216 4281 1402 4345 produ·

346 4372 587 4412 ceremus
611 4357 892 4423 syllabam:
928 4358 970 4407 si
1010 4371 1041 4408 a
1074 4357 1406 4425 Phormione,

2362 415 2560 500 1605‘

1477 596 1746 661 corripere
1767 596 2037 648 debemus.
2059 594 2210 646 Idem.

1539 677 1606 723 29
1661 672 1764 723 Per
1806 687 1942 736 quem
1979 685 2058 721 res
2092 671 2259 733 agitur
2303 669 2534 736 maxime]

1477 748 1617 800 Quia
1638 749 1816 813 primas
1835 756 2014 812 partes
2035 747 2195 798 etiam
2217 745 2360 796 aliud
2375 747 2535 811 signi·

1471 822 1652 876 ficant.
1670 840 1773 876 non
1794 838 1920 889 ergo
1938 838 2076 876 nunc
2111 823 2333 887 primum
2357 829 2535 875 actum

1473 902 1624 962 dicit,
1660 903 1753 954 sed
1788 916 2011 952 summas
2043 907 2240 966 partes.
2306 900 2377 950 Et
2399 899 2534 950 bene

1470 981 1709 1029 maxime:
1743 979 1864 1045 quia
1885 985 1940 1028 et
1956 992 2051 1043 per
2066 978 2208 1028 alios.
2250 975 2403 1026 Idem.

1541 1060 1606 1104 30
1647 1055 1876 1106 Voluntas
1901 1060 2062 1104 vostra
2084 1055 2215 1104 siud
2235 1051 2437 1102 Poe'tum
2454 1066 2535 1101 ae·

1473 1131 1687 1190 cesserit,
1717 1133 1829 1181 date
1862 1129 2073 1194 operam]
2109 1130 2171 1180 Si
2210 1129 2425 1179 uoluntas
2455 1144 2536 1178 uc-

1474 1208 1699 1258 cesserit.-
1732 1221 1846 1273 pro,
1868 1208 1911 1257 si
1933 1206 2183 1258 faveritis.
2208 1220 2339 1256 nove
2357 1207 2433 1257 sic
2452 1220 2534 1256 vo·

1474 1285 1724 1347 laneam,
1739 1298 1834 1349 pro
1851 1283 2034 1334 favore
2057 1282 2224 1348 ponit.
2259 1282 2408 1333 Ideni.

1541 1366 1606 1410 ³1
1652 1362 1836 1411 Adeste
1872 1376 2004 1424 oequo
2044 1359 2225 1422 animo]
2273 1359 2442 1409 Favor
2480 1359 2535 1410 in

1475 1438 1731 1488 comoedia
1775 1438 2036 1488 silentium
2075 1435 2390 1500 spectatoris
2432 1443 2534 1487 est.

1474 1516 1648 1569 Recte
1671 1532 1801 1581 ergo
1822 1517 1970 1568 addit
1988 1517 2345 1582 persilentium.
2365 1514 2535 1566 Idem.

1538 1595 1696 1658 AEquo
1715 1593 1895 1657 animo]
1933 1595 2088 1646 Nunc
2112 1591 2398 1658 propositio
2432 1599 2535 1643 est.

1539 1752 1605 1798 32
1638 1748 1720 1798 Ne
1752 1748 1904 1798 simili
1935 1753 2127 1798 atomi·
2155 1747 2361 1807 fortuna
2395 1751 2534 1809 atqu

1472 1824 1551 1874 usi
1569 1824 1756 1888 sumus]
1792 1827 1876 1876 Ne
1899 1824 2150 1889 populum
2172 1823 2411 1887 laederet,
2432 1822 2537 1873 for·

1473 1908 1654 1951 tunam
1676 1901 1858 1951 maluit
1878 1914 2141 1951 accusare.
2174 1900 2325 1954 Iam.
2521 1962 2526 1963 ⁷

1538 1980 1603 2026 83
1640 1977 1796 2033 Quum
1812 1992 1902 2040 per
1934 1977 2187 2027 tumultum
2206 1973 2392 2038 noster]
2423 1972 2535 2038 Ap·

1474 2061 1629 2118 paret
1670 2054 1937 2119 Hecyram
1981 2059 2106 2104 ante
2165 2053 2535 2103 Phormionem

1464 2136 1645 2182 actam
1668 2145 1812 2181 esse:
1839 2131 1925 2181 cui
1942 2129 2229 2194 contigitid
2247 2129 2394 2195 quod*
2409 2142 2535 2194 que·

1473 2208 1610 2260 ritur
1628 2210 1875 2274 populum
1901 2209 2266 2271 subaccusans.
2306 2208 2455 2258 Idem.

1541 2286 1723 2336 Noster
1740 2300 1869 2348 grex
1887 2289 2042 2335 motus
2055 2286 2154 2334 loeo
2169 2285 2263 2348 est]
2297 2287 2313 2314 ⁴
2332 2285 2538 2349 Locus,’

1471 2370 1557 2414 est
1572 2363 1874 2413 distributio
1889 2370 2200 2427 temporum,
2218 2378 2332 2428 quae
2349 2363 2540 2429 cuique

1470 2441 1528 2492 in
1545 2434 1903 2507 spectaculum
1930 2448 2150 2492 venturo
2180 2439 2539 2494 attribuuntur

1471 2518 1538 2568 ab
1560 2518 1831 2569 AEdilibus.
1872 2518 2026 2567 Unde
2042 2518 2140 2567 loco
2157 2522 2310 2568 motus
2326 2517 2539 2581 dicitur,

1472 2597 1561 2661 qui
1602 2611 1721 2647 suas
1755 2597 1907 2647 boras
1941 2609 2046 2645 noo
2074 2591 2356 2646 obtinuerit
2395 2592 2537 2643 inter

1472 2672 1829 2744 precedentes
1853 2678 1910 2724 et
1943 2679 2330 2723 consecuturos.
2393 2670 2537 2733 Ergo

1472 2750 1707 2814 proprie.
1759 2749 1848 2800 Sic
1883 2756 1940 2800 et
1980 2749 2189 2812 Cicero,
2229 2749 2245 2776 ‘
2268 2749 2411 2799 Loco
2446 2747 2535 2796 ille

1470 2834 1646 2878 motus
1668 2832 1770 2891 est,
1794 2841 1950 2893 quum
1974 2833 2058 2877 est
2080 2840 2146 2876 ex
2170 2826 2298 2876 urbe
2319 2822 2537 2889 pulsus!

1473 2903 1628 2954 Idem.

1503 2983 1605 3029 34
1664 2980 1819 3037 Quem
1862 2977 2039 3029 actoris
2080 2977 2261 3067 virtus]
2327 2977 2535 3042 Ubique

1471 3056 1652 3106 laudat
1669 3062 1921 3106 actorem.
1939 3062 2020 3105 est
2039 3054 2173 3105 enim
2186 3053 2369 3152 Poetae
2389 3054 2536 3106 utile.

1473 3131 1628 3182 Idem.
2433 3149 2436 3153 ’

1543 3208 1697 3264 Quem
1733 3208 1909 3258 actoris
1940 3209 2121 3274 virtus]
2169 3208 2275 3261 Qui
2297 3209 2535 3260 exclusus

1474 3287 1654 3351 toties,
1708 3286 1933 3336 animum
1974 3299 2078 3335 non
2118 3285 2390 3350 abjecerit,
2440 3284 2534 3336 sed

1475 3363 1895 3428 perseveraverit
1953 3376 2125 3464 agere.
2184 3362 2306 3412 ideo
2361 3361 2534 3416 virtue.

1475 3440 1645 3496 Idem.

1540 3515 1781 3567 Restituit
1802 3514 1974 3577 locum]
2006 3515 2153 3565 Bene
2192 3514 2440 3578 repetivit
2460 3516 2536 3566 lo-

1473 3607 1612 3651 cum,
1649 3599 1707 3642 ut
1744 3589 2033 3654 ἀμφιβολίαν
2055 3591 2273 3642 vitaret:
2312 3607 2379 3641 ne
2401 3607 2536 3656 quem
2583 3647 2586 3650 ,

1475 3670 1730 3720 tumultum
1760 3670 1934 3718 dicere
1956 3668 2241 3719 videretur.
2276 3669 2426 3721 Idem.

1540 3751 1602 3795 36
1641 3746 1929 3809 Bonitasque
1949 3750 2109 3796 vestra
2131 3746 2375 3811 adiutans,
2397 3752 2535 3811 atque

1474 3821 1831 3886 equanimilas]
1867 3821 2076 3871 Bonitas
2096 3823 2146 3871 in
2171 3821 2408 3874 omnib‘us
2445 3838 2534 3886 ge-

1476 3900 1723 3950 neraliter
1746 3899 1902 3948 rebus
1943 3905 2051 3948 est:
2097 3900 2447 3962 AEquanimitas
2481 3903 2536 3951 in

1476 3976 1782 4041 spectando.
1850 3974 1932 4023 Αιι
1956 3974 2139 4023 bonitas
2162 3976 2213 4022 iu
2254 3974 2534 4038 probandis

1475 4050 1555 4100 bis
1594 4065 1710 4117 quae
1750 4050 1887 4100 bona
1923 4058 2061 4114 sunt,
2098 4050 2451 4113 AEquanimitas
2480 4052 2535 4102 iu

1476 4126 1822 4191 agnoscendis
1845 4124 1983 4174 vitiis
2005 4133 2161 4189 atque
2178 4125 2418 4177 delictis?
2451 4127 2536 4178 An

1472 4201 1769 4264 ταυτολογία
1825 4202 1939 4251 est?
2014 4202 2099 4254 An
2156 4203 2341 4253 bonnas
2392 4204 2537 4255 circa

1473 4297 1676 4410 ιῖιιιιιειε
1693 4281 2049 4347 AEqudnimitus
2056 4282 2196 4333 circa
2207 4284 2504 4335 Terentium
2519 4285 2540 4337 ἒ

1506 4360 1629 4410 dem.
