3035 4941
757 379 1118 434 'rnRssN‘rn
1158 379 1453 442 pamm.
1497 375 1662 437 Aer.
1711 389 1821 441 ιιι.
1868 392 2103 443 sc.·11.

341 522 496 576 trium
521 523 897 578 Comoediarum
920 528 1213 595 interpreti.
1288 532 1392 581 Ve-

341 601 453 651 rum
464 602 665 666 jamdiu
696 611 777 654 est
800 619 916 655 cum
950 606 1259 657 sententiam
1284 622 1390 657 mu-

341 679 651 746 tavi,neque
675 681 803 732 adeo
829 685 1069 747 poenitet.
1099 687 1229 735 Rem
1253 686 1390 735 enim

340 756 386 804 si
425 757 675 807 attentius
731 760 1045 824 consideres,
1084 762 1156 812 nil
1202 762 1392 812 mutari

339 842 584 897 oportere
605 837 998 888 animadvertes.
1037 842 1166 906 Eam
1190 854 1297 889 rem
1317 839 1392 889 ita

340 910 626 976 explicabo,
661 920 722 964 ut
759 917 1037 981 perspicua
1068 917 1181 979 fiat,
1218 932 1388 981 spero.

339 985 395 1036 Si
415 986 646 1053 Antipho
669 991 771 1041 alia
787 993 1025 1056 quapiam
1057 993 1240 1043 leviori
1273 994 1392 1043 soli·

339 1063 571 1113 citudine
619 1068 939 1131 praepeditus
977 1068 1180 1133 fuisset,
1224 1083 1393 1119 nonne

339 1138 633 1190 Pbaedriam
673 1142 914 1206 adjutare
945 1145 1236 1207 potuisset?
1262 1143 1392 1209 Opi·

336 1224 448 1268 nor.
474 1225 542 1269 at
563 1220 750 1270 nullam
770 1222 962 1272 habere
986 1223 1275 1288 graviorem
1299 1239 1388 1288 po·

339 1302 478 1347 terat
499 1299 935 1364 etmolestiorem,
960 1304 1112 1367 quam
1138 1317 1252 1369 quae
1288 1304 1389 1375 ipsi

337 1387 370 1423 e
384 1376 578 1439 nuptiis
589 1376 873 1434 oriebatur.
890 1380 1052 1429 Dolet
1065 1380 1222 1445 igitur
1238 1381 1390 1430 Phae·

336 1449 451 1500 dria
466 1451 564 1502 hoc
596 1454 717 1503 mali
739 1468 802 1504 eo
834 1455 1205 1521 sibi-tempore
1237 1458 1389 1508 obor-

338 1533 448 1577 tum
469 1527 603 1592 esse,
638 1544 739 1594 quo
757 1525 952 1581 nullam
985 1534 1160 1583 auxilii
1183 1532 1388 1599 copiam

340 1603 407 1654 ab
428 1601 726 1668 Antiphone
746 1619 960 1671 sperare
979 1610 1163 1674 possit,
1196 1613 1390 1677 quippe

337 1677 426 1745 q‘ui
470 1680 613 1730 aliud
648 1683 810 1746 magis
845 1699 911 1733 ex
945 1700 1058 1736 sese
1094 1687 1302 1745 habeat,
1334 1696 1392 1739 et

333 1756 514 1821 majus.
550 1757 753 1808 Gallice
790 1759 953 1811 fusius
994 1763 1394 1829 interpretarer,

336 1832 417 1897 Si,
439 1849 509 1884 ou
527 1834 696 1898 moins,
715 1841 839 1886 cette
858 1836 1033 1901 affaire
1053 1854 1127 1887 me
1155 1839 1265 1900 fust
1285 1855 1390 1890 sur-

333 1926 480 1962 vemoe
499 1914 619 1963 dans
638 1928 704 1961 un
727 1918 875 1982 temps
890 1918 952 1963 ou
974 1917 1217 1980 Antiphon
1238 1917 1391 1969 n'eust

328 2002 420 2052 pm
438 1988 539 2039 est&
567 1979 855 2039 enibwaose
890 2006 1062 2042 comme
1100 1993 1142 2042 il
1171 2000 1244 2044 est
1276 2010 1388 2059 prc-

331 2068 608 2127 sentement,
668 2066 707 2112 il
743 2063 963 2115 m’auroit
995 2067 1093 2118 tire
1132 2072 1192 2119 de
1214 2071 1355 2133 peine
1369 2086 1387 2121 .·

333 2140 468 2190 Mais
494 2155 613 2203 pour
650 2141 843 2204 l'heure,
877 2143 917 2191 il
946 2159 1006 2193 ne
1040 2144 1167 2214 scuit
1191 2147 1250 2196 de
1281 2149 1389 2211 quel

331 2216 460 2267 oost6
473 2232 524 2267 se
553 2223 750 2267 warner
762 2234 783 2277 ;
822 2218 1012 2280 ainsije
1030 2235 1089 2270 ne
1104 2221 1216 2285 puis
1233 2227 1386 2273 otten-

331 2294 418 2343 are
439 2309 590 2344 aucun
619 2310 805 2345 secows
843 2298 902 2345 de
933 2312 989 2346 sa
1004 2303 1118 2360 port
1133 2315 1150 2347 .·
1197 2300 1246 2349 Il
1265 2300 1388 2351 n'est

331 2370 588 2420 nument
618 2377 822 2422 euertat
857 2374 916 2422 de
948 2376 1230 2435 meservir,·
1265 2379 1389 2439 etje

331 2460 394 2496 ne
415 2448 526 2510 puis
555 2463 643 2512 pus
664 2447 757 2499 l’en
775 2449 989 2501 solicite!-
1019 2451 1399 2505 mmmmm..

331 2524 439 2575 Hic
452 2526 595 2576 locus
613 2528 996 2592 elegantissimo
1010 2531 1285 2597 interpreti
1308 2551 1386 2584 sa·

296 2610 304 2624 ·
332 2601 402 2651 tis
432 2604 631 2668 negotii
651 2605 933 2672 facessivit,
952 2616 1008 2658 et
1041 2609 1166 2659 mihi
1187 2610 1386 2678 itidem,

328 2679 539 2730 scilicet
556 2698 573 2742 ;
590 2689 645 2730 at
663 2681 902 2748 Guyetus
917 2684 1030 2734 sine
1051 2687 1188 2735 omni
1206 2688 1384 2739 labore

327 2755 451 2806 binc
474 2770 587 2806 sese
618 2760 858 2823 expedit3
897 2760 987 2811 hos
1022 2775 1200 2814 versus
1224 2765 1381 2816 delet.

348 2930 351 2931 ⁷
398 2912 462 2958 18
496 2909 620 2960 Tum
633 2926 736 2962 esse
755 2913 841 2962 hoc
859 2914 928 2964 mi
944 2913 1166 2976 olefactum
1186 2919 1383 2983 molum]

328 2982 653 3049 Imperfectis
686 2989 852 3039 oratio
889 2998 989 3056 est,
1019 2999 1081 3042 ut
1115 3008 1288 3044 secum
1307 2997 1383 3045 lo-

332 3062 538 3125 quentis
556 3070 611 3113 et
630 3067 918 3128 perturbati
942 3086 954 3115 z
992 3085 1143 3135 quam
1168 3072 1242 3121 ita
1263 3087 1383 3137 sup-

329 3137 504 3200 pleas:
543 3147 701 3204 atque
738 3142 865 3192 illud
903 3158 1109 3209 quoqne
1145 3148 1384 3209 gravissi·

327 3226 468 3262 mum
490 3214 633 3278 mihi,
669 3215 768 3267 hoc
790 3219 978 3268 malum
1000 3220 1122 3270 mibi
1148 3227 1253 3271 tum
1292 3219 1384 3288 poss

330 3288 580 3340 tissimum
614 3292 873 3357 objectum
920 3310 1054 3359 esse,
1104 3293 1187 3348 vel
1232 3301 1384 3350 obve-

328 3365 509 3430 nisse5
550 3383 667 3418 cum
711 3370 944 3434 Antipho
996 3388 1098 3424 non
1149 3374 1385 3426 dissimili

328 3443 677 3497 sollicitudine
698 3446 1049 3502 conflictatur.
1126 3453 1257 3503 Mer.
1289 3454 1384 3504 Ca·

325 3520 575 3573 sunbona.

348 3621 356 3632 ·
394 3600 458 3646 19
495 3599 619 3662 Qui]
642 3600 747 3651 Pro
766 3603 860 3653 cui.
895 3604 1060 3655 Idem.

391 3677 459 3723 20
498 3674 715 3739 Unquam
757 3695 870 3729 um
908 3681 1061 3747 venit]
1109 3683 1256 3750 Opus
1293 3692 1385 3736 aut

327 3764 545 3801 necesse
565 3750 678 3803 fuit.
710 3756 948 3807 Donatus.

390 3831 452 3878 21
489 3828 698 3890 Auribus
741 3837 873 3882 teneo
911 3837 1090 3900 lupum]
1137 3837 1382 3890 Graecum

327 3907 676 3971 proverbium,
696 3911 791 3958 τῶν
825 3908 956 3959 ‹in-&v
987 3911 1084 3975 ἔχω
1114 3914 1200 3964 τὸν
1218 3915 1379 3967 λύκον·

327 3983 426 4035 οὔτ’
445 3982 592 4047 ἔχειν,
613 3987 711 4036 οὔτ’
734 3988 920 4051 ἀφεῖναι
940 3990 1147 4052 δύναμαι.
1180 3994 1332 4045 Idem.

389 4065 454 4111 23
477 4063 641 4125 Ipsum
658 4063 784 4114 istuc
804 4067 922 4115 milui
943 4068 994 4117 in
1014 4069 1099 4117 hoc
1120 4073 1212 4135 est]
1235 4073 1377 4122 Leno

327 4145 540 4203 arrepta
566 4143 834 4193 occasione
867 4158 932 4193 ex
971 4161 1204 4197 sermone
1231 4150 1380 4203 Anti-

323 4215 510 4279 phouis,
528 4234 540 4264 t
572 4218 725 4280 ipsum
750 4220 892 4285 istuc,
931 4223 1116 4289 inquit,
1167 4228 1286 4278 mihi
1306 4231 1381 4280 rin

325 4291 411 4342 hoc
442 4291 735 4362 (Phaedria)
768 4302 857 4350 est.
885 4315 1037 4365 quem
1075 4312 1244 4371 n‘cque
1267 4307 1380 4358 diu·

455 4375 630 4442 Delplz.
652 4384 702 4430 et
722 4380 838 4434 ναν.
856 4376 984 4439 C'las.

1323 4391 1510 4446 Terent.

2350 381 2528 452 1665

1472 531 1576 583 tius
1599 541 1783 585 contra
1794 536 2051 604 ingenium
2068 554 2236 591 meum
2256 539 2411 606 ferre,
2434 559 2524 595 ne·

1470 623 1573 674 qne
1596 626 1721 661 ame
1741 615 1939 664 amoliri
1961 632 2201 681 possum3
2234 620 2308 670 ita
2337 621 2524 672 obtun-

1469 685 1551 737 dit
1572 689 1821 753 rogando.
1856 693 2115 744 Boeclerus.

1537 764 1704 827 Neque
1741 781 1912 830 parum
1956 770 2061 818 leno
2101 772 2217 837 sies]
2257 772 2523 841 Ἔλλειψις.

1471 839 1623 892 deest
1640 842 1796 905 enim,
1819 844 2036 896 vereris?
2071 850 2329 901 Donatus.

1533 920 1597 966 24
1631 918 1863 983 Numquid
1882 922 1959 971 hic
1974 922 2198 988 confecit]
2220 924 2538 978 Absolviturr

1473 992 1813 1060 interrogatio
1849 1004 1971 1048 ante
1995 1007 2211 1065 ‘coeptat
2253 1004 2270 1030 ‘
2294 1003 2378 1053 Ab
2401 1005 2525 1069 quid

1469 1071 1608 1121 istuc
1648 1078 1729 1122 est
1750 1080 1923 1124 autem
1963 1076 2206 1129 Pbaedria
2220 1078 2259 1128 θ’
2289 1082 2524 1147 nunquid

1469 1146 1657 1211 flagitii
1701 1158 1805 1214 est,
1838 1153 1973 1217 quod
1995 1154 2078 1204 hic
2108 1155 2338 1207 confecit
2360 1158 2522 1228 leno?

1469 1226 1726 1279 Boeclerus.

1534 1308 1598 1353 26
1630 1306 1749 1354 AEre
1768 1310 1970 1373 emptam
1982 1307 2086 1371 suo]
2108 1310 2254 1358 Bene
2276 1324 2377 1373 suo,
2397 1325 2520 1375 qua-

1468 1379 1509 1428 si
1533 1379 1599 1430 de
1624 1382 1778 1431 tertia
1800 1398 2036 1447 persona.
2070 1386 2309 1436 Donatus.

1535 1456 1726 1521 Nequeo
1744 1473 1942 1509 exorare
1964 1466 2020 1510 ut
2041 1475 2114 1510 me
2133 1468 2339 1524 maneat,
2358 1469 2406 1512 et
2418 1478 2523 1513 cum

1466 1531 1554 1581 illo
1572 1538 1628 1582 ut
1646 1539 1795 1584 mutet
1813 1536 1990 1601 fidem]
2037 1537 2102 1586 'rb
2124 1545 2311 1590 manent
2334 1554 2524 1604 expec-

1470 1608 1614 1658 tandi
1651 1610 2074 1676 significationem
2095 1614 2303 1679 habere,
2325 1611 2522 1666 clarum

1469 1691 1569 1735 est.
1591 1686 1683 1735 sed
1709 1688 1929 1738 nondum
1948 1691 2236 1741 consulitur
2268 1693 2368 1742 toti
2388 1693 2523 1744 loco.

1468 1775 1535 1811 an
1578 1762 1715 1812 enim
1748 1764 1875 1812 satis
1910 1773 2053 1815 recte
2081 1767 2308 1831 dicatur,
2338 1767 2523 1819 mutare

1455 1836 1608 1901 fidem
1640 1852 1746 1886 cum
1781 1839 1953 1904 aliquo,
1992 1840 2366 1904 dispiciendum
2390 1851 2522 1896 erat.

1469 1920 1527 1963 et
1544 1905 1846 1979 quam'dura
1869 1925 1975 1966 tum
2010 1918 2112 1967 erit
2150 1920 2392 1983 trajectio
2432 1934 2521 1969 vo-

1467 2003 1605 2049 cum,
1622 1992 1662 2041 si
1685 1990 1745 2039 τὸ
1757 1993 1966 2043 triduum
1979 1997 2065 2044 Ιιοσ
2081 1994 2272 2044 referas
2292 1995 2358 2044 ad
2376 1995 2538 2061 illud,-

1464 2071 1522 2116 ut
1541 2082 1615 2116 me
1646 2073 1853 2119 maneat.
1908 2072 1924 2097 ⁸
1950 2071 2160 2120 Mutare
2184 2078 2378 2121 vestem
2403 2070 2521 2122 c'um

1468 2142 1681 2208 aliquo,’
1701 2145 1752 2193 in
1772 2146 2023 2196 Eunucho
2040 2148 2271 2212 legimns.
2292 2150 2307 2177 ‘
2320 2157 2522 2200 mutare

1467 2233 1585 2269 cum
1599 2223 1972 2272 mercatoribus
1983 2223 2102 2281 res,’
2119 2225 2257 2275 alibi.
2280 2226 2315 2275 i.
2334 2240 2379 2276 e.
2401 2238 2520 2290 per·

1467 2303 1691 2348 mutare.
1726 2313 1792 2354 nn
1830 2306 2021 2363 autem,
2037 2301 2190 2367 fldem
2211 2309 2397 2352 mutare
2415 2318 2522 2352 cum

1466 2374 1641 2436 aliquo,
1664 2374 1770 2425 dici
1794 2377 1972 2440 possit,
1993 2379 2188 2427 utinam
2210 2380 2522 2442 probassent

1468 2452 1657 2516 potius,
1681 2452 1768 2518 qui
1807 2461 1913 2504 tam
1945 2467 2124 2505 secure
2163 2455 2520 2506 crediderunt.

1465 2538 1650 2584 murm
1668 2534 1839 2599 fidem,
1878 2550 1973 2599 per
1999 2551 2068 2585 -se
2110 2527 2356 2601 positum,
2396 2539 2519 2589 satis

1465 2615 1644 2659 notum
1682 2617 1776 2660 est
1802 2610 1925 2674 dici,
1953 2612 2035 2661 vel
2068 2627 2134 2662 ex
2173 2614 2377 2664 Plauto.
2410 2615 2447 2665 i.
2469 2628 2518 2664 e.

1465 2699 1567 2735 non
1606 2702 1834 2740 servare.
1872 2688 1963 2740 sed
1988 2689 2125 2740 aliud
2147 2692 2229 2740 hic
2252 2693 2521 2757 quaeritur.

1464 2763 1585 2813 vide
1602 2764 1887 2829 Guyetum.
1912 2774 1971 2814 ut
1993 2774 2067 2831 et,
2083 2762 2147 2817 de
2170 2771 2521 2834 sequentibus,

1464 2848 1521 2889 et
1562 2854 1635 2890 vs.
1658 2845 1739 2891 34.
1778 2849 1793 2871 ‘
1824 2843 2010 2908 Neque
2054 2859 2175 2908 ego,
2212 2861 2377 2912 neque
2423 2849 2517 2899 tu.’

1482 3021 1487 3027 ·
1529 2993 1621 3042 Iao
1652 3010 1759 3044 cum
1794 3001 1849 3045 ut
1880 3001 2030 3048 mutet
2055 2999 2231 3064 fidem]
2267 3002 2359 3050 Illo
2398 3016 2521 3066 cum,

1465 3084 1563 3134 pro
1599 3071 1838 3121 cumiuo:
1868 3079 2051 3126 mutare
2079 3077 2249 3140 fidem,
2290 3079 2324 3128 i.
2359 3087 2517 3143 pacto

1463 3161 1568 3197 non
1589 3154 1766 3211 stare,
1786 3147 1988 3210 fallere,
2027 3159 2085 3201 ut
2117 3154 2271 3203 etiam
2309 3156 2520 3208 Sallust.

1463 3224 1709 3289 loquitur.
1743 3226 1872 3277 Mer.
1899 3228 2216 3280 cmubonus.
2527 3262 2533 3267 -

1482 3320 1487 3325 ¹
1528 3305 1592 3351 30
1647 3304 1739 3353 Do
1758 3337 1772 3352 .
1799 3304 2053 3356 Obtundis.
2105 3307 2215 3356 AN.
2256 3310 2381 3360 haud
2418 3312 2518 3361 lon-

1457 3378 1639 3440 gum’st
1657 3379 1711 3429 ia
1725 3383 1847 3443 quod
1866 3388 1989 3446 orat,
2003 3384 2157 3434 Dorio
2174 3403 2192 3435 .·
2212 3393 2374 3438 exoret
2389 3387 2520 3452 sine]

1461 3456 1653 3505 Versus
1675 3456 1759 3507 hic
1780 3459 2072 3509 octonarius
2093 3461 2359 3522 iambicus,
2381 3465 2524 3515 inter

1460 3532 2149 3603 trochaicos,qnod‚ntsoepe
2159 3539 2285 3602 dixi,
2298 3555 2396 3590 non
2411 3534 2518 3606 pla-

1457 3618 1546 3659 cet
1566 3610 1709 3660 mihi.
1739 3619 1858 3662 sunt
1879 3614 2035 3680 aliqui
2061 3616 2196 3676 libri,
2226 3619 2364 3669 inter
2387 3636 2516 3685 quos

1461 3690 1544 3735 est
1590 3687 1918 3741 Victorianus
1960 3700 2017 3743 et
2054 3695 2394 3761 Basilicanus,
2422 3698 2515 3763 qui

1461 3778 1564 3814 non
1576 3765 1908 3832 obtundis,sed
1920 3771 2124 3821 obtunde
2133 3773 2513 3839 babent,impe-

1460 3841 1609 3891 randi
1626 3844 1778 3893 modo
1796 3861 1813 3905 ;
1847 3853 2095 3910 utsupra,
2111 3850 2249 3910 garri
2269 3852 2419 3899 modo.
2440 3852 2516 3901 ita

1461 3920 1700 3983 procedit
1723 3922 2036 3988 trochaicus,
2067 3926 2109 3973 si
2141 3940 2207 3974 ex
2225 3929 2345 3990 quod
2368 3929 2401 3978 d
2424 3930 2528 3980 ab·-

1447 3996 1621 4062 jicias.
1657 4000 1885 4050 Faernus.

1522 4079 1584 4125 31
1640 4077 2073 4142 cmpticaverie]
2112 4079 2511 4144 conjunctivum

1459 4166 1554 4217 pro
1576 4151 1879 4217 indicativo,
1918 4154 1971 4203 id
2008 4163 2110 4220 est,
2149 4158 2511 4220 conduplicabit.

1459 4229 1577 4281 Hoc
1622 4237 1702 4280 est
1745 4231 1915 4297 aliter,
1967 4234 1982 4260 ‘
2002 4234 2328 4285 Foeneratum
2374 4236 2510 4289 istuc

1459 4307 1766 4361 beneficium
1787 4310 2000 4373 pulchre
2018 4311 2113 4361 tibi
2135 4311 2291 4363 dices.
2303 4311 2316 4333 '
2329 4314 2509 4365 Donat.

2262 4398 2380 4449 5N
