3035 4941
535 400 710 468 1390

543 570 615 610 to.
639 567 694 610 et
717 560 770 610 id
794 575 823 609 e
845 559 1036 628 Groeca
1059 561 1249 627 lingua.
1313 564 1400 614 Sic
1420 571 1592 614 autem

438 675 447 680 -
541 652 707 688 mares
749 637 1090 700 dicebautnr3
1140 647 1195 689 at
1236 638 1472 702 feminas,
1507 655 1596 689 eas

541 729 668 765 vero
711 715 909 764 Miccas
950 715 1221 765 vocabant.
1288 716 1597 766 Plutarchus

543 791 595 840 in
620 797 843 841 tractatu
868 792 932 841 de
955 793 1147 842 virtute
1172 793 1457 842 mulierum.
1497 794 1595 842 Ta-

542 882 660 917 men
683 868 819 932 apud
844 866 1241 932 Aristophanem
1280 884 1332 932 p.
1368 874 1481 920 ⁷94.
1509 870 1595 920 ed.

541 944 770 1008 minoris,
810 950 893 993 est
928 944 1091 1006 Mica,
1124 946 1213 995 sed
1239 947 1404 1011 prima
1424 947 1597 1010 longa,

539 1020 720 1070 itidem
736 1034 796 1069 ac
816 1022 968 1084 siper
987 1021 1245 1084 geminum
1263 1024 1313 1072 K
1326 1025 1597 1074 scriberes-

609 1098 691 1145 Ex
709 1098 940 1161 personis
953 1099 1109 1148 mutis
1130 1102 1310 1151 sustuli
1331 1103 1594 1153 Storacem

543 1176 833 1236 servulum3
890 1176 1010 1241 quia
1053 1178 1149 1227 sub
1201 1194 1458 1242 auroram,
1508 1181 1597 1247 (eo

543 1251 683 1301 enim
711 1258 943 1314 tempore
980 1258 1094 1302 acta
1127 1262 1208 1304 est
1240 1256 1353 1305 haec
1378 1254 1599 1322 fabula‚)

545 1325 806 1376 dominon
830 1335 974 1388 erat3
1009 1328 1185 1393 itaque
1224 1344 1319 1380 nec
1355 1332 1409 1380 iu
1453 1333 1596 1381 thea-

544 1410 628 1452 tro
649 1418 665 1462 ς
693 1409 873 1465 postea
897 1411 1071 1454 autem
1093 1406 1232 1454 nulla
1254 1406 1414 1469 ipsius
1436 1421 1598 1472 opera

544 1479 597 1528 iu
621 1494 775 1527 scena
797 1477 912 1528 fuit.
975 1481 1297 1545 Babylonem
1330 1484 1450 1533 hinc
1472 1500 1597 1549 quo-

545 1570 645 1618 que
669 1554 959 1619 amandavi,
981 1571 1100 1607 nam
1135 1559 1338 1622 Babylo
1360 1569 1442 1610 est
1462 1561 1600 1611 idem

544 1632 633 1696 qui
656 1632 838 1683 Micio.
873 1633 1042 1684 Faber.

611 1707 924 1759 Pnomeus.
973 1709 1173 1759 senarii
1206 1717 1326 1761 sunt
1362 1713 1600 1764 Iambici.

547 1798 623 1833 vs.
645 1788 696 1833 4.
732 1784 837 1833 duo
870 1785 998 1836 Mss.
1039 1788 1234 1837 nostri:
1268 1794 1318 1837 et
1347 1803 1431 1839 vos
1461 1790 1605 1839 eritis

532 1859 741 1920 judices.
774 1875 851 1911 vs.
874 1868 921 1912 5.
955 1877 1160 1913 omnes:
1196 1864 1376 1913 laudin'
1399 1880 1461 1914 aa
1482 1867 1600 1917 uitio

544 1936 659 1985 daei
685 1936 876 1995 saetam
914 1944 1145 2001 oporteat.
1184 1954 1260 1990 vs.
1294 1944 1342 1991 8.
1385 1954 1597 1991 omnes:

544 2011 754 2075 οήριιίες
796 2013 872 2063 ita
902 2020 958 2064 et
996 2016 1235 2065 Donatus
1267 2016 1485 2079 legerat.
1523 2031 1600 2066 vs.

545 2093 629 2137 23.
664 2103 872 2139 omnes:
907 2105 1038 2140 senes
1069 2107 1116 2153 q.
1137 2106 1186 2155 p.
1209 2106 1257 2141 v.
1281 2105 1384 2141 eam
1412 2097 1601 2154 partem

543 2180 675 2228 aper.
725 2182 800 2218 vs.
842 2171 923 2217 24.
978 2168 1113 2218 duo:
1162 2174 1215 2218 ut
1254 2169 1600 2231 aequanimitas.

544 2239 610 2288 Τὸ
630 2247 788 2291 vestra
809 2251 983 2294 autem
1008 2259 1082 2291 vs.
1105 2258 1215 2308 seq.
1238 2244 1383 2294 abest
1405 2244 1470 2293 ab
1491 2260 1600 2294 om·

547 2316 735 2378 nibus3
769 2319 905 2382 quod
941 2325 998 2369 et
1019 2321 1260 2370 Donatus
1298 2321 1481 2372 deesse
1512 2337 1601 2372 no-

551 2392 703 2441 tavit.
732 2393 992 2443 Boeolerus.

616 2469 643 2514 1
681 2468 941 2532 Postquam
984 2472 1138 2520 Poe‘ta
1180 2474 1349 2536 sensit,
1395 2475 1602 2538 scripta·

549 2542 677 2605 ram]
714 2545 987 2608 Postquam,
1027 2561 1120 2610 pro
1161 2549 1408 2612 quoniam.-
1456 2552 1604 2614 cujus

551 2619 890 2705 reciprocum,
919 2624 1154 2685 quoniam,
1210 2639 1303 2687 pro
1342 2631 1604 2690 postquam.

550 2693 724 2742 Plaut.
743 2694 793 2742 in
815 2694 986 2745 Aulul.
1009 2697 1297 2749 ‘Quoniam
1312 2702 1354 2751 is
1370 2703 1608 2769 moritur,

550 2769 628 2817 ita
649 2768 834 2817 avido
820 2770 1026 2833 ingenio
1049 2769 1186 2822 fuit!
1219 2774 1455 2828 Donatus.

616 2844 874 2908 Postquam
918 2846 1070 2897 Poe‘ta
1109 2849 1277 2913 sensit,
1319 2854 1606 2918 scripturam

548 2919 702 2983 suam]
727 2918 1095 2973 Indifferenter
1118 2927 1282 2976 omnis
1298 2929 1382 2993 qui
1407 2930 1604 2996 aliquid

549 2997 864 3062 scripsisset,
885 3000 1086 3065 scriptor
1116 3018 1146 3051 a
1179 3005 1440 3056 veteribus
1463 3007 1601 3059 dice-

551 3073 723 3123 batur.
757 3074 908 3125 Idem.

614 3154 646 3198 2
679 3149 758 3199 Ab
791 3151 991 3215 iniquis]
1025 3153 1287 3205 Inimicis:

549 3224 806 3276 Junonis
794 3229 1016 3292 iniquae?
1051 3231 1200 3280 Idem.

618 3301 895 3369 Observari]
931 3306 1209 3358 Observatio
1258 3309 1321 3359 ad
1360 3310 1603 3364 bonorem

551 3374 803 3427 refertur·
840 3387 920 3442 ut,
950 3381 966 3408 ‘
990 3382 1261 3435 Praeterea
1290 3401 1465 3451 regem
1500 3404 1603 3440 non

536 3451 622 3499 vsic
662 3453 918 3518 AEgyptus
959 3463 1016 3507 et
1055 3458 1235 3524 ingens
1280 3462 1464 3527 Lydia,
1506 3480 1604 3516 nec

551 3529 728 3590 populi
771 3531 1082 3582 Parthorum
1127 3545 1218 3587 aut
1257 3539 1444 3589 Medus
1488 3543 1603 3607 Hy-

551 3601 756 3667 daspes,
793 3604 1123 3660 observant!
1189 3614 1295 3663 Sed
1329 3630 1464 3665 nunc
1506 3619 1604 3667 Ob·

549 3680 746 3742 seroan’,
761 3680 989 3746 captari
1033 3686 1291 3749 significat
1325 3698 1381 3740 et
1421 3693 1605 3744 audiri.

556 3756 810 3807 Observari
833 3773 952 3823 ergo
968 3767 1024 3810 et
1033 3760 1291 3827 honorari,
1306 3772 1360 3815 et
1381 3771 1604 3831 captari,

551 3836 607 3881 et
632 3834 797 3884 audiri
815 3835 1100 3907 significat:
1125 3846 1184 3890 ut
1201 3840 1441 3905 Plautus,
1462 3844 1478 3872 ‘
1497 3845 1605 3895 Ob-

551 3918 830 3978 servatote,
885 3919 945 3964 ut
989 3915 1177 3967 blande
1211 3920 1453 3985 palpetur
1495 3938 1604 3973 mu

550 3985 698 4037 lieri!
733 3990 882 4041 Idem.

614 4065 946 4134 Adversarios]
981 4070 1218 4122 Luscium
1243 4073 1534 4141 Lavinium,
1550 4083 1605 4127 et

551 4139 695 4193 alios.
793 4145 928 4195 Vide
994 4149 1234 4213 prologos
1283 4149 1494 4203 Andriae
1549 4160 1605 4202 et

553 4212 1190 4274 Heautontiuiorumenon.
1223 4226 1508 4278 Farnobium.

616 4295 648 4339 3
683 4294 910 4358 Rapere
891 4312 941 4346 tn
959 4299 1166 4360 pejorem
1182 4304 1392 4368 partem]
1425 4305 1605 4355 Varie·

1324 3164 1382 3207 ut
1416 3158 1433 3186 ‘
1457 3159 1602 3210 Fatis

1236 417 1447 467 NOTAE
1499 415 1891 469 VAmoRUM
1944 417 2024 467 m

1668 570 1748 613 tas
1772 578 1866 628 per
1889 577 2082 628 genera
2103 561 2405 622 verborum3
2440 559 2710 626 etuti-ique

1667 643 1938 690 sententiae
1978 649 2101 705 apte
2127 639 2390 704 jungimus
2427 638 2717 701 Scripturam

1667 731 1816 765 suam.
1855 717 2105 767 Donatus.

1738 792 1928 854 Rapere
1961 792 2013 840 in
2046 792 2250 855 peiorem
2284 790 2496 855 partem]
2529 789 2592 839 Id
2624 796 2719 854 est,

1671 867 1796 916 vitio
1820 868 1962 929 dare,
1987 868 2302 932 vituperare.
2336 869 2489 917 Idem.

1730 946 1761 991 4
1800 943 1987 992 Indicio
2020 945 2078 996 de
2107 958 2160 992 se
2188 943 2285 1007 ipse
2320 942 2439 1005 erit]
2476 942 2615 991 Mire
2638 956 2723 992 ex·
2785 937 2794 940 ’

1670 1019 1860 1082 pressit
1902 1020 2284 1083 simplicitatem
2343 1034 2467 1068 vera
2518 1017 2728 1075 dicturi,

1670 1108 1824 1158 quum
1866 1093 2208 1144 iudicaturum
2245 1094 2312 1144 de
2347 1110 2404 1144 se
2436 1095 2593 1157 dixit,
2631 1103 2730 1143 nou

1670 1179 2013 1219 narraturum.
2079 1171 2150 1220 Et
2173 1170 2359 1221 Indicio
2379 1171 2495 1234 erit,
2530 1186 2628 1235 pro
2649 1171 2731 1220 In·

1669 1247 1763 1295 dex
1783 1248 1893 1297 erit.
1928 1247 2095 1296 Idem.

1738 1323 1921 1372 Indicio
1942 1323 2000 1374 de
2019 1323 2093 1387 se]
2128 1323 2323 1374 Iudicat
2356 1324 2420 1386 is,
2452 1323 2543 1390 qui
2576 1323 2643 1373 de
2677 1338 2730 1373 se

1674 1400 1851 1447 volens
1874 1398 2089 1463 aliquid,
2110 1408 2164 1449 et
2188 1400 2255 1449 de
2280 1399 2392 1449 aliis
2422 1400 2585 1449 etiarn
2618 1414 2731 1463 pro·

1673 1475 1770 1538 dit,
1802 1476 1892 1526 sed
1928 1476 2179 1543 confitetur
2210 1477 2297 1541 qui
2328 1477 2397 1527 de
2420 1490 2480 1528 se
2514 1483 2734 1536 tantum,

1674 1560 1732 1602 et
1764 1553 1851 1617 qui
1879 1553 2088 1604 invitus.
2122 1552 2274 1604 Idem.

1737 1630 1922 1679 Indicio
1959 1632 2018 1680 de
2060 1645 2109 1680 se
2150 1632 2252 1695 ipse
2295 1630 2410 1694 erit,
2453 1630 2571 1695 ξω]
2613 1629 2735 1679 sim-

1674 1705 1965 1769 plicitatem
2020 1709 2329 1757 narrationis
2398 1708 2511 1755 vult
2569 1704 2734 1755 Poeta

1672 1784 1757 1833 hic
1802 1785 2055 1850 conspici,
2115 1785 2248 1849 quod
2309 1789 2456 1835 recte
2501 1784 2734 1832 Donatus

1674 1860 1939 1924 observat,
1989 1868 2046 1911 et
2100 1861 2339 1926 Guyetus
2385 1860 2606 1925 repetit,
2648 1859 2734 1908 sed

1673 1937 1829 1986 aliter
1871 1937 2120 2001 explicat.
2204 1937 2370 1987 Putat
2418 1937 2559 1985 enim
2618 1936 2736 1985 nihil

1673 2012 1813 2061 aliud
1838 2028 1989 2077 quam
2013 2014 2210 2063 narrari
2234 2028 2465 2076 causam,
2494 2013 2604 2061 sine
2636 2012 2737 2061 ulla

1664 2088 1798 2152 juris
1832 2089 2095 2139 mentione
2132 2096 2222 2139 aut
2264 2089 2598 2140 defensionen
2629 2090 2738 2139 illos

1675 2167 1811 2216 enim
1834 2175 1941 2217 tres
1963 2183 2140 2218 versus
2162 2168 2270 2234 (12.
2293 2173 2375 2220 13.
2399 2167 2514 2233 14.)
2536 2169 2735 2233 spurios

1676 2258 1804 2293 esse.
1892 2242 2133 2296 Offendit
2197 2246 2359 2295 virum
2421 2246 2616 2296 eruditi
2677 2260 2737 2295 ac

1676 2320 1885 2370 delicati
1926 2320 2115 2384 judicii
2172 2322 2259 2371 illa
2313 2322 2511 2371 locutio
2543 2338 2559 2370 z
2619 2322 2742 2370 Peru

1676 2396 1873 2458 noscite,
1900 2396 2155 2457 furtumne
2187 2398 2381 2457 sactum
2430 2398 2735 2457 existimetis,

1677 2473 1814 2538 quod
1859 2473 1998 2522 idem
2050 2489 2166 2523 esse
2215 2482 2372 2539 putat
2420 2490 2483 2525 ac
2535 2475 2580 2524 si
2628 2475 2735 2540 quis

1678 2549 1895 2612 diceret,
1911 2549 2196 2614 existimate,
2211 2566 2274 2600 an
2289 2551 2598 2602 existimetis.
2643 2552 2737 2601 Mi·

1676 2624 1726 2673 hi
1749 2625 1875 2674 satis
1902 2626 2140 2676 videntur
2173 2627 2276 2676 ista
2312 2627 2601 2692 distingui:
2634 2644 2736 2691 per-

1674 2703 1854 2753 noscite
1874 2701 1995 2769 (hoc
2014 2703 2149 2753 enim
2168 2704 2335 2755 simile
2354 2712 2432 2754 est
2453 2705 2735 2768 cognitioni

1678 2794 1845 2828 causae
1869 2782 1920 2829 in
1936 2780 2159 2844 judicio,
2179 2771 2333 2847 quiam
2352 2789 2406 2831 et
2429 2782 2562 2831 alias
2586 2781 2738 2847 petit)

1675 2870 1738 2904 aa
1754 2856 2243 2917 existimetissurtum
2253 2857 2464 2920 factum,
2483 2860 2567 2922 ⁸5⁶·
2626 2858 2739 2909 Hoc

1678 2931 1742 2980 ad
1782 2930 2093 2982 sententiam
2129 2932 2482 2996 judicantium
2515 2939 2745 3003 spectat,

1677 3023 1792 3074 quae
1810 3009 2023 3072 cognita
2036 3024 2192 3059 causa
2205 3010 2595 3074 pronuntiatur.
2622 3012 2741 3061 Per·

1678 3084 1876 3133 noscite
1911 3099 2136 3148 causam,
2167 3094 2225 3135 ut
2260 3087 2549 3137 decernere
2585 3088 2741 3153 possi-

1678 3159 1763 3218 tis,
1788 3161 1910 3225 quid
1935 3163 2234 3212 existimare
2257 3161 2367 3212 sive
2384 3164 2634 3227 judicare
2657 3165 2744 3213 de-

1678 3238 1846 3287 beatis
1862 3256 1877 3299 ;
1900 3238 2161 3288 furtumne
2171 3238 2360 3290 fecerit
2373 3241 2562 3298 Poeta,
2579 3241 2742 3309 (quod

1679 3313 1960 3364 adversarii
1997 3314 2044 3364 ei
2084 3315 2280 3365 crimen
2316 3316 2650 3381 intendunt,)
2682 3333 2744 3367 an

1678 3390 1851 3453 potius
1898 3404 2088 3454 genere
2152 3391 2374 3456 quodam
2438 3392 2745 3443 imitationis

1678 3466 1934 3530 probabili
1970 3469 2141 3516 locum
2180 3469 2244 3518 ab
2274 3468 2391 3518 aliis
2420 3471 2762 3533 praeteritnm

1679 3542 2096 3605 reprehenderit.
2163 3545 2341 3609 Longe
2375 3544 2550 3595 minus
2594 3546 2746 3596 eiiam

1680 3617 1952 3666 videantur
1985 3618 2197 3681 distare,
2228 3634 2345 3685 quae
2376 3621 2602 3686 prologo
2644 3621 2749 3671 An-

1682 3693 1809 3742 driae
1863 3694 2111 3759 legimus.
2174 3696 2191 3724 ‘
2236 3696 2364 3744 Rem
2422 3699 2751 3761 cognoscite,

1682 3780 1741 3823 ut
1776 3774 2096 3849 pernoscatis
2140 3776 2330 3840 ecquid
2368 3777 2482 3840 spei
2520 3777 2594 3826 sit
2631 3777 2751 3826 reli-³

1680 3865 1856 3914 quum,
1893 3854 1994 3901 διο.
2034 3844 2353 3915 spectandae
2369 3866 2435 3900 an
2471 3852 2749 3916 exigendas

1681 3926 1785 3975 sint
1830 3927 1975 3976 vobis
2020 3927 2201 3991 prius.’
2262 3927 2539 3978 Praeterea
2577 3930 2750 3978 locum

1678 4001 1881 4065 Diphili
1901 4017 1931 4051 a
1953 4002 2164 4064 Plauto,
2176 4001 2379 4068 judicio
2397 4005 2577 4068 potius
2597 4019 2747 4070 quam

1679 4079 1996 4141 negligentia
2019 4080 2363 4143 praeteritum,
2392 4080 2560 4129 cuivis
2582 4081 2749 4130 videri

1679 4153 1893 4216 debere,
1923 4155 2163 4219 Guyetus
2185 4156 2476 4207 contendit.
2546 4156 2745 4207 Recte:

1680 4230 1771 4278 sed
1796 4228 1933 4280 forte
1954 4245 2055 4280 non
2079 4245 2206 4296 opus
2229 4238 2346 4307 esta
2367 4232 2614 4296 graviore
2648 4233 2744 4296 sig-

1678 4307 1890 4359 nificatu
1913 4324 2092 4360 vocem
2123 4310 2385 4379 accipere.
2453 4312 2748 4363 Praeterim
