3035 4941
766 403 1139 453 TERENTII
1189 403 1470 455 PHORM.
1521 407 1685 454 Ac‘r.
1731 405 1841 455 111.
1889 408 1993 456 SC.
2039 408 2087 455 1.

333 546 499 611 accipi
521 548 704 611 possit.
774 549 857 599 Ita
873 557 930 600 et
945 564 1094 615 spero,
1109 565 1204 613 pro
1220 551 1363 601 timeo
1377 564 1392 606 ‚⁰

325 623 573 686 mnino,
612 640 709 687 pro
749 626 935 677 minor.-
982 627 1201 691 alisque.
1258 629 1388 678 Mer.

331 699 648 752 Casoeubonus.

384 777 426 825 '6
460 776 578 841 Spes
597 791 794 841 opesque
826 779 961 843 sunt]
1009 781 1143 831 Haee
1178 781 1388 846 quidem

328 850 396 901 tie
417 851 499 901 his
523 861 663 915 sunt,
679 869 795 918 quae
819 863 993 905 amant
1002 857 1175 921 jungi.
1207 860 1388 910 Donat.

391 926 513 992 Spes
537 944 731 993 opesque
748 931 883 995 sunt]
934 933 1027 996 Ut,
1062 940 1076 961 ‘
1097 936 1199 984 Res
1222 933 1387 985 fortu-

327 1005 553 1070 naeque.'
586 1006 741 1055 Idem.

392 1082 493 1139 Qui
510 1084 710 1148 abieris]
742 1083 973 1147 Munius,
995 1094 1145 1152 quam
1172 1085 1384 1150 fugeris.

325 1158 495 1210 Idem.

389 1240 422 1286 8
455 1237 555 1287 Sed
568 1252 624 1288 ea
641 1238 810 1302 causa]
831 1240 967 1292 Quia
989 1240 1197 1293 abieris.
1231 1243 1385 1294 Idem.

392 1316 457 1362 10
481 1314 730 1377 Numquid
750 1315 882 1378 patri
900 1316 1104 1379 subolet]
1138 1316 1247 1367 Sub
1262 1333 1383 1369 con·

323 1390 591 1440 venientia
626 1405 721 1440 sua
766 1398 821 1441 et
862 1390 1184 1442 Phormionis
1237 1394 1382 1449 dicit.

324 1463 476 1515 Idem.

394 1546 448 1593 ll
506 1543 647 1608 Nisi]
701 1545 812 1595 Nisi
851 1561 945 1612 pro
979 1551 1081 1598 sed.
1117 1555 1178 1599 ut
1215 1550 1394 1602 Andr..

321 1627 425 1669 act.
451 1634 532 1670 tv.
557 1635 628 1673 se.
652 1627 700 1673 l.
736 1625 751 1651 ‘
779 1624 892 1674 Nisi
934 1622 1055 1676 mihi
1088 1626 1214 1677 deos
1255 1629 1382 1678 satis

323 1696 444 1746 Seio
467 1695 628 1748 fnisse
649 1698 826 1763 iratos,
842 1703 926 1766 qui
951 1706 1385 1756 auscultaverim.'

318 1772 443 1823 San.
465 1780 480 1803 ‘
500 1774 663 1825 Plura
685 1778 749 1825 de
761 1778 796 1828 J
802 1781 1024 1842 ugurtha
1046 1782 1273 1831 scribere
1291 1782 1381 1832 de·

319 1850 554 1900 hortatur
575 1851 786 1902 fortuna
803 1869 952 1919 mea3
984 1856 1081 1906 nisi
1106 1864 1277 1907 tamen
1302 1859 1379 1907 in·

319 1932 538 1995 teiiigo‚'
577 1936 675 1983 sec.
713 1935 830 1985 vide
870 1935 944 1985 ibi
981 1935 1271 2002 Manutium
1314 1938 1381 1989 de

318 2009 396 2058 bis
418 2010 647 2059 Terentii
671 2011 816 2060 iocis.
848 2013 978 2064 Mer.
1005 2013 1322 2065 Casaubonus.

386 2087 446 2135 ia
485 2088 762 2147 Confutavit
781 2088 957 2153 verbis]
1009 2088 1284 2141 convicit:
1323 2097 1381 2140 ut

320 2162 364 2211 si
389 2162 607 2228 diceret,
628 2162 913 2214 Refntavit.
947 2166 1036 2215 sed
1074 2166 1303 2226 relictui-io
1318 2167 1376 2216 in

320 2253 426 2288 rem
451 2249 531 2290 est
550 2257 569 2291 τ
596 2241 921 2300 σοηήιιαίίοἰη
950 2255 1239 2305 personam.
1272 2244 1375 2293 Do·

318 2323 475 2366 notus.

389 2394 693 2460 Confutavit]
759 2395 1021 2462 Convicit,
1077 2400 1376 2462 exagitavit.

316 2469 504 2536 Supra,
525 2473 717 2523 Heaut.
746 2481 850 2523 act.
877 2490 930 2526 v.
951 2480 1024 2526 sc.
1044 2478 1097 2525 2.
1122 2479 1137 2505 ‘
1159 2475 1261 2527 Hic
1284 2478 1376 2543 ita,

316 2551 376 2596 nt
398 2548 585 2597 liberos
607 2557 690 2599 est
713 2565 935 2615 a’quom,
956 2551 1112 2602 dietis
1135 2553 1376 2606 confuta·

318 2624 495 2677 bitur!
529 2625 645 2676 vide
669 2627 794 2678 ibid.
816 2630 962 2689 §Men
984 2620 1300 2682 casaubonus.

383 2705 445 2752 14
478 2703 586 2766 Ego
607 2706 731 2767 quod
745 2706 879 2768 potua·
894 2704 1061 2770 porro]
1092 2708 1179 2756 De
1196 2722 1251 2757 se
1271 2724 1376 2759 me·

1463 555 1562 600 &c.
1606 551 1812 601 omnino
1834 552 2105 616 legendum
2128 559 2229 616 est,
2259 553 2275 582 ⁴
2295 552 2378 603 An
2400 569 2527 606 vero

1464 627 1613 690 dicit,
1637 643 1739 678 non
1762 631 1948 680 malum
1974 645 2090 681 esse
2117 637 2175 681 et
2196 631 2528 683 incommod.'

1463 705 1564 754 &c.
1607 706 1862 756 Boeclertes.
2525 705 2528 708 ’

1528 781 1646 830 Huc
1690 783 1869 832 alvum
1916 798 2041 833 nunc
2088 790 2331 848 patruum,
2372 787 2526 854 Geta]

1466 857 1588 907 Non
1626 865 1778 922 optat
1814 861 2009 909 salvum
2049 868 2289 925 patruum
2327 864 2529 927 venire,

1463 935 1742 984 secundnm
1767 934 2168 1000 Apollodorumt
2195 944 2250 987 et
2273 938 2523 1003 ostendit,

1461 1023 1562 1059 non
1582 1025 1870 1076 congruere
1886 1013 2108 1064 salutem
2123 1013 2236 1077 ejus
2251 1027 2368 1063 cum
2387 1027 2527 1065 eom-

1459 1087 1613 1137 modo
1635 1082 1745 1139 suo.
1811 1090 1894 1139 An
1919 1105 2020 1139 nou
2054 1090 2205 1154 dicit,
2224 1093 2404 1141 malum
2422 1102 2524 1143 esse

1459 1170 1508 1215 et
1525 1166 1866 1218 incommodam
1880 1167 1991 1227 sibi,
2005 1168 2099 1218 sed
2123 1175 2325 1218 tantum
2349 1170 2525 1234 magni

1461 1241 1671 1291 terroris
1717 1244 1922 1307 pienum
1973 1244 2276 1295 adventum
2310 1246 2523 1309 patrui?

1458 1318 1710 1386 Donatus-¹
2047 1306 2056 1316 ’
2431 1339 2442 1346 “

1530 1394 1701 1446 Venire
1721 1396 1812 1447 hac
1832 1397 2008 1446 salvom
2021 1411 2142 1447 nunc
2156 1396 2402 1460 putmm]
2418 1396 2528 1447 Sal-

1454 1486 1562 1520 vom
1604 1471 1686 1522 hic
1724 1472 1959 1525 additum
2005 1480 2206 1525 tantum
2249 1488 2315 1523 ex
2354 1475 2524 1524 veteri

1454 1547 1694 1611 formula,
1717 1552 1913 1601 salvum
1943 1551 2166 1602 reditum
2193 1552 2371 1603 amicis
2411 1566 2526 1617 gra·

1457 1626 1753 1677 tuiantium.
1825 1628 1958 1677 Nam
1995 1628 2048 1677 id
2080 1628 2235 1678 modo
2271 1630 2398 1691 vuit,
2419 1643 2523 1680 non

1457 1709 1515 1752 ut
1537 1713 1717 1766 pereat
1734 1706 2014 1768 patrnnsin
2034 1705 2307 1770 via,(quod
2330 1706 2399 1754 ab
2415 1705 2526 1755 An·

1458 1778 1688 1844 tiphonis
1714 1794 1937 1844 persona
1966 1781 2120 1830 vaide
2145 1780 2413 1845 alienum,)
2427 1782 2522 1833 sed

1457 1856 1737 1907 adveutum
1775 1858 1955 1921 eJos‚a
1994 1871 2098 1923 quo
2136 1872 2228 1907 sua
2263 1858 2373 1907 vita
2397 1873 2523 1921 pen-

1457 1933 1601 1996 deat,
1625 1933 1726 1982 sibi
1749 1934 1923 1997 magni
1957 1942 2126 1983 metus
2161 1948 2370 1985 causam
2394 1932 2526 1985 fore.

1455 2010 1577 2060 Hoc
1605 2010 1763 2060 etiam
1790 2011 1952 2059 voluit
1979 2012 2112 2060 Don.
2135 2010 2223 2060 ubi
2255 2018 2375 2075 post
2398 2011 2523 2061 alia-²

1455 2094 1561 2137 tam
1590 2086 2257 2152 Apollodorisententiam:
2289 2087 2407 2138 ‘An
2436 2104 2524 2140 ve·

1454 2181 1513 2216 ro
1533 2165 1909 2232 dicit,(inquit)
1921 2181 2023 2218 non
2042 2167 2233 2217 maium
2248 2181 2363 2217 esse
2376 2174 2431 2217 et
2445 2168 2525 2218 in-

1452 2245 1778 2296 commodum
1791 2246 1888 2296 sibi
1903 2246 1934 2309 ;’
1952 2247 2055 2310 (ita
2067 2246 2522 2308 enimlegeudnm3

1451 2335 1554 2371 non
1578 2329 1635 2372 nt
1658 2337 1901 2373 excusum
1942 2322 1994 2372 iu
2033 2322 2245 2386 nuperis
2280 2322 2524 2373 editioni-

1450 2397 1567 2453 bus,
1590 2400 1766 2448 malum
1800 2413 1915 2456 esse,
1943 2401 2027 2459 asc.
2068 2398 2155 2448 τοῦ
2182 2410 2277 2456 non
2308 2397 2522 2462 omisso)

1449 2476 1466 2504 ⁸
1490 2475 1584 2524 sed
1610 2481 1810 2525 tantum
1849 2475 2016 2537 magni
2055 2475 2266 2524 terroris
2306 2475 2521 2538 pienum

1449 2549 1731 2601 adventum
1759 2550 1970 2616 patrui!
2003 2551 2079 2600 M.
2102 2551 2421 2601 casaubonus.

1517 2629 1740 2685 Quantus
1762 2634 1917 2679 metus
1948 2632 2019 2677 est
2052 2642 2178 2677 nunc
2213 2626 2333 2677 mihi
2361 2627 2524 2678 venire
2619 2629 2624 2634 ’

1448 2706 1539 2756 huc
1571 2709 1754 2756 salvum
1790 2722 1916 2757 nunc
1947 2703 2195 2769 patruum]
2253 2704 2356 2755 Hic
2395 2718 2522 2755 vero

317 2780 567 2831 diocriter
581 2795 677 2845 per
691 2780 917 2846 ἔλλειψιν.
940 2785 1207 2834 moraliter
1229 2787 1379 2837 satis.
1445 2784 1744 2834 Terentium
1767 2786 1927 2832 miror
1947 2799 1961 2844 3
2001 2796 2170 2846 neque
2193 2781 2332 2831 enim
2356 2781 2486 2833 dicit
2505 2796 2524 2832 τ

316 2859 557 2910 Donatus.

384 2937 493 2997 Ego
514 2937 638 3001 quod
656 2935 792 3000 potui
807 2934 973 3000 porro]
1019 2936 1237 2987 Ordine.
1272 2938 1377 3002 pri·

314 3025 400 3060 mo
422 3011 705 3075 dominum,
740 3020 861 3077 post
896 3013 1280 3079 Phormionem,
1303 3015 1379 3064 ni·

316 3085 496 3136 timum
520 3102 577 3137 se
604 3089 793 3151 posuit.
830 3088 978 3139 Idem.
1362 3098 1365 3103 '

368 3162 560 3214 'Omnes
578 3179 660 3213 vos
677 3165 806 3230 amo]
839 3166 1006 3215 Vetus
1029 3163 1250 3215 formula
1267 3180 1379 3230 pro,

314 3242 509 3304 gratias
531 3256 644 3306 ago.
677 3244 808 3292 Mer.
831 3243 1149 3293 Casaubonus.

382 3321 442 3366 15
478 3317 561 3368 Sic
582 3321 752 3369 habent
774 3320 1033 3384 principia]
1069 3320 1173 3370 Hic
1207 3327 1261 3369 et
1295 3333 1376 3369 se·

314 3404 477 3458 quens
499 3409 679 3445 versus
705 3397 956 3447 trochaici
985 3404 1105 3446 sunt
1128 3402 1375 3446 tetrame-

314 3471 380 3520 tri
406 3473 754 3524 acatalectici.
792 3473 1029 3523 Faernus.

380 3552 445 3599 16
499 3550 899 3615 Mansurusque]
940 3550 1371 3614 Exspectaturus.

314 3627 392 3675 M.
415 3627 733 3678 Cusaubonus.

382 3706 442 3751 1⁷
479 3702 560 3752 De
577 3705 677 3765 ejus
696 3702 890 3754 consilio
906 3706 1022 3755 velle
1039 3702 1287 3767 sefacere]
1304 3702 1371 3752 0.

313 3779 427 3829 fere
447 3780 484 3829 1.
501 3795 541 3832 s.
561 3796 659 3830 sese
678 3785 793 3830 velle
800 3783 985 3842 facere.
1022 3783 1266 3833 Faernus.

385 3862 447 3907 18
483 3858 703 3916 Quantus
735 3865 888 3909 metus
904 3866 975 3910 est
994 3861 1135 3924 milti]
1169 3861 1373 3909 Venus-

315 3933 420 3985 tins
444 3935 672 3999 videtur,
694 3941 920 4000 quantum
940 3943 1110 4001 metus,
1131 3937 1266 4003 quod
1292 3943 1376 3986 est

311 4013 364 4062 in
390 4013 524 4062 libro
543 4014 816 4063 Bembino.
853 4015 1003 4063 Idem,

269 4080 273 4085 ”
384 4089 602 4145 Quantus
624 4096 775 4141 metus
795 4096 868 4141 est
888 4091 1141 4155 mihi,8sc.]
1176 4093 1375 4142 Donati

315 4168 587 4217 annotatio
645 4169 817 4218 obiter
873 4167 1201 4217 ennendanda
1254 4176 1334 4218 est
1359 4184 1372 4217 ι

304 4242 327 4270 '‘
355 4244 472 4294 Non
496 4245 684 4309 optat,'
705 4248 802 4296 διὸ.
838 4245 975 4305 vide,
1001 4259 1065 4294 an
1095 4259 1193 4293 non
1218 4240 1377 4312 inter->

318 4322 521 4383 rogatio
544 4323 763 4372 haecsit.
787 4322 1025 4388 sequitur
1046 4339 1059 4371 ε
1082 4323 1097 4349 ‘
1120 4320 1200 4371 An
1226 4336 1364 4383 vero,

1448 2865 1602 2909 metuo
1630 2875 1690 2909 ne
1726 2860 1888 2909 veniat
1917 2860 2151 2923 patricum
2187 2872 2303 2908 nam
2325 2859 2520 2924 absque

1449 2950 1513 2985 eo
1537 2936 1614 2984 nii
1631 2935 1748 2985 fleri
1770 2942 1980 2998 poterat
2016 2936 2155 2999 quod
2180 2934 2416 2998 placeret
2439 2949 2519 2984 sa-

1451 3010 1536 3060 tis.
1602 3010 1723 3061 Non
1742 3011 1895 3074 dicit,
1911 3016 2067 3061 metuo
2088 3016 2143 3061 ut
2163 3011 2324 3060 veniat
2341 3027 2358 3060 e
2389 3011 2518 3061 alio·

1451 3088 1537 3152 qui
1577 3093 1798 3151 cuperet
1836 3087 2013 3137 venire
2048 3096 2323 3151 patrunm;
2355 3087 2519 3154 (nam,

1449 3168 1605 3213 metuo
1624 3170 1680 3213 ut
1700 3164 1883 3225 veniat,
1900 3163 2037 3213 idem
2060 3171 2139 3213 est
2159 3178 2221 3213 ac
2245 3164 2285 3212 si
2306 3163 2520 3231 dixeris,

1449 3244 1607 3290 metum
1625 3256 1683 3290 ne
1696 3254 1788 3290 non
1800 3241 1962 3291 veniat
1977 3242 2017 3301 ε)
2033 3240 2170 3290 unde
2188 3247 2363 3290 autem
2381 3242 2517 3292 scire

1450 3324 1664 3381 poterat
1693 3316 1765 3367 'an
1802 3317 1854 3366 id
1897 3317 2212 3380 probaturus
2247 3326 2388 3368 esset
2426 3333 2517 3383 pa·

1451 3401 1613 3458 trous,
1653 3393 1791 3460 quod
1832 3392 2030 3444 factum
2068 3394 2273 3444 fuerat?
2328 3395 2516 3460 Itaque

1451 3485 1605 3536 quam
1644 3471 1728 3521 hic
1759 3471 2062 3520 Terentium
2102 3470 2280 3533 miror,
2316 3477 2421 3520 tam
2458 3475 2517 3521 et

1452 3546 1694 3612 profecto
1705 3540 2149 3611 'elegantissimum
2167 3549 2515 3613 interpretem

1450 3626 1644 3686 miror3
1695 3625 1890 3690 quippe
1913 3626 2062 3690 cujus
2088 3626 2254 3675 versio
2276 3634 2515 3675 neutram

1451 3705 1501 3752 in
1536 3711 1738 3769 partem
1776 3702 2116 3768 propendeat.
2195 3703 2373 3752 Vellet
2411 3716 2515 3752 non

1449 3789 1708 3842 metuere,
1732 3787 1787 3831 at
1809 3774 2127 3845 cupere'non
2154 3781 2343 3841 audet3
2390 3779 2516 3844 quid

1450 3858 1643 3922 igitur?
1690 3858 1743 3907 in
1779 3857 1938 3906 dubio
1961 3862 2044 3905 est
2067 3856 2283 3905 animus.
2328 3855 2400 3903 nil
2423 3855 2520 3905 ita·

1450 3950 1554 4000 que
1594 3936 1767 4000 potuit
1804 3933 2008 3995 meiius,
2030 3947 2182 3997 quam
2220 3932 2355 3997 quod
2380 3945 2514 3995 prae-

1450 4016 1632 4064 stitum
1668 4011 1735 4062 ab
1768 4012 1883 4077 ipso
1904 4020 2005 4061 est.
2072 4010 2190 4060 Hoc
2212 4024 2367 4058 unum
2391 4008 2517 4058 mihi

1452 4091 1611 4142 dolet.
1648 4090 1814 4140 Pauci
1837 4087 2093 4140 interdum
2117 4086 2351 4136 sentiunt
2374 4084 2514 4151 quod

1451 4176 1620 4231 recto,
1677 4167 1959 4231 subtilique
2000 4164 2202 4229 judicio
2257 4165 2512 4227 scriptum

1453 4254 1555 4295 est.
1625 4245 1775 4296 Illius
1797 4246 1891 4296 viri
1914 4258 2075 4294 causa
2095 4242 2235 4306 dico,
2256 4256 2355 4315 non
2378 4255 2512 4291 mea.

1454 4315 1626 4373 Faber.
