<?xml version="1.0" encoding="UTF-8"?>
<!DOCTYPE html PUBLIC "-//W3C//DTD XHTML 1.0 Transitional//EN"
    "http://www.w3.org/TR/xhtml1/DTD/xhtml1-transitional.dtd">
<html xmlns="http://www.w3.org/1999/xhtml" xml:lang="en" lang="en">
 <head>
  <title>
</title>
<meta http-equiv="Content-Type" content="text/html;charset=utf-8" />
  <meta name='ocr-system' content='tesseract 3.04.00' />
  <meta name='ocr-capabilities' content='ocr_page ocr_carea ocr_par ocr_line ocrx_word'/>
</head>
<body>
  <div class='ocr_page' id='page_1' title='image "./comoedisexvolum00westgoog_0066.png"; bbox 0 0 3035 4941; ppageno 0'>
   <div class='ocr_carea' id='block_1_1' title="bbox 545 385 722 452">
    <p class='ocr_par' dir='ltr' id='par_1_1' title="bbox 545 385 722 452">
     <span class='ocr_line' id='line_1_1' title="bbox 545 385 722 452; baseline 0 -1"><span class='ocrx_word' id='word_1_1' title='bbox 545 385 577 451; x_wconf 77' lang='grc' dir='ltr'>Ἰ</span> <span class='ocrx_word' id='word_1_2' title='bbox 591 386 722 452; x_wconf 85' lang='grc'>076</span> 
     </span>
    </p>
   </div>
   <div class='ocr_carea' id='block_1_2' title="bbox 525 539 1610 4401">
    <p class='ocr_par' dir='ltr' id='par_1_2' title="bbox 532 539 1610 2999">
     <span class='ocr_line' id='line_1_2' title="bbox 548 539 1606 612; baseline -0.007 -16"><span class='ocrx_word' id='word_1_3' title='bbox 548 561 649 612; x_wconf 87' lang='lat' dir='ltr'>que</span> <span class='ocrx_word' id='word_1_4' title='bbox 671 546 765 595; x_wconf 84' lang='lat' dir='ltr'>hoc</span> <span class='ocrx_word' id='word_1_5' title='bbox 787 543 995 611; x_wconf 87' lang='lat' dir='ltr'>quidem</span> <span class='ocrx_word' id='word_1_6' title='bbox 1019 557 1084 594; x_wconf 83' lang='lat' dir='ltr'>au</span> <span class='ocrx_word' id='word_1_7' title='bbox 1109 543 1183 592; x_wconf 90' lang='lat' dir='ltr'>ita</span> <span class='ocrx_word' id='word_1_8' title='bbox 1203 552 1259 592; x_wconf 86' lang='lat' dir='ltr'>se</span> <span class='ocrx_word' id='word_1_9' title='bbox 1279 539 1487 603; x_wconf 83' lang='lat' dir='ltr'>babeat,</span> <span class='ocrx_word' id='word_1_10' title='bbox 1502 554 1606 590; x_wconf 91' lang='lat' dir='ltr'>nou</span> 
     </span>
     <span class='ocr_line' id='line_1_3' title="bbox 549 618 1604 688; baseline -0.007 -14"><span class='ocrx_word' id='word_1_11' title='bbox 549 625 809 674; x_wconf 84' lang='lat' dir='ltr'>immerito</span> <span class='ocrx_word' id='word_1_12' title='bbox 855 620 1236 688; x_wconf 76' lang='lat' dir='ltr'>disquirendum</span> <span class='ocrx_word' id='word_1_13' title='bbox 1271 618 1368 667; x_wconf 86' lang='lat' dir='ltr'>sibi</span> <span class='ocrx_word' id='word_1_14' title='bbox 1417 618 1604 667; x_wconf 86' lang='lat' dir='ltr'>Franc.</span> 
     </span>
     <span class='ocr_line' id='line_1_4' title="bbox 549 695 1606 765; baseline -0.008 -15"><span class='ocrx_word' id='word_1_15' title='bbox 549 701 788 765; x_wconf 84' lang='lat' dir='ltr'>Guyetus</span> <span class='ocrx_word' id='word_1_16' title='bbox 809 697 1144 749; x_wconf 76' lang='lat' dir='ltr'>existimavit.</span> <span class='ocrx_word' id='word_1_17' title='bbox 1182 697 1339 746; x_wconf 85' lang='lat' dir='ltr'>Certe</span> <span class='ocrx_word' id='word_1_18' title='bbox 1364 700 1467 743; x_wconf 82' lang='lat' dir='ltr'>tam</span> <span class='ocrx_word' id='word_1_19' title='bbox 1481 695 1606 743; x_wconf 88' lang='lat' dir='ltr'>mul·</span> 
     </span>
     <span class='ocr_line' id='line_1_5' title="bbox 547 772 1607 834; baseline -0.008 -7"><span class='ocrx_word' id='word_1_20' title='bbox 547 785 604 827; x_wconf 84' lang='lat' dir='ltr'>ta</span> <span class='ocrx_word' id='word_1_21' title='bbox 639 777 692 826; x_wconf 89' lang='lat' dir='ltr'>in</span> <span class='ocrx_word' id='word_1_22' title='bbox 729 777 908 825; x_wconf 88' lang='lat' dir='ltr'>metris</span> <span class='ocrx_word' id='word_1_23' title='bbox 928 772 1275 834; x_wconf 86' lang='lat' dir='ltr'>Terentianis,</span> <span class='ocrx_word' id='word_1_24' title='bbox 1295 777 1480 820; x_wconf 84' lang='lat' dir='ltr'>contra</span> <span class='ocrx_word' id='word_1_25' title='bbox 1500 785 1607 820; x_wconf 86' lang='lat' dir='ltr'>om·</span> 
     </span>
     <span class='ocr_line' id='line_1_6' title="bbox 544 848 1607 917; baseline -0.007 -15"><span class='ocrx_word' id='word_1_26' title='bbox 544 853 685 902; x_wconf 86' lang='lat' dir='ltr'>nium</span> <span class='ocrx_word' id='word_1_27' title='bbox 723 850 1000 917; x_wconf 85' lang='lat' dir='ltr'>aliquando</span> <span class='ocrx_word' id='word_1_28' title='bbox 1040 849 1288 900; x_wconf 82' lang='lat' dir='ltr'>Codicum</span> <span class='ocrx_word' id='word_1_29' title='bbox 1326 848 1607 898; x_wconf 82' lang='lat' dir='ltr'>auctorita-</span> 
     </span>
     <span class='ocr_line' id='line_1_7' title="bbox 547 921 1608 991; baseline -0.008 -12"><span class='ocrx_word' id='word_1_30' title='bbox 547 936 675 991; x_wconf 88' lang='lat' dir='ltr'><strong>tem,</strong></span> <span class='ocrx_word' id='word_1_31' title='bbox 698 926 987 978; x_wconf 84' lang='lat' dir='ltr'>immutavit</span> <span class='ocrx_word' id='word_1_32' title='bbox 1010 926 1267 983; x_wconf 86' lang='lat' dir='ltr'>Muretus,</span> <span class='ocrx_word' id='word_1_33' title='bbox 1300 931 1358 972; x_wconf 87' lang='lat' dir='ltr'>ut</span> <span class='ocrx_word' id='word_1_34' title='bbox 1387 921 1608 973; x_wconf 79' lang='lat' dir='ltr'>fortasse</span> 
     </span>
     <span class='ocr_line' id='line_1_8' title="bbox 543 1000 1608 1070; baseline -0.005 -16"><span class='ocrx_word' id='word_1_35' title='bbox 543 1006 710 1068; x_wconf 85' lang='lat' dir='ltr'>magis</span> <span class='ocrx_word' id='word_1_36' title='bbox 731 1003 984 1070; x_wconf 89' lang='lat' dir='ltr'>probandi</span> <span class='ocrx_word' id='word_1_37' title='bbox 1008 1004 1130 1067; x_wconf 88' lang='lat' dir='ltr'>sint,</span> <span class='ocrx_word' id='word_1_38' title='bbox 1152 1001 1238 1068; x_wconf 89' lang='lat' dir='ltr'>qui</span> <span class='ocrx_word' id='word_1_39' title='bbox 1262 1003 1343 1051; x_wconf 80' lang='lat' dir='ltr'>vel</span> <span class='ocrx_word' id='word_1_40' title='bbox 1365 1000 1608 1052; x_wconf 84' lang='lat' dir='ltr'>vitiosum</span> 
     </span>
     <span class='ocr_line' id='line_1_9' title="bbox 545 1079 1607 1144; baseline -0.004 -13"><span class='ocrx_word' id='word_1_41' title='bbox 545 1092 789 1144; x_wconf 86' lang='lat' dir='ltr'>metrum,</span> <span class='ocrx_word' id='word_1_42' title='bbox 813 1082 900 1132; x_wconf 91' lang='lat' dir='ltr'>ubi</span> <span class='ocrx_word' id='word_1_43' title='bbox 924 1082 1130 1132; x_wconf 88' lang='lat' dir='ltr'>codices</span> <span class='ocrx_word' id='word_1_44' title='bbox 1152 1079 1506 1135; x_wconf 84' lang='lat' dir='ltr'>consentiunt,</span> <span class='ocrx_word' id='word_1_45' title='bbox 1529 1092 1607 1127; x_wconf 86' lang='lat' dir='ltr'>re·</span> 
     </span>
     <span class='ocr_line' id='line_1_10' title="bbox 548 1155 1605 1223; baseline -0.004 -16"><span class='ocrx_word' id='word_1_46' title='bbox 548 1159 740 1219; x_wconf 81' lang='lat' dir='ltr'>tinere,</span> <span class='ocrx_word' id='word_1_47' title='bbox 788 1173 943 1223; x_wconf 87' lang='lat' dir='ltr'>quarn</span> <span class='ocrx_word' id='word_1_48' title='bbox 991 1164 1190 1208; x_wconf 86' lang='lat' dir='ltr'>tantum</span> <span class='ocrx_word' id='word_1_49' title='bbox 1235 1155 1343 1206; x_wconf 62' lang='lat' dir='ltr'>sibi*</span> <span class='ocrx_word' id='word_1_50' title='bbox 1376 1155 1605 1205; x_wconf 83' lang='lat' dir='ltr'>licentiae</span> 
     </span>
     <span class='ocr_line' id='line_1_11' title="bbox 547 1232 1605 1297; baseline -0.003 -14"><span class='ocrx_word' id='word_1_51' title='bbox 547 1248 750 1297; x_wconf 74' lang='lat' dir='ltr'>stimet-e</span> <span class='ocrx_word' id='word_1_52' title='bbox 786 1236 1135 1286; x_wconf 84' lang='lat' dir='ltr'>instituerunt.</span> <span class='ocrx_word' id='word_1_53' title='bbox 1167 1249 1246 1284; x_wconf 81' lang='lat' dir='ltr'>vs.</span> <span class='ocrx_word' id='word_1_54' title='bbox 1268 1238 1319 1283; x_wconf 80' lang='lat'>2.</span> <span class='ocrx_word' id='word_1_55' title='bbox 1351 1233 1455 1282; x_wconf 89' lang='lat' dir='ltr'>duo</span> <span class='ocrx_word' id='word_1_56' title='bbox 1477 1232 1605 1281; x_wconf 82' lang='lat' dir='ltr'>Mss.</span> 
     </span>
     <span class='ocr_line' id='line_1_12' title="bbox 548 1312 1610 1377; baseline -0.007 -11"><span class='ocrx_word' id='word_1_57' title='bbox 548 1316 715 1366; x_wconf 80' lang='lat' dir='ltr'>nostri</span> <span class='ocrx_word' id='word_1_58' title='bbox 759 1314 976 1377; x_wconf 86' lang='lat' dir='ltr'>habent,</span> <span class='ocrx_word' id='word_1_59' title='bbox 1014 1328 1040 1363; x_wconf 86' lang='lat' dir='ltr'>e</span> <span class='ocrx_word' id='word_1_60' title='bbox 1084 1314 1262 1371; x_wconf 78' lang='lat' dir='ltr'>Davo,-</span> <span class='ocrx_word' id='word_1_61' title='bbox 1311 1312 1500 1362; x_wconf 84' lang='lat' dir='ltr'>tertius</span> <span class='ocrx_word' id='word_1_62' title='bbox 1544 1325 1610 1360; x_wconf 77' lang='lat' dir='ltr'>ex.</span> 
     </span>
     <span class='ocr_line' id='line_1_13' title="bbox 549 1384 1606 1446; baseline -0.007 0"><span class='ocrx_word' id='word_1_63' title='bbox 549 1384 709 1446; x_wconf 83' lang='lat' dir='ltr'>Davo.</span> <span class='ocrx_word' id='word_1_64' title='bbox 731 1411 805 1445; x_wconf 84' lang='lat' dir='ltr'>vs.</span> <span class='ocrx_word' id='word_1_65' title='bbox 827 1398 876 1444; x_wconf 76' lang='grc'>4.</span> <span class='ocrx_word' id='word_1_66' title='bbox 911 1408 1074 1445; x_wconf 78' lang='lat' dir='ltr'>unus:</span> <span class='ocrx_word' id='word_1_67' title='bbox 1105 1394 1380 1443; x_wconf 81' lang='lat' dir='ltr'>lassuscura</span> <span class='ocrx_word' id='word_1_68' title='bbox 1419 1397 1467 1441; x_wconf 78' lang='lat' dir='ltr'>et</span> <span class='ocrx_word' id='word_1_69' title='bbox 1498 1406 1606 1440; x_wconf 79' lang='lat' dir='ltr'>coa·</span> 
     </span>
     <span class='ocr_line' id='line_1_14' title="bbox 532 1469 1608 1535; baseline -0.007 -12"><span class='ocrx_word' id='word_1_70' title='bbox 532 1475 710 1535; x_wconf 80' lang='lat' dir='ltr'>sectus.</span> <span class='ocrx_word' id='word_1_71' title='bbox 730 1479 905 1524; x_wconf 84' lang='lat' dir='ltr'>vss.&#39;5.</span> <span class='ocrx_word' id='word_1_72' title='bbox 923 1478 979 1523; x_wconf 91' lang='lat' dir='ltr'>et</span> <span class='ocrx_word' id='word_1_73' title='bbox 1005 1476 1055 1521; x_wconf 81' lang='lat'>6.</span> <span class='ocrx_word' id='word_1_74' title='bbox 1080 1470 1184 1519; x_wconf 85' lang='lat' dir='ltr'>duo</span> <span class='ocrx_word' id='word_1_75' title='bbox 1222 1470 1354 1519; x_wconf 79' lang='lat' dir='ltr'>Mss.</span> <span class='ocrx_word' id='word_1_76' title='bbox 1391 1469 1608 1532; x_wconf 79' lang='lat' dir='ltr'>quoniam</span> 
     </span>
     <span class='ocr_line' id='line_1_15' title="bbox 547 1545 1606 1615; baseline -0.008 -15"><span class='ocrx_word' id='word_1_77' title='bbox 547 1565 641 1600; x_wconf 76' lang='lat' dir='ltr'>non</span> <span class='ocrx_word' id='word_1_78' title='bbox 658 1548 967 1614; x_wconf 47' lang='lat' dir='ltr'>potest-fieri,</span> <span class='ocrx_word' id='word_1_79' title='bbox 998 1549 1118 1610; x_wconf 82' lang='lat' dir='ltr'>quod</span> <span class='ocrx_word' id='word_1_80' title='bbox 1136 1547 1227 1604; x_wconf 77' lang='lat' dir='ltr'>vis,</span> <span class='ocrx_word' id='word_1_81' title='bbox 1247 1545 1301 1594; x_wconf 84' lang='lat' dir='ltr'>id</span> <span class='ocrx_word' id='word_1_82' title='bbox 1332 1545 1451 1615; x_wconf 66' lang='lat' dir='ltr'>uelis</span> <span class='ocrx_word' id='word_1_83' title='bbox 1487 1545 1606 1608; x_wconf 85' lang='lat' dir='ltr'>quod</span> 
     </span>
     <span class='ocr_line' id='line_1_16' title="bbox 543 1618 1609 1689; baseline -0.007 -12"><span class='ocrx_word' id='word_1_84' title='bbox 543 1628 694 1689; x_wconf 82' lang='lat' dir='ltr'>possit</span> <span class='ocrx_word' id='word_1_85' title='bbox 709 1642 726 1674; x_wconf 93' lang='lat'>.·</span> <span class='ocrx_word' id='word_1_86' title='bbox 749 1627 934 1676; x_wconf 83' lang='lat' dir='ltr'>tertius</span> <span class='ocrx_word' id='word_1_87' title='bbox 951 1641 964 1674; x_wconf 72' lang='grc' dir='ltr'>ε</span> <span class='ocrx_word' id='word_1_88' title='bbox 990 1623 1208 1688; x_wconf 75' lang='lat' dir='ltr'>quoniam</span> <span class='ocrx_word' id='word_1_89' title='bbox 1227 1636 1319 1672; x_wconf 77' lang='lat' dir='ltr'>non</span> <span class='ocrx_word' id='word_1_90' title='bbox 1331 1618 1485 1687; x_wconf 78' lang='lat' dir='ltr'>potest</span> <span class='ocrx_word' id='word_1_91' title='bbox 1487 1621 1609 1685; x_wconf 84' lang='lat' dir='ltr'>fieri</span> 
     </span>
     <span class='ocr_line' id='line_1_17' title="bbox 541 1699 1607 1768; baseline -0.003 -15"><span class='ocrx_word' id='word_1_92' title='bbox 541 1705 597 1753; x_wconf 80' lang='lat' dir='ltr'>id</span> <span class='ocrx_word' id='word_1_93' title='bbox 618 1707 739 1768; x_wconf 83' lang='lat' dir='ltr'>quod</span> <span class='ocrx_word' id='word_1_94' title='bbox 759 1704 852 1765; x_wconf 84' lang='lat' dir='ltr'>vis,</span> <span class='ocrx_word' id='word_1_95' title='bbox 885 1704 937 1753; x_wconf 90' lang='lat' dir='ltr'>id</span> <span class='ocrx_word' id='word_1_96' title='bbox 957 1704 1072 1757; x_wconf 73' lang='lat' dir='ltr'>velis</span> <span class='ocrx_word' id='word_1_97' title='bbox 1093 1703 1213 1767; x_wconf 81' lang='lat' dir='ltr'>quod</span> <span class='ocrx_word' id='word_1_98' title='bbox 1236 1699 1433 1766; x_wconf 82' lang='lat' dir='ltr'>possit!</span> <span class='ocrx_word' id='word_1_99' title='bbox 1466 1700 1607 1751; x_wconf 87' lang='lat' dir='ltr'>circa</span> 
     </span>
     <span class='ocr_line' id='line_1_18' title="bbox 547 1778 1608 1846; baseline -0.005 -14"><span class='ocrx_word' id='word_1_100' title='bbox 547 1786 598 1832; x_wconf 94' lang='grc'>7.</span> <span class='ocrx_word' id='word_1_101' title='bbox 645 1783 894 1846; x_wconf 86' lang='lat' dir='ltr'>plurimus</span> <span class='ocrx_word' id='word_1_102' title='bbox 932 1782 1111 1844; x_wconf 75' lang='lat' dir='ltr'>labor:</span> <span class='ocrx_word' id='word_1_103' title='bbox 1163 1781 1281 1830; x_wconf 79' lang='lat' dir='ltr'>vide</span> <span class='ocrx_word' id='word_1_104' title='bbox 1330 1778 1608 1842; x_wconf 66' lang='lat' dir='ltr'>Faernum,</span> 
     </span>
     <span class='ocr_line' id='line_1_19' title="bbox 547 1858 1607 1926; baseline -0.005 -16"><span class='ocrx_word' id='word_1_105' title='bbox 547 1861 636 1926; x_wconf 88' lang='lat' dir='ltr'>qui</span> <span class='ocrx_word' id='word_1_106' title='bbox 660 1861 785 1910; x_wconf 89' lang='lat' dir='ltr'>nihil</span> <span class='ocrx_word' id='word_1_107' title='bbox 808 1868 1007 1911; x_wconf 87' lang='lat' dir='ltr'>mutare</span> <span class='ocrx_word' id='word_1_108' title='bbox 1030 1860 1187 1910; x_wconf 88' lang='lat' dir='ltr'>audet</span> <span class='ocrx_word' id='word_1_109' title='bbox 1210 1866 1303 1921; x_wconf 74' lang='lat' dir='ltr'>:et</span> <span class='ocrx_word' id='word_1_110' title='bbox 1321 1858 1607 1921; x_wconf 83' lang='lat' dir='ltr'>Guyetum‚</span> 
     </span>
     <span class='ocr_line' id='line_1_20' title="bbox 546 1935 1605 2001; baseline -0.003 -15"><span class='ocrx_word' id='word_1_111' title='bbox 546 1936 782 2001; x_wconf 87' lang='lat' dir='ltr'>quiduos</span> <span class='ocrx_word' id='word_1_112' title='bbox 806 1935 937 1988; x_wconf 77' lang='lat' dir='ltr'>facit</span> <span class='ocrx_word' id='word_1_113' title='bbox 968 1945 1022 1988; x_wconf 89' lang='lat' dir='ltr'>et</span> <span class='ocrx_word' id='word_1_114' title='bbox 1067 1937 1348 1987; x_wconf 84' lang='lat' dir='ltr'>emendat:</span> <span class='ocrx_word' id='word_1_115' title='bbox 1383 1949 1514 1984; x_wconf 87' lang='lat' dir='ltr'>unus</span> <span class='ocrx_word' id='word_1_116' title='bbox 1537 1949 1605 1984; x_wconf 85' lang='lat' dir='ltr'>ex</span> 
     </span>
     <span class='ocr_line' id='line_1_21' title="bbox 545 2016 1601 2089; baseline 0.002 -23"><span class='ocrx_word' id='word_1_117' title='bbox 545 2016 738 2089; x_wconf 71' lang='lat' dir='ltr'>nostris</span> <span class='ocrx_word' id='word_1_118' title='bbox 773 2017 1040 2068; x_wconf 83' lang='lat' dir='ltr'>codicibus</span> <span class='ocrx_word' id='word_1_119' title='bbox 1077 2018 1259 2081; x_wconf 87' lang='lat' dir='ltr'>habet,</span> <span class='ocrx_word' id='word_1_120' title='bbox 1293 2024 1352 2068; x_wconf 86' lang='lat' dir='ltr'>ut</span> <span class='ocrx_word' id='word_1_121' title='bbox 1376 2017 1601 2081; x_wconf 78' lang='lat' dir='ltr'>reliqui:</span> 
     </span>
     <span class='ocr_line' id='line_1_22' title="bbox 544 2094 1603 2160; baseline -0.001 -16"><span class='ocrx_word' id='word_1_122' title='bbox 544 2096 680 2145; x_wconf 81' lang='lat' dir='ltr'>sicut</span> <span class='ocrx_word' id='word_1_123' title='bbox 724 2094 1014 2145; x_wconf 78' lang='lat' dir='ltr'>edidimus:</span> <span class='ocrx_word' id='word_1_124' title='bbox 1050 2095 1153 2144; x_wconf 88' lang='lat' dir='ltr'>duo</span> <span class='ocrx_word' id='word_1_125' title='bbox 1188 2102 1394 2145; x_wconf 85' lang='lat' dir='ltr'>autem:</span> <span class='ocrx_word' id='word_1_126' title='bbox 1427 2095 1508 2160; x_wconf 80' lang='lat' dir='ltr'>qui</span> <span class='ocrx_word' id='word_1_127' title='bbox 1539 2095 1603 2143; x_wconf 80' lang='lat' dir='ltr'>is-</span> 
     </span>
     <span class='ocr_line' id='line_1_23' title="bbox 545 2171 1604 2222; baseline 0.002 -2"><span class='ocrx_word' id='word_1_128' title='bbox 545 2177 646 2220; x_wconf 79' lang='lat' dir='ltr'>tum</span> <span class='ocrx_word' id='word_1_129' title='bbox 664 2186 869 2221; x_wconf 83' lang='lat' dir='ltr'>amorem</span> <span class='ocrx_word' id='word_1_130' title='bbox 888 2171 947 2221; x_wconf 78' lang='lat' dir='ltr'>ab</span> <span class='ocrx_word' id='word_1_131' title='bbox 967 2172 1126 2222; x_wconf 81' lang='lat' dir='ltr'>animo</span> <span class='ocrx_word' id='word_1_132' title='bbox 1145 2186 1334 2222; x_wconf 82' lang='lat' dir='ltr'>moveas</span> <span class='ocrx_word' id='word_1_133' title='bbox 1352 2177 1458 2222; x_wconf 74' lang='lat' dir='ltr'>tuo.-</span> <span class='ocrx_word' id='word_1_134' title='bbox 1485 2171 1604 2222; x_wconf 85' lang='lat' dir='ltr'>vide</span> 
     </span>
     <span class='ocr_line' id='line_1_24' title="bbox 542 2248 1604 2311; baseline 0.005 -16"><span class='ocrx_word' id='word_1_135' title='bbox 542 2249 701 2297; x_wconf 87' lang='lat' dir='ltr'>etiam</span> <span class='ocrx_word' id='word_1_136' title='bbox 769 2248 1110 2311; x_wconf 82' lang='lat' dir='ltr'>Antesignani</span> <span class='ocrx_word' id='word_1_137' title='bbox 1163 2248 1463 2300; x_wconf 83' lang='lat' dir='ltr'>editionem.</span> <span class='ocrx_word' id='word_1_138' title='bbox 1527 2265 1604 2300; x_wconf 84' lang='lat' dir='ltr'>vs.</span> 
     </span>
     <span class='ocr_line' id='line_1_25' title="bbox 544 2326 1603 2391; baseline 0.004 -17"><span class='ocrx_word' id='word_1_139' title='bbox 544 2329 627 2375; x_wconf 92' lang='lat'>11.</span> <span class='ocrx_word' id='word_1_140' title='bbox 663 2339 756 2389; x_wconf 86' lang='lat' dir='ltr'>pro</span> <span class='ocrx_word' id='word_1_141' title='bbox 791 2326 916 2388; x_wconf 82' lang='lat' dir='ltr'>agit,</span> <span class='ocrx_word' id='word_1_142' title='bbox 949 2326 1052 2376; x_wconf 91' lang='lat' dir='ltr'>duo</span> <span class='ocrx_word' id='word_1_143' title='bbox 1077 2326 1385 2391; x_wconf 67' lang='lat' dir='ltr'>praeferunt,</span> <span class='ocrx_word' id='word_1_144' title='bbox 1415 2328 1503 2378; x_wconf 75' lang='lat' dir='ltr'>ait.</span> <span class='ocrx_word' id='word_1_145' title='bbox 1528 2338 1603 2378; x_wconf 70' lang='grc' dir='ltr'>νε.</span> 
     </span>
     <span class='ocr_line' id='line_1_26' title="bbox 544 2406 1605 2472; baseline 0.007 -19"><span class='ocrx_word' id='word_1_146' title='bbox 544 2406 627 2454; x_wconf 87' lang='grc'>13.</span> <span class='ocrx_word' id='word_1_147' title='bbox 653 2419 746 2468; x_wconf 90' lang='lat' dir='ltr'>pro</span> <span class='ocrx_word' id='word_1_148' title='bbox 758 2406 949 2469; x_wconf 81' lang='lat' dir='ltr'>prodat,</span> <span class='ocrx_word' id='word_1_149' title='bbox 963 2420 1140 2456; x_wconf 88' lang='lat' dir='ltr'>omnes</span> <span class='ocrx_word' id='word_1_150' title='bbox 1156 2408 1322 2456; x_wconf 82' lang='lat' dir='ltr'>nostri</span> <span class='ocrx_word' id='word_1_151' title='bbox 1337 2406 1605 2472; x_wconf 78' lang='lat' dir='ltr'>protrahat.</span> 
     </span>
     <span class='ocr_line' id='line_1_27' title="bbox 541 2487 1602 2553; baseline 0.008 -21"><span class='ocrx_word' id='word_1_152' title='bbox 541 2497 618 2532; x_wconf 82' lang='lat' dir='ltr'>vs.</span> <span class='ocrx_word' id='word_1_153' title='bbox 640 2487 721 2533; x_wconf 90' lang='grc'>17.</span> <span class='ocrx_word' id='word_1_154' title='bbox 747 2497 843 2547; x_wconf 87' lang='lat' dir='ltr'>pro</span> <span class='ocrx_word' id='word_1_155' title='bbox 855 2499 972 2545; x_wconf 81' lang='lat' dir='ltr'>rem,</span> <span class='ocrx_word' id='word_1_156' title='bbox 996 2498 1190 2545; x_wconf 87' lang='lat' dir='ltr'>omues,</span> <span class='ocrx_word' id='word_1_157' title='bbox 1223 2500 1407 2536; x_wconf 80' lang='lat' dir='ltr'>crucem</span> <span class='ocrx_word' id='word_1_158' title='bbox 1421 2503 1441 2546; x_wconf 91' lang='lat'>,·</span> <span class='ocrx_word' id='word_1_159' title='bbox 1464 2490 1602 2553; x_wconf 89' lang='lat' dir='ltr'>quod</span> 
     </span>
     <span class='ocr_line' id='line_1_28' title="bbox 545 2559 1605 2618; baseline 0.008 -10"><span class='ocrx_word' id='word_1_160' title='bbox 545 2566 746 2609; x_wconf 89' lang='lat' dir='ltr'>rectum</span> <span class='ocrx_word' id='word_1_161' title='bbox 785 2559 1032 2611; x_wconf 77' lang='lat' dir='ltr'>arbitror.</span> <span class='ocrx_word' id='word_1_162' title='bbox 1079 2576 1156 2611; x_wconf 84' lang='lat' dir='ltr'>vs.</span> <span class='ocrx_word' id='word_1_163' title='bbox 1195 2565 1275 2613; x_wconf 85' lang='lat'>21.</span> <span class='ocrx_word' id='word_1_164' title='bbox 1317 2577 1488 2614; x_wconf 89' lang='lat' dir='ltr'>unns:</span> <span class='ocrx_word' id='word_1_165' title='bbox 1532 2566 1605 2618; x_wconf 79' lang='lat' dir='ltr'>ita</span> 
     </span>
     <span class='ocr_line' id='line_1_29' title="bbox 543 2636 1605 2702; baseline 0.008 -17"><span class='ocrx_word' id='word_1_166' title='bbox 543 2636 698 2686; x_wconf 79' lang='lat' dir='ltr'>aiunt.</span> <span class='ocrx_word' id='word_1_167' title='bbox 717 2651 792 2686; x_wconf 88' lang='lat' dir='ltr'>vs.</span> <span class='ocrx_word' id='word_1_168' title='bbox 812 2641 894 2686; x_wconf 81' lang='grc'>26.</span> <span class='ocrx_word' id='word_1_169' title='bbox 917 2636 1020 2686; x_wconf 90' lang='lat' dir='ltr'>duo</span> <span class='ocrx_word' id='word_1_170' title='bbox 1037 2652 1158 2687; x_wconf 80' lang='lat' dir='ltr'>nunc</span> <span class='ocrx_word' id='word_1_171' title='bbox 1175 2643 1224 2687; x_wconf 77' lang='lat' dir='ltr'>le</span> <span class='ocrx_word' id='word_1_172' title='bbox 1241 2653 1328 2702; x_wconf 84' lang='lat' dir='ltr'>per</span> <span class='ocrx_word' id='word_1_173' title='bbox 1343 2637 1605 2693; x_wconf 72' lang='lat' dir='ltr'>amicitiam</span> 
     </span>
     <span class='ocr_line' id='line_1_30' title="bbox 544 2712 1605 2769; baseline 0.006 -7"><span class='ocrx_word' id='word_1_174' title='bbox 544 2717 592 2762; x_wconf 80' lang='lat' dir='ltr'>et</span> <span class='ocrx_word' id='word_1_175' title='bbox 633 2728 839 2763; x_wconf 87' lang='lat' dir='ltr'>amorem</span> <span class='ocrx_word' id='word_1_176' title='bbox 862 2712 1058 2765; x_wconf 81' lang='lat' dir='ltr'>obsecro.</span> <span class='ocrx_word' id='word_1_177' title='bbox 1095 2728 1165 2764; x_wconf 80' lang='lat' dir='ltr'>vs.</span> <span class='ocrx_word' id='word_1_178' title='bbox 1186 2715 1268 2765; x_wconf 77' lang='grc'>30.</span> <span class='ocrx_word' id='word_1_179' title='bbox 1293 2715 1426 2766; x_wconf 90' lang='lat' dir='ltr'>duo:</span> <span class='ocrx_word' id='word_1_180' title='bbox 1464 2718 1605 2769; x_wconf 79' lang='lat' dir='ltr'>liberi</span> 
     </span>
     <span class='ocr_line' id='line_1_31' title="bbox 543 2790 1601 2859; baseline 0.008 -22"><span class='ocrx_word' id='word_1_181' title='bbox 543 2804 642 2839; x_wconf 83' lang='lat' dir='ltr'>esse</span> <span class='ocrx_word' id='word_1_182' title='bbox 660 2794 775 2853; x_wconf 81' lang='lat' dir='ltr'>puto</span> <span class='ocrx_word' id='word_1_183' title='bbox 797 2790 1016 2840; x_wconf 78' lang='lat' dir='ltr'>hominis.</span> <span class='ocrx_word' id='word_1_184' title='bbox 1051 2807 1130 2842; x_wconf 81' lang='lat' dir='ltr'>vs.</span> <span class='ocrx_word' id='word_1_185' title='bbox 1150 2796 1229 2842; x_wconf 93' lang='grc'>31.</span> <span class='ocrx_word' id='word_1_186' title='bbox 1253 2808 1430 2843; x_wconf 87' lang='lat' dir='ltr'>omnes</span> <span class='ocrx_word' id='word_1_187' title='bbox 1451 2812 1464 2842; x_wconf 89' lang='lat'>:</span> <span class='ocrx_word' id='word_1_188' title='bbox 1492 2811 1601 2859; x_wconf 81' lang='lat' dir='ltr'>pro·</span> 
     </span>
     <span class='ocr_line' id='line_1_32' title="bbox 540 2869 1603 2939; baseline 0.009 -25"><span class='ocrx_word' id='word_1_189' title='bbox 540 2872 795 2916; x_wconf 83' lang='lat' dir='ltr'>mereatur.</span> <span class='ocrx_word' id='word_1_190' title='bbox 818 2873 875 2916; x_wconf 91' lang='lat' dir='ltr'>et</span> <span class='ocrx_word' id='word_1_191' title='bbox 897 2882 972 2917; x_wconf 74' lang='lat' dir='ltr'>vs,</span> <span class='ocrx_word' id='word_1_192' title='bbox 993 2872 1074 2917; x_wconf 84' lang='grc'>36.</span> <span class='ocrx_word' id='word_1_193' title='bbox 1089 2869 1238 2931; x_wconf 69' lang='lat' dir='ltr'>cuius.</span> <span class='ocrx_word' id='word_1_194' title='bbox 1261 2886 1337 2921; x_wconf 85' lang='lat' dir='ltr'>vs.</span> <span class='ocrx_word' id='word_1_195' title='bbox 1355 2875 1436 2921; x_wconf 82' lang='grc'>37.</span> <span class='ocrx_word' id='word_1_196' title='bbox 1463 2874 1603 2939; x_wconf 81' lang='lat' dir='ltr'>scire,</span> 
     </span>
     <span class='ocr_line' id='line_1_33' title="bbox 539 2946 1119 2999; baseline 0.01 -6"><span class='ocrx_word' id='word_1_197' title='bbox 539 2959 642 2994; x_wconf 89' lang='lat' dir='ltr'>non</span> <span class='ocrx_word' id='word_1_198' title='bbox 666 2946 797 2996; x_wconf 81' lang='lat' dir='ltr'>sciri.</span> <span class='ocrx_word' id='word_1_199' title='bbox 834 2948 1119 2999; x_wconf 88' lang='lat' dir='ltr'>Boeclerus.</span> 
     </span>
    </p>

    <p class='ocr_par' dir='ltr' id='par_1_3' title="bbox 525 3025 1604 3477">
     <span class='ocr_line' id='line_1_34' title="bbox 609 3025 1603 3095; baseline 0.008 -22"><span class='ocrx_word' id='word_1_200' title='bbox 609 3028 634 3073; x_wconf 92' lang='lat'>1</span> <span class='ocrx_word' id='word_1_201' title='bbox 675 3025 804 3081; x_wconf 85' lang='lat' dir='ltr'>Quid</span> <span class='ocrx_word' id='word_1_202' title='bbox 823 3027 898 3075; x_wconf 87' lang='lat' dir='ltr'>ais</span> <span class='ocrx_word' id='word_1_203' title='bbox 921 3027 1128 3092; x_wconf 77' lang='lat' dir='ltr'>Byrria]</span> <span class='ocrx_word' id='word_1_204' title='bbox 1161 3029 1224 3079; x_wconf 83' lang='grc' dir='ltr'>Ῑπ</span> <span class='ocrx_word' id='word_1_205' title='bbox 1253 3030 1338 3079; x_wconf 77' lang='lat' dir='ltr'>hoc</span> <span class='ocrx_word' id='word_1_206' title='bbox 1375 3032 1603 3095; x_wconf 84' lang='lat' dir='ltr'>colloquio</span> 
     </span>
     <span class='ocr_line' id='line_1_35' title="bbox 538 3102 1603 3173; baseline 0.008 -21"><span class='ocrx_word' id='word_1_207' title='bbox 538 3102 692 3153; x_wconf 79' lang='lat' dir='ltr'>altera</span> <span class='ocrx_word' id='word_1_208' title='bbox 726 3118 842 3167; x_wconf 81' lang='lat' dir='ltr'>pars</span> <span class='ocrx_word' id='word_1_209' title='bbox 877 3106 1139 3155; x_wconf 78' lang='lat' dir='ltr'>ostenditur</span> <span class='ocrx_word' id='word_1_210' title='bbox 1160 3104 1364 3165; x_wconf 81' lang='lat' dir='ltr'>sabuloe.</span> <span class='ocrx_word' id='word_1_211' title='bbox 1442 3107 1603 3173; x_wconf 71' lang='lat' dir='ltr'>Siqui-</span> 
     </span>
     <span class='ocr_line' id='line_1_36' title="bbox 537 3181 1604 3239; baseline 0.008 -10"><span class='ocrx_word' id='word_1_212' title='bbox 537 3181 643 3229; x_wconf 87' lang='lat' dir='ltr'>dem</span> <span class='ocrx_word' id='word_1_213' title='bbox 688 3181 874 3231; x_wconf 81' lang='lat' dir='ltr'>Andria</span> <span class='ocrx_word' id='word_1_214' title='bbox 917 3197 980 3231; x_wconf 81' lang='lat' dir='ltr'>ex</span> <span class='ocrx_word' id='word_1_215' title='bbox 1021 3184 1218 3233; x_wconf 80' lang='lat' dir='ltr'>duorum</span> <span class='ocrx_word' id='word_1_216' title='bbox 1261 3186 1604 3239; x_wconf 74' lang='lat' dir='ltr'>adolescentum</span> 
     </span>
     <span class='ocr_line' id='line_1_37' title="bbox 535 3257 1604 3326; baseline 0.009 -22"><span class='ocrx_word' id='word_1_217' title='bbox 535 3257 789 3318; x_wconf 74' lang='lat' dir='ltr'>pavoribus</span> <span class='ocrx_word' id='word_1_218' title='bbox 820 3260 1102 3325; x_wconf 75' lang='lat' dir='ltr'>gaudiisque</span> <span class='ocrx_word' id='word_1_219' title='bbox 1144 3263 1455 3326; x_wconf 78' lang='lat' dir='ltr'>componitur,</span> <span class='ocrx_word' id='word_1_220' title='bbox 1494 3281 1604 3315; x_wconf 83' lang='lat' dir='ltr'>cum</span> 
     </span>
     <span class='ocr_line' id='line_1_38' title="bbox 525 3330 1603 3400; baseline 0.014 -22"><span class='ocrx_word' id='word_1_221' title='bbox 525 3330 637 3387; x_wconf 80' lang='lat' dir='ltr'>sere</span> <span class='ocrx_word' id='word_1_222' title='bbox 671 3334 818 3383; x_wconf 85' lang='lat' dir='ltr'>solam</span> <span class='ocrx_word' id='word_1_223' title='bbox 848 3336 1090 3400; x_wconf 78' lang='lat' dir='ltr'>Hecyram</span> <span class='ocrx_word' id='word_1_224' title='bbox 1110 3339 1358 3389; x_wconf 73' lang='lat' dir='ltr'>Terentius</span> <span class='ocrx_word' id='word_1_225' title='bbox 1379 3355 1441 3390; x_wconf 82' lang='lat' dir='ltr'>ex</span> <span class='ocrx_word' id='word_1_226' title='bbox 1460 3342 1603 3393; x_wconf 80' lang='lat' dir='ltr'>unius</span> 
     </span>
     <span class='ocr_line' id='line_1_39' title="bbox 537 3410 1601 3477; baseline 0.013 -22"><span class='ocrx_word' id='word_1_227' title='bbox 537 3410 760 3458; x_wconf 83' lang='lat' dir='ltr'>comoedia</span> <span class='ocrx_word' id='word_1_228' title='bbox 777 3412 1078 3461; x_wconf 82' lang='lat' dir='ltr'>adolescentis</span> <span class='ocrx_word' id='word_1_229' title='bbox 1090 3412 1318 3477; x_wconf 79' lang='lat' dir='ltr'>effecerit.</span> <span class='ocrx_word' id='word_1_230' title='bbox 1343 3416 1601 3471; x_wconf 79' lang='lat' dir='ltr'>Donatus.</span> 
     </span>
    </p>

    <p class='ocr_par' dir='ltr' id='par_1_4' title="bbox 535 3485 1604 3924">
     <span class='ocr_line' id='line_1_40' title="bbox 605 3485 1601 3554; baseline 0.011 -21"><span class='ocrx_word' id='word_1_231' title='bbox 605 3485 666 3535; x_wconf 90' lang='lat' dir='ltr'>C.</span> <span class='ocrx_word' id='word_1_232' title='bbox 700 3486 847 3547; x_wconf 86' lang='lat' dir='ltr'>Quid,</span> <span class='ocrx_word' id='word_1_233' title='bbox 866 3488 972 3552; x_wconf 55' lang='grc' dir='ltr'>ξω]</span> <span class='ocrx_word' id='word_1_234' title='bbox 996 3488 1107 3539; x_wconf 84' lang='lat' dir='ltr'>Has</span> <span class='ocrx_word' id='word_1_235' title='bbox 1131 3505 1380 3554; x_wconf 77' lang='lat' dir='ltr'>personas</span> <span class='ocrx_word' id='word_1_236' title='bbox 1403 3493 1601 3544; x_wconf 86' lang='lat' dir='ltr'>Tereu-</span> 
     </span>
     <span class='ocr_line' id='line_1_41' title="bbox 544 3560 1603 3630; baseline 0.012 -21"><span class='ocrx_word' id='word_1_237' title='bbox 544 3560 649 3610; x_wconf 87' lang='lat' dir='ltr'>tius</span> <span class='ocrx_word' id='word_1_238' title='bbox 691 3562 898 3613; x_wconf 87' lang='lat' dir='ltr'>addidit</span> <span class='ocrx_word' id='word_1_239' title='bbox 939 3563 1151 3630; x_wconf 85' lang='lat' dir='ltr'>fabulae,</span> <span class='ocrx_word' id='word_1_240' title='bbox 1185 3581 1304 3616; x_wconf 89' lang='lat' dir='ltr'>nam</span> <span class='ocrx_word' id='word_1_241' title='bbox 1342 3582 1444 3618; x_wconf 88' lang='lat' dir='ltr'>nou</span> <span class='ocrx_word' id='word_1_242' title='bbox 1482 3577 1603 3622; x_wconf 80' lang='lat' dir='ltr'>sunt</span> 
     </span>
     <span class='ocr_line' id='line_1_42' title="bbox 537 3638 1604 3713; baseline 0.011 -27"><span class='ocrx_word' id='word_1_243' title='bbox 537 3638 677 3701; x_wconf 78' lang='lat' dir='ltr'>apud</span> <span class='ocrx_word' id='word_1_244' title='bbox 722 3641 1087 3707; x_wconf 84' lang='lat' dir='ltr'>Menandrum,</span> <span class='ocrx_word' id='word_1_245' title='bbox 1140 3659 1206 3694; x_wconf 89' lang='lat' dir='ltr'>ne</span> <span class='ocrx_word' id='word_1_246' title='bbox 1258 3662 1604 3713; x_wconf 72' lang='grc' dir='ltr'>τραγικαπερον</span> 
     </span>
     <span class='ocr_line' id='line_1_43' title="bbox 535 3712 1601 3785; baseline 0.012 -23"><span class='ocrx_word' id='word_1_247' title='bbox 535 3712 712 3777; x_wconf 87' lang='lat' dir='ltr'>fieret,</span> <span class='ocrx_word' id='word_1_248' title='bbox 760 3716 1121 3769; x_wconf 84' lang='lat' dir='ltr'>’Philumenam</span> <span class='ocrx_word' id='word_1_249' title='bbox 1168 3730 1400 3785; x_wconf 78' lang='lat' dir='ltr'>spretam</span> <span class='ocrx_word' id='word_1_250' title='bbox 1446 3725 1601 3775; x_wconf 86' lang='lat' dir='ltr'>relin-</span> 
     </span>
     <span class='ocr_line' id='line_1_44' title="bbox 537 3794 1598 3863; baseline 0.012 -25"><span class='ocrx_word' id='word_1_251' title='bbox 537 3796 699 3853; x_wconf 82' lang='lat' dir='ltr'>quere</span> <span class='ocrx_word' id='word_1_252' title='bbox 739 3794 849 3844; x_wconf 90' lang='lat' dir='ltr'>sine</span> <span class='ocrx_word' id='word_1_253' title='bbox 890 3810 1097 3860; x_wconf 84' lang='lat' dir='ltr'>sponso,</span> <span class='ocrx_word' id='word_1_254' title='bbox 1139 3797 1417 3863; x_wconf 85' lang='lat' dir='ltr'>Pamphilo</span> <span class='ocrx_word' id='word_1_255' title='bbox 1447 3801 1598 3851; x_wconf 87' lang='lat' dir='ltr'>aliam</span> 
     </span>
     <span class='ocr_line' id='line_1_45' title="bbox 537 3866 966 3924; baseline 0.016 -7"><span class='ocrx_word' id='word_1_256' title='bbox 537 3866 780 3920; x_wconf 87' lang='lat' dir='ltr'>ducente.</span> <span class='ocrx_word' id='word_1_257' title='bbox 815 3873 966 3924; x_wconf 86' lang='lat' dir='ltr'>Idem.</span> 
     </span>
    </p>

    <p class='ocr_par' dir='ltr' id='par_1_5' title="bbox 525 3945 1599 4401">
     <span class='ocr_line' id='line_1_46' title="bbox 604 3945 1599 4018; baseline 0.014 -25"><span class='ocrx_word' id='word_1_258' title='bbox 604 3945 734 4000; x_wconf 83' lang='lat' dir='ltr'>Quid</span> <span class='ocrx_word' id='word_1_259' title='bbox 775 3946 848 3995; x_wconf 90' lang='lat' dir='ltr'>ais</span> <span class='ocrx_word' id='word_1_260' title='bbox 889 3947 1127 4013; x_wconf 78' lang='lat' dir='ltr'>Byrrhia]</span> <span class='ocrx_word' id='word_1_261' title='bbox 1183 3951 1313 4000; x_wconf 87' lang='lat' dir='ltr'>Mihi</span> <span class='ocrx_word' id='word_1_262' title='bbox 1348 3951 1599 4018; x_wconf 84' lang='lat' dir='ltr'>imposuit</span> 
     </span>
     <span class='ocr_line' id='line_1_47' title="bbox 525 4018 1599 4090; baseline 0.016 -23"><span class='ocrx_word' id='word_1_263' title='bbox 525 4018 781 4082; x_wconf 88' lang='lat' dir='ltr'>judicium</span> <span class='ocrx_word' id='word_1_264' title='bbox 839 4024 1063 4087; x_wconf 81' lang='lat' dir='ltr'>Erasmi,</span> <span class='ocrx_word' id='word_1_265' title='bbox 1116 4026 1205 4090; x_wconf 88' lang='lat' dir='ltr'>qui</span> <span class='ocrx_word' id='word_1_266' title='bbox 1257 4028 1371 4082; x_wconf 74' lang='lat' dir='ltr'>boec</span> <span class='ocrx_word' id='word_1_267' title='bbox 1432 4033 1599 4084; x_wconf 86' lang='lat' dir='ltr'>verba</span> 
     </span>
     <span class='ocr_line' id='line_1_48' title="bbox 531 4097 1597 4167; baseline 0.014 -22"><span class='ocrx_word' id='word_1_268' title='bbox 531 4097 694 4163; x_wconf 88' lang='lat' dir='ltr'>(Quid</span> <span class='ocrx_word' id='word_1_269' title='bbox 709 4100 780 4148; x_wconf 90' lang='lat' dir='ltr'>ais</span> <span class='ocrx_word' id='word_1_270' title='bbox 800 4100 1018 4165; x_wconf 72' lang='lat' dir='ltr'>Byrrhia</span> <span class='ocrx_word' id='word_1_271' title='bbox 1029 4101 1074 4167; x_wconf 81' lang='lat'>?)</span> <span class='ocrx_word' id='word_1_272' title='bbox 1090 4105 1294 4167; x_wconf 85' lang='lat' dir='ltr'>putavit</span> <span class='ocrx_word' id='word_1_273' title='bbox 1311 4120 1425 4156; x_wconf 82' lang='lat' dir='ltr'>esse</span> <span class='ocrx_word' id='word_1_274' title='bbox 1441 4107 1597 4160; x_wconf 86' lang='lat' dir='ltr'>finem</span> 
     </span>
     <span class='ocr_line' id='line_1_49' title="bbox 530 4177 1596 4248; baseline 0.013 -27"><span class='ocrx_word' id='word_1_275' title='bbox 530 4187 712 4224; x_wconf 80' lang='lat' dir='ltr'>versus</span> <span class='ocrx_word' id='word_1_276' title='bbox 737 4177 1118 4248; x_wconf 74' lang='lat' dir='ltr'>praecedentis:</span> <span class='ocrx_word' id='word_1_277' title='bbox 1155 4180 1207 4230; x_wconf 93' lang='lat' dir='ltr'>id</span> <span class='ocrx_word' id='word_1_278' title='bbox 1245 4182 1381 4247; x_wconf 90' lang='lat' dir='ltr'>quod</span> <span class='ocrx_word' id='word_1_279' title='bbox 1416 4186 1596 4235; x_wconf 85' lang='lat' dir='ltr'>verisi-</span> 
     </span>
     <span class='ocr_line' id='line_1_50' title="bbox 531 4239 1593 4319; baseline 0.013 -23"><span class='ocrx_word' id='word_1_280' title='bbox 531 4248 654 4299; x_wconf 88' lang='lat' dir='ltr'>mile</span> <span class='ocrx_word' id='word_1_281' title='bbox 678 4265 783 4302; x_wconf 90' lang='lat' dir='ltr'>non</span> <span class='ocrx_word' id='word_1_282' title='bbox 803 4259 906 4314; x_wconf 81' lang='lat' dir='ltr'>est.</span> <span class='ocrx_word' id='word_1_283' title='bbox 971 4239 1127 4319; x_wconf 79' lang='lat' dir='ltr'>Nam,</span> <span class='ocrx_word' id='word_1_284' title='bbox 1152 4256 1195 4305; x_wconf 86' lang='lat' dir='ltr'>si</span> <span class='ocrx_word' id='word_1_285' title='bbox 1228 4272 1336 4307; x_wconf 88' lang='lat' dir='ltr'>rem</span> <span class='ocrx_word' id='word_1_286' title='bbox 1358 4260 1593 4311; x_wconf 86' lang='lat' dir='ltr'>conside-</span> 
     </span>
     <span class='ocr_line' id='line_1_51' title="bbox 534 4315 1595 4401; baseline 0.013 -28"><span class='ocrx_word' id='word_1_287' title='bbox 534 4338 640 4391; x_wconf 87' lang='lat' dir='ltr'>res,</span> <span class='ocrx_word' id='word_1_288' title='bbox 655 4327 792 4379; x_wconf 89' lang='lat' dir='ltr'>uude</span> <span class='ocrx_word' id='word_1_289' title='bbox 817 4315 1067 4381; x_wconf 66' lang='lat' dir='ltr'>Charinus</span> <span class='ocrx_word' id='word_1_290' title='bbox 1084 4331 1264 4384; x_wconf 89' lang='lat' dir='ltr'>audire</span> <span class='ocrx_word' id='word_1_291' title='bbox 1285 4335 1457 4398; x_wconf 86' lang='lat' dir='ltr'>potuit</span> <span class='ocrx_word' id='word_1_292' title='bbox 1475 4351 1595 4401; x_wconf 86' lang='lat' dir='ltr'>pos-</span> 
     </span>
    </p>
   </div>
   <div class='ocr_carea' id='block_1_3' title="bbox 1255 396 2050 448">
    <p class='ocr_par' dir='ltr' id='par_1_6' title="bbox 1255 396 2050 448">
     <span class='ocr_line' id='line_1_52' title="bbox 1255 396 2050 448; baseline 0 0"><span class='ocrx_word' id='word_1_293' title='bbox 1255 397 1471 448; x_wconf 76' lang='lat' dir='ltr'>NoTAE</span> <span class='ocrx_word' id='word_1_294' title='bbox 1520 396 1920 448; x_wconf 76' lang='lat' dir='ltr'>vAluoRUM</span> <span class='ocrx_word' id='word_1_295' title='bbox 1971 400 2050 448; x_wconf 86' lang='lat' dir='ltr'>IN</span> 
     </span>
    </p>
   </div>
   <div class='ocr_carea' id='block_1_4' title="bbox 1683 541 2776 1381">
    <p class='ocr_par' dir='ltr' id='par_1_7' title="bbox 1683 541 2758 1077">
     <span class='ocr_line' id='line_1_53' title="bbox 1688 541 2745 610; baseline 0 -17"><span class='ocrx_word' id='word_1_296' title='bbox 1688 549 1852 593; x_wconf 88' lang='lat' dir='ltr'>trema</span> <span class='ocrx_word' id='word_1_297' title='bbox 1885 543 2105 610; x_wconf 79' lang='lat' dir='ltr'>Mysidis</span> <span class='ocrx_word' id='word_1_298' title='bbox 2148 544 2342 595; x_wconf 78' lang='lat' dir='ltr'>verba?</span> <span class='ocrx_word' id='word_1_299' title='bbox 2396 541 2745 596; x_wconf 76' lang='lat' dir='ltr'>Quamobrem</span> 
     </span>
     <span class='ocr_line' id='line_1_54' title="bbox 1685 618 2745 683; baseline -0.004 -12"><span class='ocrx_word' id='word_1_300' title='bbox 1685 629 1948 671; x_wconf 75' lang='lat' dir='ltr'>extremus</span> <span class='ocrx_word' id='word_1_301' title='bbox 1979 618 2180 670; x_wconf 77' lang='lat' dir='ltr'>&#39;versus</span> <span class='ocrx_word' id='word_1_302' title='bbox 2236 634 2404 670; x_wconf 76' lang='lat' dir='ltr'>scenae</span> <span class='ocrx_word' id='word_1_303' title='bbox 2462 620 2745 683; x_wconf 76' lang='lat' dir='ltr'>superioris</span> 
     </span>
     <span class='ocr_line' id='line_1_55' title="bbox 1683 697 2745 760; baseline -0.003 -12"><span class='ocrx_word' id='word_1_304' title='bbox 1683 698 1843 750; x_wconf 84' lang='lat' dir='ltr'>fuerit</span> <span class='ocrx_word' id='word_1_305' title='bbox 1862 701 2084 750; x_wconf 88' lang='lat' dir='ltr'>dimeter</span> <span class='ocrx_word' id='word_1_306' title='bbox 2111 698 2354 748; x_wconf 80' lang='lat' dir='ltr'>Iambeus</span> <span class='ocrx_word' id='word_1_307' title='bbox 2384 697 2745 760; x_wconf 79' lang='lat' dir='ltr'>catalecticus,</span> 
     </span>
     <span class='ocr_line' id='line_1_56' title="bbox 1685 774 2740 840; baseline -0.009 -9"><span class='ocrx_word' id='word_1_308' title='bbox 1685 788 1738 831; x_wconf 89' lang='lat' dir='ltr'>et</span> <span class='ocrx_word' id='word_1_309' title='bbox 1762 781 1926 829; x_wconf 84' lang='lat' dir='ltr'>Actus</span> <span class='ocrx_word' id='word_1_310' title='bbox 1949 777 2185 840; x_wconf 82' lang='lat' dir='ltr'>inceptus</span> <span class='ocrx_word' id='word_1_311' title='bbox 2207 774 2311 825; x_wconf 86' lang='lat' dir='ltr'>erit</span> <span class='ocrx_word' id='word_1_312' title='bbox 2334 790 2363 823; x_wconf 86' lang='lat' dir='ltr'>a</span> <span class='ocrx_word' id='word_1_313' title='bbox 2385 778 2740 835; x_wconf 79' lang='lat' dir='ltr'>monometro3</span> 
     </span>
     <span class='ocr_line' id='line_1_57' title="bbox 1685 851 2758 921; baseline -0.009 -11"><span class='ocrx_word' id='word_1_314' title='bbox 1685 858 1768 910; x_wconf 89' lang='lat' dir='ltr'>cui</span> <span class='ocrx_word' id='word_1_315' title='bbox 1782 855 2056 921; x_wconf 86' lang='lat' dir='ltr'>subjicitur</span> <span class='ocrx_word' id='word_1_316' title='bbox 2070 851 2608 903; x_wconf 81' lang='lat' dir='ltr'>octonariuslambeus</span> <span class='ocrx_word' id='word_1_317' title='bbox 2624 862 2758 902; x_wconf 77' lang='lat' dir='ltr'>aca-</span> 
     </span>
     <span class='ocr_line' id='line_1_58' title="bbox 1689 928 2745 1013; baseline -0.006 -29"><span class='ocrx_word' id='word_1_318' title='bbox 1689 935 1931 994; x_wconf 84' lang='lat' dir='ltr'>talectus,</span> <span class='ocrx_word' id='word_1_319' title='bbox 1960 930 2109 994; x_wconf 84' lang='lat' dir='ltr'>cujus</span> <span class='ocrx_word' id='word_1_320' title='bbox 2133 930 2334 995; x_wconf 81' lang='lat' dir='ltr'>generis</span> <span class='ocrx_word' id='word_1_321' title='bbox 2364 936 2419 979; x_wconf 87' lang='lat' dir='ltr'>et</span> <span class='ocrx_word' id='word_1_322' title='bbox 2443 928 2480 979; x_wconf 88' lang='lat' dir='ltr'>ii</span> <span class='ocrx_word' id='word_1_323' title='bbox 2501 934 2625 979; x_wconf 83' lang='lat' dir='ltr'>sunt</span> <span class='ocrx_word' id='word_1_324' title='bbox 2654 928 2745 1013; x_wconf 84' lang='lat' dir='ltr'>qui</span> 
     </span>
     <span class='ocr_line' id='line_1_59' title="bbox 1685 1007 2473 1077; baseline -0.006 -15"><span class='ocrx_word' id='word_1_325' title='bbox 1685 1018 1803 1077; x_wconf 81' lang='lat' dir='ltr'>post</span> <span class='ocrx_word' id='word_1_326' title='bbox 1828 1010 1969 1060; x_wconf 87' lang='lat' dir='ltr'>illum</span> <span class='ocrx_word' id='word_1_327' title='bbox 2001 1009 2265 1072; x_wconf 78' lang='lat' dir='ltr'>leguntur.</span> <span class='ocrx_word' id='word_1_328' title='bbox 2300 1007 2473 1058; x_wconf 85' lang='lat' dir='ltr'>Faber.</span> 
     </span>
    </p>

    <p class='ocr_par' dir='ltr' id='par_1_8' title="bbox 1683 1084 2776 1381">
     <span class='ocr_line' id='line_1_60' title="bbox 1752 1084 2747 1150; baseline -0.004 -12"><span class='ocrx_word' id='word_1_329' title='bbox 1752 1089 1881 1146; x_wconf 86' lang='lat' dir='ltr'>Quid</span> <span class='ocrx_word' id='word_1_330' title='bbox 1891 1088 1980 1146; x_wconf 87' lang='lat' dir='ltr'>ais,</span> <span class='ocrx_word' id='word_1_331' title='bbox 2001 1086 2104 1150; x_wconf 56' lang='grc' dir='ltr'>ξω]</span> <span class='ocrx_word' id='word_1_332' title='bbox 2132 1085 2210 1134; x_wconf 82' lang='lat' dir='ltr'>Ex</span> <span class='ocrx_word' id='word_1_333' title='bbox 2230 1085 2399 1135; x_wconf 85' lang='lat' dir='ltr'>verbis</span> <span class='ocrx_word' id='word_1_334' title='bbox 2421 1084 2630 1135; x_wconf 81' lang='lat' dir='ltr'>Charini</span> <span class='ocrx_word' id='word_1_335' title='bbox 2657 1099 2747 1149; x_wconf 85' lang='lat' dir='ltr'>ap-</span> 
     </span>
     <span class='ocr_line' id='line_1_61' title="bbox 1685 1160 2745 1230; baseline -0.005 -15"><span class='ocrx_word' id='word_1_336' title='bbox 1685 1172 1838 1230; x_wconf 86' lang='lat' dir='ltr'>paret</span> <span class='ocrx_word' id='word_1_337' title='bbox 1861 1165 2096 1228; x_wconf 85' lang='lat' dir='ltr'>Byrriam</span> <span class='ocrx_word' id='word_1_338' title='bbox 2126 1162 2390 1211; x_wconf 79' lang='lat' dir='ltr'>nuntiasse</span> <span class='ocrx_word' id='word_1_339' title='bbox 2413 1162 2623 1225; x_wconf 80' lang='lat' dir='ltr'>nuptias</span> <span class='ocrx_word' id='word_1_340' title='bbox 2662 1160 2745 1211; x_wconf 84' lang='lat' dir='ltr'>fu·</span> 
     </span>
     <span class='ocr_line' id='line_1_62' title="bbox 1686 1237 2745 1304; baseline -0.006 -11"><span class='ocrx_word' id='word_1_341' title='bbox 1686 1250 1828 1293; x_wconf 87' lang='lat' dir='ltr'>turas</span> <span class='ocrx_word' id='word_1_342' title='bbox 1852 1256 1967 1291; x_wconf 87' lang='lat' dir='ltr'>cum</span> <span class='ocrx_word' id='word_1_343' title='bbox 1994 1238 2266 1303; x_wconf 81' lang='lat' dir='ltr'>Pamphilo</span> <span class='ocrx_word' id='word_1_344' title='bbox 2290 1254 2303 1285; x_wconf 92' lang='lat'>:</span> <span class='ocrx_word' id='word_1_345' title='bbox 2338 1238 2437 1304; x_wconf 77' lang='lat' dir='ltr'>nec</span> <span class='ocrx_word' id='word_1_346' title='bbox 2461 1237 2745 1288; x_wconf 84' lang='lat' dir='ltr'>adducitur</span> 
     </span>
     <span class='ocr_line' id='line_1_63' title="bbox 1683 1316 2776 1381; baseline -0.005 -10"><span class='ocrx_word' id='word_1_347' title='bbox 1683 1327 1880 1381; x_wconf 87' lang='lat' dir='ltr'>tamen,</span> <span class='ocrx_word' id='word_1_348' title='bbox 1915 1324 1973 1368; x_wconf 90' lang='lat' dir='ltr'>ut</span> <span class='ocrx_word' id='word_1_349' title='bbox 2014 1318 2191 1366; x_wconf 85' lang='lat' dir='ltr'>statim</span> <span class='ocrx_word' id='word_1_350' title='bbox 2225 1316 2431 1378; x_wconf 87' lang='lat' dir='ltr'>credat,</span> <span class='ocrx_word' id='word_1_351' title='bbox 2464 1323 2520 1366; x_wconf 88' lang='lat' dir='ltr'>et</span> <span class='ocrx_word' id='word_1_352' title='bbox 2543 1330 2776 1366; x_wconf 38' lang='lat' dir='ltr'>aecem-⁷</span> 
     </span>
    </p>
   </div>
   <div class='ocr_carea' id='block_1_5' title="bbox 1662 1396 2763 4321">
    <p class='ocr_par' dir='ltr' id='par_1_9' title="bbox 1681 1396 2758 2002">
     <span class='ocr_line' id='line_1_64' title="bbox 1685 1396 2747 1460; baseline -0.003 -11"><span class='ocrx_word' id='word_1_353' title='bbox 1685 1399 1861 1449; x_wconf 89' lang='lat' dir='ltr'>modet</span> <span class='ocrx_word' id='word_1_354' title='bbox 1894 1399 2135 1449; x_wconf 86' lang='lat' dir='ltr'>animum.</span> <span class='ocrx_word' id='word_1_355' title='bbox 2199 1396 2400 1460; x_wconf 82' lang='lat' dir='ltr'>Saepius</span> <span class='ocrx_word' id='word_1_356' title='bbox 2433 1410 2564 1457; x_wconf 74' lang='lat' dir='ltr'>ergo</span> <span class='ocrx_word' id='word_1_357' title='bbox 2594 1409 2747 1460; x_wconf 86' lang='lat' dir='ltr'>repe-</span> 
     </span>
     <span class='ocr_line' id='line_1_65' title="bbox 1685 1474 2747 1542; baseline -0.002 -16"><span class='ocrx_word' id='word_1_358' title='bbox 1685 1479 1751 1529; x_wconf 86' lang='lat' dir='ltr'>tit</span> <span class='ocrx_word' id='word_1_359' title='bbox 1771 1477 2156 1542; x_wconf 82' lang='lat' dir='ltr'>interrogando.</span> <span class='ocrx_word' id='word_1_360' title='bbox 2222 1476 2293 1525; x_wconf 88' lang='lat' dir='ltr'>Et</span> <span class='ocrx_word' id='word_1_361' title='bbox 2316 1474 2451 1525; x_wconf 87' lang='lat' dir='ltr'>bene</span> <span class='ocrx_word' id='word_1_362' title='bbox 2473 1476 2576 1535; x_wconf 74' lang='lat' dir='ltr'>illa,</span> <span class='ocrx_word' id='word_1_363' title='bbox 2599 1475 2747 1524; x_wconf 77' lang='lat' dir='ltr'>velut</span> 
     </span>
     <span class='ocr_line' id='line_1_66' title="bbox 1685 1552 2758 1616; baseline -0.006 -11"><span class='ocrx_word' id='word_1_364' title='bbox 1685 1555 1931 1605; x_wconf 87' lang='lat' dir='ltr'>amatorie</span> <span class='ocrx_word' id='word_1_365' title='bbox 1976 1554 2040 1602; x_wconf 87' lang='lat' dir='ltr'>de</span> <span class='ocrx_word' id='word_1_366' title='bbox 2084 1559 2233 1604; x_wconf 84' lang='lat' dir='ltr'>certa</span> <span class='ocrx_word' id='word_1_367' title='bbox 2276 1552 2580 1616; x_wconf 82' lang='lat' dir='ltr'>loqueretur</span> <span class='ocrx_word' id='word_1_368' title='bbox 2626 1554 2758 1614; x_wconf 43' lang='lat' dir='ltr'>per-1</span> 
     </span>
     <span class='ocr_line' id='line_1_67' title="bbox 1685 1628 2743 1694; baseline -0.006 -12"><span class='ocrx_word' id='word_1_369' title='bbox 1685 1647 1826 1682; x_wconf 86' lang='lat' dir='ltr'>sona.</span> <span class='ocrx_word' id='word_1_370' title='bbox 1888 1632 1977 1681; x_wconf 82' lang='lat' dir='ltr'>Sic</span> <span class='ocrx_word' id='word_1_371' title='bbox 2017 1630 2265 1694; x_wconf 85' lang='lat' dir='ltr'>Virgilius</span> <span class='ocrx_word' id='word_1_372' title='bbox 2290 1645 2305 1679; x_wconf 91' lang='lat'>:</span> <span class='ocrx_word' id='word_1_373' title='bbox 2360 1631 2376 1656; x_wconf 81' lang='lat'>⁸</span> <span class='ocrx_word' id='word_1_374' title='bbox 2401 1628 2561 1677; x_wconf 84' lang='lat' dir='ltr'>solam</span> <span class='ocrx_word' id='word_1_375' title='bbox 2621 1641 2743 1677; x_wconf 88' lang='lat' dir='ltr'>uam</span> 
     </span>
     <span class='ocr_line' id='line_1_68' title="bbox 1685 1705 2745 1776; baseline -0.008 -15"><span class='ocrx_word' id='word_1_376' title='bbox 1685 1709 1913 1776; x_wconf 86' lang='lat' dir='ltr'>perfidus</span> <span class='ocrx_word' id='word_1_377' title='bbox 1937 1709 2023 1758; x_wconf 91' lang='lat' dir='ltr'>ille</span> <span class='ocrx_word' id='word_1_378' title='bbox 2044 1708 2120 1758; x_wconf 88' lang='lat' dir='ltr'>Te</span> <span class='ocrx_word' id='word_1_379' title='bbox 2138 1708 2330 1769; x_wconf 87' lang='lat' dir='ltr'>colere,</span> <span class='ocrx_word' id='word_1_380' title='bbox 2351 1718 2563 1755; x_wconf 84' lang='lat' dir='ltr'>arcanos</span> <span class='ocrx_word' id='word_1_381' title='bbox 2585 1705 2745 1754; x_wconf 86' lang='lat' dir='ltr'>etiam</span> 
     </span>
     <span class='ocr_line' id='line_1_69' title="bbox 1685 1780 2745 1846; baseline -0.008 -9"><span class='ocrx_word' id='word_1_382' title='bbox 1685 1787 1779 1838; x_wconf 89' lang='lat' dir='ltr'>tibi</span> <span class='ocrx_word' id='word_1_383' title='bbox 1801 1785 2018 1836; x_wconf 85' lang='lat' dir='ltr'>credere</span> <span class='ocrx_word' id='word_1_384' title='bbox 2041 1781 2261 1833; x_wconf 58' lang='lat' dir='ltr'>sensus)</span> <span class='ocrx_word' id='word_1_385' title='bbox 2304 1782 2447 1846; x_wconf 81' lang='lat' dir='ltr'>Ergo</span> <span class='ocrx_word' id='word_1_386' title='bbox 2468 1795 2569 1831; x_wconf 92' lang='lat' dir='ltr'>non</span> <span class='ocrx_word' id='word_1_387' title='bbox 2588 1780 2745 1829; x_wconf 85' lang='lat' dir='ltr'>AEne-</span> 
     </span>
     <span class='ocr_line' id='line_1_70' title="bbox 1684 1857 2745 1926; baseline -0.008 -13"><span class='ocrx_word' id='word_1_388' title='bbox 1684 1878 1759 1926; x_wconf 87' lang='lat' dir='ltr'>as,</span> <span class='ocrx_word' id='word_1_389' title='bbox 1795 1862 1888 1912; x_wconf 81' lang='lat' dir='ltr'>sed</span> <span class='ocrx_word' id='word_1_390' title='bbox 1924 1862 2027 1911; x_wconf 87' lang='lat' dir='ltr'>ille.</span> <span class='ocrx_word' id='word_1_391' title='bbox 2097 1861 2166 1910; x_wconf 87' lang='lat' dir='ltr'>Et</span> <span class='ocrx_word' id='word_1_392' title='bbox 2200 1860 2328 1910; x_wconf 85' lang='lat' dir='ltr'>item</span> <span class='ocrx_word' id='word_1_393' title='bbox 2359 1859 2462 1920; x_wconf 85' lang='lat' dir='ltr'>hic,</span> <span class='ocrx_word' id='word_1_394' title='bbox 2495 1872 2598 1907; x_wconf 90' lang='lat' dir='ltr'>uon</span> <span class='ocrx_word' id='word_1_395' title='bbox 2624 1857 2745 1906; x_wconf 74' lang='lat' dir='ltr'>Phi·</span> 
     </span>
     <span class='ocr_line' id='line_1_71' title="bbox 1681 1935 2556 2002; baseline -0.008 -11"><span class='ocrx_word' id='word_1_396' title='bbox 1681 1942 1885 2002; x_wconf 76' lang='lat' dir='ltr'>lumena,</span> <span class='ocrx_word' id='word_1_397' title='bbox 1916 1937 2007 1988; x_wconf 88' lang='lat' dir='ltr'>sed</span> <span class='ocrx_word' id='word_1_398' title='bbox 2030 1938 2117 1986; x_wconf 84' lang='lat' dir='ltr'>illa</span> <span class='ocrx_word' id='word_1_399' title='bbox 2138 1936 2289 1986; x_wconf 87' lang='lat' dir='ltr'>dixit.</span> <span class='ocrx_word' id='word_1_400' title='bbox 2323 1935 2556 1984; x_wconf 75' lang='lat' dir='ltr'>Donatus.</span> 
     </span>
    </p>

    <p class='ocr_par' dir='ltr' id='par_1_10' title="bbox 1682 2011 2763 2220">
     <span class='ocr_line' id='line_1_72' title="bbox 1749 2011 2763 2079; baseline -0.009 -12"><span class='ocrx_word' id='word_1_401' title='bbox 1749 2018 1877 2074; x_wconf 85' lang='lat' dir='ltr'>Quid</span> <span class='ocrx_word' id='word_1_402' title='bbox 1909 2017 2001 2079; x_wconf 89' lang='lat' dir='ltr'>ais,</span> <span class='ocrx_word' id='word_1_403' title='bbox 2038 2013 2248 2079; x_wconf 72' lang='lat' dir='ltr'>Byrria]</span> <span class='ocrx_word' id='word_1_404' title='bbox 2293 2013 2525 2062; x_wconf 69' lang='lat' dir='ltr'>vMiratur</span> <span class='ocrx_word' id='word_1_405' title='bbox 2559 2011 2763 2074; x_wconf 81' lang='lat' dir='ltr'>magis,·</span> 
     </span>
     <span class='ocr_line' id='line_1_73' title="bbox 1683 2085 2747 2159; baseline -0.008 -16"><span class='ocrx_word' id='word_1_406' title='bbox 1683 2108 1834 2159; x_wconf 87' lang='lat' dir='ltr'>quam</span> <span class='ocrx_word' id='word_1_407' title='bbox 1857 2094 2168 2156; x_wconf 85' lang='lat' dir='ltr'>interrogat,</span> <span class='ocrx_word' id='word_1_408' title='bbox 2202 2091 2286 2140; x_wconf 84' lang='lat' dir='ltr'>vei</span> <span class='ocrx_word' id='word_1_409' title='bbox 2311 2089 2482 2154; x_wconf 86' lang='lat' dir='ltr'>potius</span> <span class='ocrx_word' id='word_1_410' title='bbox 2505 2085 2747 2150; x_wconf 78' lang='lat' dir='ltr'>indigua-</span> 
     </span>
     <span class='ocr_line' id='line_1_74' title="bbox 1682 2167 2758 2220; baseline -0.005 0"><span class='ocrx_word' id='word_1_411' title='bbox 1682 2177 1786 2220; x_wconf 85' lang='lat' dir='ltr'>tur.</span> <span class='ocrx_word' id='word_1_412' title='bbox 1824 2171 1976 2220; x_wconf 83' lang='lat' dir='ltr'>Idem.</span> <span class='ocrx_word' id='word_1_413' title='bbox 2751 2167 2758 2172; x_wconf 81' lang='grc'><strong><em>’</em></strong></span> 
     </span>
    </p>

    <p class='ocr_par' dir='ltr' id='par_1_11' title="bbox 1662 2244 2758 4321">
     <span class='ocr_line' id='line_1_75' title="bbox 1749 2244 2748 2313; baseline -0.006 -14"><span class='ocrx_word' id='word_1_414' title='bbox 1749 2250 1880 2307; x_wconf 82' lang='lat' dir='ltr'>Quid</span> <span class='ocrx_word' id='word_1_415' title='bbox 1900 2250 1992 2310; x_wconf 84' lang='lat' dir='ltr'>ais,</span> <span class='ocrx_word' id='word_1_416' title='bbox 2023 2245 2245 2313; x_wconf 78' lang='lat' dir='ltr'>Byrria?</span> <span class='ocrx_word' id='word_1_417' title='bbox 2274 2247 2477 2297; x_wconf 78' lang='lat' dir='ltr'>daturne</span> <span class='ocrx_word' id='word_1_418' title='bbox 2499 2244 2586 2293; x_wconf 80' lang='lat' dir='ltr'>illa</span> <span class='ocrx_word' id='word_1_419' title='bbox 2607 2244 2748 2294; x_wconf 74' lang='lat' dir='ltr'>hodie</span> 
     </span>
     <span class='ocr_line' id='line_1_76' title="bbox 1680 2321 2746 2390; baseline -0.007 -13"><span class='ocrx_word' id='word_1_420' title='bbox 1680 2326 1932 2390; x_wconf 77' lang='lat' dir='ltr'>Pamphilo</span> <span class='ocrx_word' id='word_1_421' title='bbox 1959 2324 2182 2390; x_wconf 72' lang='lat' dir='ltr'>nuptum]</span> <span class='ocrx_word' id='word_1_422' title='bbox 2214 2323 2335 2374; x_wconf 85' lang='lat'>0.1.</span> <span class='ocrx_word' id='word_1_423' title='bbox 2362 2338 2404 2372; x_wconf 83' lang='lat' dir='ltr'>s.</span> <span class='ocrx_word' id='word_1_424' title='bbox 2429 2321 2560 2370; x_wconf 84' lang='lat' dir='ltr'>hanc</span> <span class='ocrx_word' id='word_1_425' title='bbox 2584 2322 2746 2371; x_wconf 85' lang='lat' dir='ltr'>coilo·</span> 
     </span>
     <span class='ocr_line' id='line_1_77' title="bbox 1680 2398 2751 2464; baseline -0.004 -11"><span class='ocrx_word' id='word_1_426' title='bbox 1680 2403 1940 2453; x_wconf 88' lang='lat' dir='ltr'>cationem</span> <span class='ocrx_word' id='word_1_427' title='bbox 1957 2402 2173 2464; x_wconf 86' lang='lat' dir='ltr'>habent,</span> <span class='ocrx_word' id='word_1_428' title='bbox 2186 2402 2386 2451; x_wconf 77' lang='lat' dir='ltr'>daturne</span> <span class='ocrx_word' id='word_1_429' title='bbox 2401 2398 2751 2464; x_wconf 74' lang='lat' dir='ltr'>illaPamphilo</span> 
     </span>
     <span class='ocr_line' id='line_1_78' title="bbox 1680 2475 2744 2544; baseline -0.002 -14"><span class='ocrx_word' id='word_1_430' title='bbox 1680 2481 1847 2530; x_wconf 80' lang='lat' dir='ltr'>hodie.-</span> <span class='ocrx_word' id='word_1_431' title='bbox 1882 2488 1937 2530; x_wconf 93' lang='lat' dir='ltr'>et</span> <span class='ocrx_word' id='word_1_432' title='bbox 1959 2477 2256 2544; x_wconf 84' lang='lat' dir='ltr'>infra,modo</span> <span class='ocrx_word' id='word_1_433' title='bbox 2276 2495 2301 2529; x_wconf 88' lang='lat' dir='ltr'>e</span> <span class='ocrx_word' id='word_1_434' title='bbox 2323 2475 2480 2540; x_wconf 83' lang='lat' dir='ltr'>Davo,</span> <span class='ocrx_word' id='word_1_435' title='bbox 2503 2484 2562 2527; x_wconf 87' lang='lat' dir='ltr'>ut</span> <span class='ocrx_word' id='word_1_436' title='bbox 2581 2478 2744 2528; x_wconf 82' lang='lat' dir='ltr'>etiam</span> 
     </span>
     <span class='ocr_line' id='line_1_79' title="bbox 1684 2555 2747 2621; baseline -0.001 -15"><span class='ocrx_word' id='word_1_437' title='bbox 1684 2556 1922 2606; x_wconf 87' lang='lat' dir='ltr'>Donatus</span> <span class='ocrx_word' id='word_1_438' title='bbox 1945 2555 2095 2621; x_wconf 85' lang='lat' dir='ltr'>legit,</span> <span class='ocrx_word' id='word_1_439' title='bbox 2118 2571 2222 2606; x_wconf 91' lang='lat' dir='ltr'>non</span> <span class='ocrx_word' id='word_1_440' title='bbox 2245 2558 2303 2605; x_wconf 89' lang='lat' dir='ltr'>de</span> <span class='ocrx_word' id='word_1_441' title='bbox 2325 2555 2489 2605; x_wconf 83' lang='lat' dir='ltr'>Davo:</span> <span class='ocrx_word' id='word_1_442' title='bbox 2522 2569 2636 2619; x_wconf 80' lang='lat' dir='ltr'>quae</span> <span class='ocrx_word' id='word_1_443' title='bbox 2656 2569 2747 2605; x_wconf 80' lang='lat' dir='ltr'>ve·</span> 
     </span>
     <span class='ocr_line' id='line_1_80' title="bbox 1681 2631 2745 2698; baseline -0.003 -15"><span class='ocrx_word' id='word_1_444' title='bbox 1681 2648 1738 2683; x_wconf 88' lang='lat' dir='ltr'>ro</span> <span class='ocrx_word' id='word_1_445' title='bbox 1764 2634 1917 2698; x_wconf 88' lang='lat' dir='ltr'>paulo</span> <span class='ocrx_word' id='word_1_446' title='bbox 1941 2632 2077 2683; x_wconf 81' lang='lat' dir='ltr'>infra</span> <span class='ocrx_word' id='word_1_447' title='bbox 2099 2639 2403 2697; x_wconf 84' lang='lat' dir='ltr'>sequuntur,</span> <span class='ocrx_word' id='word_1_448' title='bbox 2424 2633 2499 2680; x_wconf 90' lang='lat' dir='ltr'>ita</span> <span class='ocrx_word' id='word_1_449' title='bbox 2522 2638 2575 2681; x_wconf 86' lang='lat' dir='ltr'>et</span> <span class='ocrx_word' id='word_1_450' title='bbox 2603 2631 2745 2695; x_wconf 86' lang='lat' dir='ltr'>apud</span> 
     </span>
     <span class='ocr_line' id='line_1_81' title="bbox 1679 2707 2757 2759; baseline -0.002 0"><span class='ocrx_word' id='word_1_451' title='bbox 1679 2709 2006 2759; x_wconf 86' lang='lat' dir='ltr'>Priscianum</span> <span class='ocrx_word' id='word_1_452' title='bbox 2042 2709 2294 2758; x_wconf 78' lang='lat' dir='ltr'>citantem</span> <span class='ocrx_word' id='word_1_453' title='bbox 2316 2709 2451 2758; x_wconf 86' lang='lat' dir='ltr'>hunc</span> <span class='ocrx_word' id='word_1_454' title='bbox 2473 2708 2645 2758; x_wconf 84' lang='lat' dir='ltr'>locum</span> <span class='ocrx_word' id='word_1_455' title='bbox 2681 2707 2757 2757; x_wconf 88' lang='lat' dir='ltr'>li·-</span> 
     </span>
     <span class='ocr_line' id='line_1_82' title="bbox 1679 2784 2746 2836; baseline -0.002 0"><span class='ocrx_word' id='word_1_456' title='bbox 1679 2787 1773 2836; x_wconf 92' lang='lat' dir='ltr'>bro</span> <span class='ocrx_word' id='word_1_457' title='bbox 1795 2797 1963 2835; x_wconf 77' lang='lat' dir='ltr'>xvnt.</span> <span class='ocrx_word' id='word_1_458' title='bbox 1985 2792 2040 2835; x_wconf 88' lang='lat' dir='ltr'>et</span> <span class='ocrx_word' id='word_1_459' title='bbox 2063 2785 2117 2834; x_wconf 90' lang='lat' dir='ltr'>in</span> <span class='ocrx_word' id='word_1_460' title='bbox 2134 2784 2369 2835; x_wconf 87' lang='lat' dir='ltr'>omnibus</span> <span class='ocrx_word' id='word_1_461' title='bbox 2384 2784 2622 2835; x_wconf 80' lang='lat' dir='ltr'>Terentii</span> <span class='ocrx_word' id='word_1_462' title='bbox 2645 2784 2682 2834; x_wconf 89' lang='lat' dir='ltr'>l.</span> <span class='ocrx_word' id='word_1_463' title='bbox 2704 2800 2746 2835; x_wconf 83' lang='lat' dir='ltr'>s.</span> 
     </span>
     <span class='ocr_line' id='line_1_83' title="bbox 1679 2861 2758 2924; baseline -0.002 -12"><span class='ocrx_word' id='word_1_464' title='bbox 1679 2863 1935 2912; x_wconf 84' lang='lat' dir='ltr'>collocata</span> <span class='ocrx_word' id='word_1_465' title='bbox 1971 2869 2110 2923; x_wconf 90' lang='lat' dir='ltr'>sunt,</span> <span class='ocrx_word' id='word_1_466' title='bbox 2149 2861 2386 2918; x_wconf 81' lang='lat' dir='ltr'>Quoniam</span> <span class='ocrx_word' id='word_1_467' title='bbox 2405 2875 2499 2910; x_wconf 79' lang='lat' dir='ltr'>nou</span> <span class='ocrx_word' id='word_1_468' title='bbox 2518 2865 2672 2924; x_wconf 73' lang='lat' dir='ltr'>potest</span> <span class='ocrx_word' id='word_1_469' title='bbox 2690 2862 2758 2910; x_wconf 77' lang='lat' dir='ltr'>id</span> 
     </span>
     <span class='ocr_line' id='line_1_84' title="bbox 1662 2924 2746 3006; baseline -0.003 -15"><span class='ocrx_word' id='word_1_470' title='bbox 1662 2940 1784 3006; x_wconf 80' lang='lat' dir='ltr'>fleri</span> <span class='ocrx_word' id='word_1_471' title='bbox 1804 2942 1927 3004; x_wconf 82' lang='lat' dir='ltr'>quod</span> <span class='ocrx_word' id='word_1_472' title='bbox 1947 2941 2038 3004; x_wconf 77' lang='lat' dir='ltr'>vis,</span> <span class='ocrx_word' id='word_1_473' title='bbox 2060 2942 2114 2989; x_wconf 80' lang='lat' dir='ltr'>id</span> <span class='ocrx_word' id='word_1_474' title='bbox 2134 2924 2252 2988; x_wconf 79' lang='lat' dir='ltr'>velis</span> <span class='ocrx_word' id='word_1_475' title='bbox 2267 2940 2389 3003; x_wconf 80' lang='lat' dir='ltr'>quod</span> <span class='ocrx_word' id='word_1_476' title='bbox 2404 2939 2571 3002; x_wconf 78' lang='lat' dir='ltr'>possit.</span> <span class='ocrx_word' id='word_1_477' title='bbox 2625 2938 2746 2989; x_wconf 81' lang='lat' dir='ltr'>Qua</span> 
     </span>
     <span class='ocr_line' id='line_1_85' title="bbox 1678 3015 2746 3080; baseline -0.002 -13"><span class='ocrx_word' id='word_1_478' title='bbox 1678 3018 2024 3068; x_wconf 84' lang='lat' dir='ltr'>collocatione</span> <span class='ocrx_word' id='word_1_479' title='bbox 2046 3017 2349 3078; x_wconf 83' lang='lat' dir='ltr'>constituta,</span> <span class='ocrx_word' id='word_1_480' title='bbox 2371 3031 2548 3080; x_wconf 79' lang='lat' dir='ltr'>versus</span> <span class='ocrx_word' id='word_1_481' title='bbox 2569 3015 2643 3065; x_wconf 87' lang='lat' dir='ltr'>ita</span> <span class='ocrx_word' id='word_1_482' title='bbox 2661 3031 2746 3065; x_wconf 85' lang='lat' dir='ltr'>or-</span> 
     </span>
     <span class='ocr_line' id='line_1_86' title="bbox 1678 3092 2746 3158; baseline -0.001 -14"><span class='ocrx_word' id='word_1_483' title='bbox 1678 3094 1951 3145; x_wconf 83' lang='lat' dir='ltr'>dinamus:</span> <span class='ocrx_word' id='word_1_484' title='bbox 1988 3095 2095 3145; x_wconf 77' lang='lat' dir='ltr'>Cn.</span> <span class='ocrx_word' id='word_1_485' title='bbox 2123 3094 2254 3149; x_wconf 86' lang='lat' dir='ltr'>Quid</span> <span class='ocrx_word' id='word_1_486' title='bbox 2285 3094 2360 3143; x_wconf 85' lang='lat' dir='ltr'>ais</span> <span class='ocrx_word' id='word_1_487' title='bbox 2399 3092 2624 3158; x_wconf 74' lang='lat' dir='ltr'>Byrria?</span> <span class='ocrx_word' id='word_1_488' title='bbox 2659 3096 2746 3143; x_wconf 87' lang='lat' dir='ltr'>da·</span> 
     </span>
     <span class='ocr_line' id='line_1_87' title="bbox 1676 3172 2745 3238; baseline -0.001 -15"><span class='ocrx_word' id='word_1_489' title='bbox 1676 3178 1815 3224; x_wconf 68' lang='lat' dir='ltr'>turne</span> <span class='ocrx_word' id='word_1_490' title='bbox 1834 3175 1919 3224; x_wconf 78' lang='lat' dir='ltr'>iua</span> <span class='ocrx_word' id='word_1_491' title='bbox 1946 3174 2191 3238; x_wconf 77' lang='lat' dir='ltr'>Pamphilo</span> <span class='ocrx_word' id='word_1_492' title='bbox 2210 3172 2350 3223; x_wconf 78' lang='lat' dir='ltr'>hodie</span> <span class='ocrx_word' id='word_1_493' title='bbox 2377 3178 2611 3236; x_wconf 77' lang='lat' dir='ltr'>nuptum?</span> <span class='ocrx_word' id='word_1_494' title='bbox 2675 3173 2745 3222; x_wconf 90' lang='lat' dir='ltr'>B.</span> 
     </span>
     <span class='ocr_line' id='line_1_88' title="bbox 1675 3246 2750 3313; baseline -0.002 -13"><span class='ocrx_word' id='word_1_495' title='bbox 1675 3252 1747 3300; x_wconf 83' lang='lat' dir='ltr'>sic</span> <span class='ocrx_word' id='word_1_496' title='bbox 1768 3256 1854 3301; x_wconf 84' lang='lat' dir='ltr'>est.</span> <span class='ocrx_word' id='word_1_497' title='bbox 1924 3251 2029 3299; x_wconf 75' lang='lat' dir='ltr'>Cu.</span> <span class='ocrx_word' id='word_1_498' title='bbox 2075 3250 2172 3306; x_wconf 87' lang='lat' dir='ltr'>Qui</span> <span class='ocrx_word' id='word_1_499' title='bbox 2205 3246 2341 3299; x_wconf 78' lang='lat' dir='ltr'>seis?</span> <span class='ocrx_word' id='word_1_500' title='bbox 2404 3250 2470 3299; x_wconf 89' lang='lat' dir='ltr'>B.</span> <span class='ocrx_word' id='word_1_501' title='bbox 2504 3251 2631 3313; x_wconf 79' lang='lat' dir='ltr'>apud</span> <span class='ocrx_word' id='word_1_502' title='bbox 2658 3251 2750 3311; x_wconf 52' lang='lat' dir='ltr'>so?-</span> 
     </span>
     <span class='ocr_line' id='line_1_89' title="bbox 1674 3328 2746 3379; baseline -0.002 0"><span class='ocrx_word' id='word_1_503' title='bbox 1674 3343 1781 3379; x_wconf 85' lang='lat' dir='ltr'>rum</span> <span class='ocrx_word' id='word_1_504' title='bbox 1797 3331 1930 3379; x_wconf 86' lang='lat' dir='ltr'>modo</span> <span class='ocrx_word' id='word_1_505' title='bbox 1952 3345 1978 3379; x_wconf 90' lang='lat' dir='ltr'>e</span> <span class='ocrx_word' id='word_1_506' title='bbox 2000 3329 2139 3378; x_wconf 83' lang='lat' dir='ltr'>Davo</span> <span class='ocrx_word' id='word_1_507' title='bbox 2166 3328 2344 3378; x_wconf 87' lang='lat' dir='ltr'>audivi.</span> <span class='ocrx_word' id='word_1_508' title='bbox 2413 3329 2519 3378; x_wconf 72' lang='lat' dir='ltr'>Cn.</span> <span class='ocrx_word' id='word_1_509' title='bbox 2556 3343 2633 3377; x_wconf 80' lang='lat' dir='ltr'>vce</span> <span class='ocrx_word' id='word_1_510' title='bbox 2652 3331 2746 3377; x_wconf 87' lang='lat' dir='ltr'>mi·</span> 
     </span>
     <span class='ocr_line' id='line_1_90' title="bbox 1674 3406 2758 3471; baseline -0.002 -14"><span class='ocrx_word' id='word_1_511' title='bbox 1674 3421 1780 3457; x_wconf 83' lang='lat' dir='ltr'>sero</span> <span class='ocrx_word' id='word_1_512' title='bbox 1817 3408 1953 3470; x_wconf 77' lang='lat' dir='ltr'>mihi,</span> <span class='ocrx_word' id='word_1_513' title='bbox 1994 3408 2063 3456; x_wconf 78' lang='lat' dir='ltr'>Ut</span> <span class='ocrx_word' id='word_1_514' title='bbox 2094 3407 2281 3457; x_wconf 77' lang='lat' dir='ltr'>animus</span> <span class='ocrx_word' id='word_1_515' title='bbox 2315 3406 2369 3456; x_wconf 84' lang='lat' dir='ltr'>in</span> <span class='ocrx_word' id='word_1_516' title='bbox 2396 3421 2495 3470; x_wconf 85' lang='lat' dir='ltr'>spe,</span> <span class='ocrx_word' id='word_1_517' title='bbox 2531 3412 2670 3471; x_wconf 80' lang='lat' dir='ltr'>atque</span> <span class='ocrx_word' id='word_1_518' title='bbox 2690 3407 2758 3456; x_wconf 75' lang='lat' dir='ltr'>in·</span> 
     </span>
     <span class='ocr_line' id='line_1_91' title="bbox 1675 3479 2745 3547; baseline 0 -14"><span class='ocrx_word' id='word_1_519' title='bbox 1675 3479 1864 3546; x_wconf 76' lang='lat' dir='ltr'>timore,</span> <span class='ocrx_word' id='word_1_520' title='bbox 1886 3498 2025 3547; x_wconf 85' lang='lat' dir='ltr'>usque</span> <span class='ocrx_word' id='word_1_521' title='bbox 2046 3483 2246 3531; x_wconf 76' lang='lat' dir='ltr'>antehac</span> <span class='ocrx_word' id='word_1_522' title='bbox 2264 3488 2475 3533; x_wconf 74' lang='lat' dir='ltr'>attentus</span> <span class='ocrx_word' id='word_1_523' title='bbox 2497 3480 2625 3544; x_wconf 76' lang='lat' dir='ltr'>fuit,</span> <span class='ocrx_word' id='word_1_524' title='bbox 2662 3482 2745 3533; x_wconf 84' lang='lat' dir='ltr'>Ita</span> 
     </span>
     <span class='ocr_line' id='line_1_92' title="bbox 1674 3561 2745 3625; baseline 0 -15"><span class='ocrx_word' id='word_1_525' title='bbox 1674 3566 1916 3625; x_wconf 79' lang='lat' dir='ltr'>postquam</span> <span class='ocrx_word' id='word_1_526' title='bbox 1936 3561 2154 3624; x_wconf 84' lang='lat' dir='ltr'>adempta</span> <span class='ocrx_word' id='word_1_527' title='bbox 2173 3575 2280 3625; x_wconf 83' lang='lat' dir='ltr'>spes</span> <span class='ocrx_word' id='word_1_528' title='bbox 2310 3566 2396 3623; x_wconf 81' lang='lat' dir='ltr'>est,</span> <span class='ocrx_word' id='word_1_529' title='bbox 2428 3562 2597 3624; x_wconf 61' lang='lat' dir='ltr'>lassw,</span> <span class='ocrx_word' id='word_1_530' title='bbox 2626 3575 2745 3611; x_wconf 84' lang='lat' dir='ltr'>cura</span> 
     </span>
     <span class='ocr_line' id='line_1_93' title="bbox 1676 3637 2744 3703; baseline 0.002 -17"><span class='ocrx_word' id='word_1_531' title='bbox 1676 3638 1915 3695; x_wconf 74' lang='lat' dir='ltr'>consectus</span> <span class='ocrx_word' id='word_1_532' title='bbox 1955 3643 2127 3702; x_wconf 79' lang='lat' dir='ltr'>stupet.</span> <span class='ocrx_word' id='word_1_533' title='bbox 2231 3639 2297 3688; x_wconf 93' lang='lat' dir='ltr'>B.</span> <span class='ocrx_word' id='word_1_534' title='bbox 2358 3637 2529 3693; x_wconf 82' lang='lat' dir='ltr'>Quoeso</span> <span class='ocrx_word' id='word_1_535' title='bbox 2581 3639 2744 3703; x_wconf 79' lang='lat' dir='ltr'>edepol</span> 
     </span>
     <span class='ocr_line' id='line_1_94' title="bbox 1681 3714 2746 3790; baseline 0.001 -26"><span class='ocrx_word' id='word_1_536' title='bbox 1681 3714 1922 3775; x_wconf 81' lang='lat' dir='ltr'>Chariae‚·</span> <span class='ocrx_word' id='word_1_537' title='bbox 1955 3715 2171 3779; x_wconf 79' lang='lat' dir='ltr'>quoniam</span> <span class='ocrx_word' id='word_1_538' title='bbox 2212 3731 2307 3765; x_wconf 77' lang='lat' dir='ltr'>non</span> <span class='ocrx_word' id='word_1_539' title='bbox 2348 3720 2501 3779; x_wconf 81' lang='lat' dir='ltr'>potest</span> <span class='ocrx_word' id='word_1_540' title='bbox 2537 3714 2591 3764; x_wconf 88' lang='lat' dir='ltr'>id</span> <span class='ocrx_word' id='word_1_541' title='bbox 2616 3715 2746 3790; x_wconf 78' lang='lat' dir='ltr'>fieri</span> 
     </span>
     <span class='ocr_line' id='line_1_95' title="bbox 1675 3790 2751 3855; baseline 0.001 -15"><span class='ocrx_word' id='word_1_542' title='bbox 1675 3794 1797 3854; x_wconf 82' lang='lat' dir='ltr'>quod</span> <span class='ocrx_word' id='word_1_543' title='bbox 1819 3793 1910 3855; x_wconf 84' lang='lat' dir='ltr'>vis,</span> <span class='ocrx_word' id='word_1_544' title='bbox 1930 3791 1992 3841; x_wconf 88' lang='lat' dir='ltr'>Id</span> <span class='ocrx_word' id='word_1_545' title='bbox 2008 3793 2126 3841; x_wconf 83' lang='lat' dir='ltr'>velis</span> <span class='ocrx_word' id='word_1_546' title='bbox 2143 3794 2264 3855; x_wconf 79' lang='lat' dir='ltr'>quod</span> <span class='ocrx_word' id='word_1_547' title='bbox 2282 3793 2448 3853; x_wconf 81' lang='lat' dir='ltr'>possit.</span> <span class='ocrx_word' id='word_1_548' title='bbox 2517 3790 2624 3841; x_wconf 78' lang='lat' dir='ltr'>Cn.</span> <span class='ocrx_word' id='word_1_549' title='bbox 2669 3793 2751 3841; x_wconf 73' lang='lat' dir='ltr'>ni-</span> 
     </span>
     <span class='ocr_line' id='line_1_96' title="bbox 1676 3868 2740 3932; baseline 0.001 -15"><span class='ocrx_word' id='word_1_550' title='bbox 1676 3868 1747 3918; x_wconf 76' lang='lat' dir='ltr'>hil</span> <span class='ocrx_word' id='word_1_551' title='bbox 1765 3870 1867 3918; x_wconf 78' lang='lat' dir='ltr'>volo</span> <span class='ocrx_word' id='word_1_552' title='bbox 1883 3869 2016 3919; x_wconf 86' lang='lat' dir='ltr'>aliud</span> <span class='ocrx_word' id='word_1_553' title='bbox 2031 3870 2126 3919; x_wconf 83' lang='lat' dir='ltr'>nisi</span> <span class='ocrx_word' id='word_1_554' title='bbox 2141 3868 2487 3919; x_wconf 77' lang='lat' dir='ltr'>Philumenam.</span> <span class='ocrx_word' id='word_1_555' title='bbox 2539 3868 2615 3918; x_wconf 90' lang='lat' dir='ltr'>Ut</span> <span class='ocrx_word' id='word_1_556' title='bbox 2633 3869 2740 3932; x_wconf 86' lang='lat' dir='ltr'>pri-</span> 
     </span>
     <span class='ocr_line' id='line_1_97' title="bbox 1676 3945 2741 4010; baseline 0.003 -17"><span class='ocrx_word' id='word_1_557' title='bbox 1676 3960 1789 3994; x_wconf 90' lang='lat' dir='ltr'>mus</span> <span class='ocrx_word' id='word_1_558' title='bbox 1814 3952 1869 3995; x_wconf 91' lang='lat' dir='ltr'>et</span> <span class='ocrx_word' id='word_1_559' title='bbox 1905 3947 2118 4010; x_wconf 87' lang='lat' dir='ltr'>quintus</span> <span class='ocrx_word' id='word_1_560' title='bbox 2151 3945 2303 4008; x_wconf 83' lang='lat' dir='ltr'>hujus</span> <span class='ocrx_word' id='word_1_561' title='bbox 2338 3959 2509 3995; x_wconf 87' lang='lat' dir='ltr'>scenae</span> <span class='ocrx_word' id='word_1_562' title='bbox 2539 3960 2741 4009; x_wconf 86' lang='lat' dir='ltr'>versus,</span> 
     </span>
     <span class='ocr_line' id='line_1_98' title="bbox 1676 4021 2743 4086; baseline 0.001 -15"><span class='ocrx_word' id='word_1_563' title='bbox 1676 4022 1782 4071; x_wconf 85' lang='lat' dir='ltr'>siut</span> <span class='ocrx_word' id='word_1_564' title='bbox 1806 4021 2057 4072; x_wconf 85' lang='lat' dir='ltr'>trochaici</span> <span class='ocrx_word' id='word_1_565' title='bbox 2081 4021 2373 4071; x_wconf 85' lang='lat' dir='ltr'>tetrametri</span> <span class='ocrx_word' id='word_1_566' title='bbox 2392 4022 2743 4086; x_wconf 82' lang='lat' dir='ltr'>acatalectici,</span> 
     </span>
     <span class='ocr_line' id='line_1_99' title="bbox 1675 4097 2740 4160; baseline 0.001 -11"><span class='ocrx_word' id='word_1_567' title='bbox 1675 4106 1853 4149; x_wconf 86' lang='lat' dir='ltr'>sextus</span> <span class='ocrx_word' id='word_1_568' title='bbox 1877 4098 2235 4160; x_wconf 76' lang='lat' dir='ltr'>catalecticus,</span> <span class='ocrx_word' id='word_1_569' title='bbox 2256 4097 2511 4147; x_wconf 86' lang='lat' dir='ltr'>secundus</span> <span class='ocrx_word' id='word_1_570' title='bbox 2527 4105 2740 4150; x_wconf 80' lang='lat' dir='ltr'>octona-</span> 
     </span>
     <span class='ocr_line' id='line_1_100' title="bbox 1675 4174 2738 4237; baseline 0.001 -12"><span class='ocrx_word' id='word_1_571' title='bbox 1675 4176 1783 4225; x_wconf 87' lang='lat' dir='ltr'>rius</span> <span class='ocrx_word' id='word_1_572' title='bbox 1830 4174 2097 4237; x_wconf 84' lang='lat' dir='ltr'>iambicus,</span> <span class='ocrx_word' id='word_1_573' title='bbox 2152 4181 2430 4225; x_wconf 90' lang='lat' dir='ltr'>contracto</span> <span class='ocrx_word' id='word_1_574' title='bbox 2478 4175 2642 4224; x_wconf 82' lang='lat' dir='ltr'>audivi</span> <span class='ocrx_word' id='word_1_575' title='bbox 2681 4177 2738 4226; x_wconf 86' lang='lat' dir='ltr'>in</span> 
     </span>
     <span class='ocr_line' id='line_1_101' title="bbox 1673 4252 2735 4321; baseline 0.001 -18"><span class='ocrx_word' id='word_1_576' title='bbox 1673 4254 1801 4303; x_wconf 89' lang='lat' dir='ltr'>duas</span> <span class='ocrx_word' id='word_1_577' title='bbox 1827 4252 2086 4317; x_wconf 78' lang='lat' dir='ltr'>syllabas:</span> <span class='ocrx_word' id='word_1_578' title='bbox 2123 4253 2249 4305; x_wconf 88' lang='lat' dir='ltr'>item</span> <span class='ocrx_word' id='word_1_579' title='bbox 2283 4255 2470 4304; x_wconf 87' lang='lat' dir='ltr'>tertius</span> <span class='ocrx_word' id='word_1_580' title='bbox 2504 4263 2561 4305; x_wconf 92' lang='lat' dir='ltr'>et</span> <span class='ocrx_word' id='word_1_581' title='bbox 2582 4269 2735 4321; x_wconf 87' lang='lat' dir='ltr'>quar·</span> 
     </span>
    </p>
   </div>
   <div class='ocr_carea' id='block_1_6' title="bbox 1675 4334 2736 4399">
    <p class='ocr_par' dir='ltr' id='par_1_12' title="bbox 1675 4334 2736 4399">
     <span class='ocr_line' id='line_1_102' title="bbox 1675 4334 2736 4399; baseline -0.001 -13"><span class='ocrx_word' id='word_1_582' title='bbox 1675 4343 1777 4389; x_wconf 86' lang='lat' dir='ltr'>tus.</span> <span class='ocrx_word' id='word_1_583' title='bbox 1839 4335 1903 4386; x_wconf 87' lang='lat' dir='ltr'>B.</span> <span class='ocrx_word' id='word_1_584' title='bbox 1937 4336 2053 4387; x_wconf 73' lang='lat' dir='ltr'>Ah.-</span> <span class='ocrx_word' id='word_1_585' title='bbox 2088 4339 2263 4399; x_wconf 76' lang='lat' dir='ltr'>quanto</span> <span class='ocrx_word' id='word_1_586' title='bbox 2305 4336 2453 4386; x_wconf 77' lang='lat' dir='ltr'>satius</span> <span class='ocrx_word' id='word_1_587' title='bbox 2489 4340 2560 4386; x_wconf 78' lang='lat' dir='ltr'>est</span> <span class='ocrx_word' id='word_1_588' title='bbox 2594 4341 2643 4385; x_wconf 77' lang='lat' dir='ltr'>te</span> <span class='ocrx_word' id='word_1_589' title='bbox 2681 4334 2736 4385; x_wconf 83' lang='lat' dir='ltr'>id</span> 
     </span>
    </p>
   </div>
  </div>
 </body>
</html>
