3035 4941
557 413 733 481 1462

627 577 692 624 to
729 577 857 632 Quot
898 576 1017 625 mihi
1058 577 1156 626 sint
1189 572 1389 640 domini]
1427 581 1498 628 Et
1535 579 1620 629 hie

558 660 782 716 apparet
819 665 934 703 non·
956 670 988 703 a
1019 655 1252 717 legitimo
1274 655 1482 705 domino
1504 670 1622 706 ver-

561 729 796 779 beratum
820 746 952 781 esse.
988 733 1137 781 Idem.
1561 789 1570 797 ,

568 835 573 840 -
632 807 754 861 Qnoe
790 807 892 854 hac
930 812 1003 856 est
1032 808 1248 871 miseria]
1288 809 1621 870 Deestquam

558 882 738 943 patior,
772 890 828 931 et
851 885 998 947 quasi
1017 886 1358 949 comploratio
1380 884 1619 948 qnaedam

563 963 646 1006 est
663 956 852 1007 flebilis
875 968 991 1022 post
1013 963 1267 1024 querelas.
1306 962 1455 1011 Idem.

626 1036 688 1080 127
708 1036 860 1089 Quid
896 1037 977 1084 ille
1010 1037 1209 1099 gannit]
1258 1038 1505 1087 Gannitus
1536 1047 1621 1089 est

562 1113 774 1173 proprie
810 1113 971 1161 veluti
994 1114 1225 1175 ploratus
1249 1114 1618 1208 vapulantium.

563 1186 711 1236 Idm

624 1265 764 1319 Quid
782 1266 1073 1331 illegannit]
1107 1268 1247 1319 Quid
1273 1274 1542 1319 veterator
1560 1269 1619 1318 il-

561 1336 612 1386 le
657 1341 992 1404 conqueritur
1028 1345 1283 1405 gannitu?
1326 1345 1463 1411 quod
1510 1347 1618 1395 vul-

563 1412 707 1473 pium
724 1420 822 1462 est.
887 1415 973 1465 Al.
1003 1419 1180 1477 garrit.
1214 1420 1522 1470 Farnabius.

631 1492 693 1537 18
731 1490 860 1544 Quid
895 1494 1092 1556 ιιιαῑιιιιι]
1129 1495 1198 1543 Et
1217 1495 1506 1558 hicmalum,
1527 1511 1620 1561 pro

558 1564 930 1629 interjectione
945 1568 1195 1620 abundat.
1230 1572 1469 1623 Donatus.

631 1642 779 1705 Quid,
809 1647 1000 1706 malunt,
1035 1646 1149 1697 bone
1182 1649 1262 1696 vir
1292 1651 1411 1699 mihi
1429 1651 1623 1715 narras]

560 1717 969 1786 Hujus‘quoque
1006 1724 1108 1772 loci
1141 1740 1348 1776 sensum
1384 1728 1622 1779 Nannius

562 1794 781 1845 involvit
823 1797 1039 1847 obscura
1073 1802 1293 1864 quadam
1330 1804 1619 1867 diligentia.

562 1875 756 1925 Sensus
777 1882 889 1926 est:
927 1877 1072 1942 qnid,
1093 1882 1306 1941 malum,
1331 1883 1621 1933 me‘contn-

561 1952 731 2000 meliae
756 1958 914 2002 causa
933 1956 1182 2018 appellas,
1206 1956 1328 2020 quid
1346 1959 1468 2007 mibi
1492 1959 1621 2008 illud

558 2033 728 2091 tuum,
749 2029 865 2079 bone
882 2031 976 2091 vir,
993 2032 1287 2096 (μιμητικῶς,
1305 2050 1407 2097 quo
1422 2050 1505 2085 me
1523 2037 1622 2084 sci-

559 2104 687 2155 licet
722 2106 906 2156 irrides
947 2117 1001 2157 et
1039 2112 1351 2174 vituperas)
1395 2114 1624 2162 occinis?

559 2182 707 2246 quasi
731 2197 832 2231 non
869 2185 996 2233 satis
1035 2185 1279 2243 afflictus,
1301 2188 1425 2236 satis
1462 2188 1623 2237 miser

558 2257 678 2319 sim,
702 2258 886 2321 injuria
921 2274 994 2309 sc.
1031 2259 1125 2309 filii
1146 2263 1257 2310 tui.
1277 2263 1443 2320 ἠθικῶς
1467 2264 1623 2327 poeta

557 2333 766 2386 inducit
784 2350 987 2384 servum
1006 2352 1075 2385 ex
1098 2338 1199 2386 alia
1221 2345 1277 2386 et
1312 2348 1524 2389 recente
1547 2342 1622 2389 in·

549 2409 696 2474 juria
718 2417 1094 2462 contumacem.
1126 2415 1390 2464 Boecleras.

623 2487 693 2535 19
726 2489 949 2552 Ctesipho
989 2493 1266 2554 mepugnis
1298 2494 1536 2551 miserum,
1575 2502 1623 2547 et

554 2565 701 2612 istam
737 2567 1005 2629 psaltriam,
1026 2581 1189 2630 *usqae
1243 2570 1438 2635 occidit]
1485 2572 1622 2621 Mire

558 2638 830 2701 interjecit
854 2641 1105 2690 miserum.-
1138 2651 1194 2691 et
1230 2648 1524 2696 necessario
1547 2664 1625 2698 us-

557 2726 648 2777 ’qne
684 2715 927 2766 addidit.
976 2725 1041 2768 ut
1081 2720 1397 2783 ostenderet,
1449 2726 1626 2774 occidit

557 2789 731 2839 nimiae
742 2792 915 2842 caedis
950 2793 1181 2857 verbnm,
1215 2811 1313 2845 non
1350 2800 1622 2863 occisionis

556 2864 784 2931 intelligi
800 2876 1061 2932 oportere.
1124 2875 1283 2935 Usque
1296 2877 1483 2939 occidit,
1503 2892 1622 2941 pro-

560 2955 629 3004 pe
670 2943 859 2997 occidit.
899 2951 987 2996 ant
1027 2963 1189 3011 usque,
1229 2964 1324 3012 pro
1356 2953 1492 3001 valde
1522 2960 1620 3003 est.

552 3018 771 3081 Occidit,
829 3035 925 3082 pro
984 3023 1371 3074 Vehementer-³.
1404 3027 1619 3078 cecidit.

557 3088 694 3143 Nam
712 3096 937 3159 occidere,
951 3105 1005 3147 et
1017 3101 1330 3171 per-occidere,
1340 3101 1402 3150 ad
1419 3103 1618 3152 caedem

555 3169 929 3223 referebantur
940 3175 1076 3238 apud
1099 3182 1343 3229 veteres.
1358 3179 1596 3231 Donatus.

629 3249 785 3312 Usque
823 3250 1017 3315 occidit]
1037 3251 1321 3317 ΐῐδιωτυεῶς.
1326 3272 1445 3307 ·non
1480 3259 1616 3308 enim

557 3326 761 3374 occisus
785 3326 1029 3391 loquitur
1044 3330 1243 3380 *Idem

549 3408 557 3416 ·
619 3405 684 3450 20
735 3402 881 3461 Hem,
918 3402 1049 3452 vide
1067 3411 1125 3454 ut
1175 3407 1371 3458 discidit
1413 3354 1618 3477 labrum]

552 3475 676 3525 Non
695 3477 941 3534 ostendit,
977 3479 1069 3527 sed
1101 3480 1305 3532 videtur
1342 3488 1616 3538 ostendere

555 3551 669 3677 {eni
690 3567 870 3616 parum
899 3553 1009 3616 jam
1032 3555 1254 3623 videnti,
1290 3568 1345 3610 et
1368 3562 1505 3613 intra
1529 3579 1615 3616 os.

586 3630 707 3679 dem.
1174 3646 1181 3657 '
1504 3656 1509 3659 ·
1533 3654 1536 3659 ·

586 3704 766 3769 Hem,
787 3706 897 3757 vide
911 3715 965 3758 ut
986 3711 1183 3762 discidit
1203 3714 1409 3779 labrum]
1445 3717 1615 3781 Asper

552 3764 774 3843 'mediam
812 3785 1016 3848 longam
1052 3804 1083 3836 a
1105 3791 1378 3841 caedendo
1387 3795 1610 3859 accipit·

550 3871 702 3985 ’ἔξω
711 3860 928 3955 mediam
975 3862 1187 3913 brevem
1236 3882 1265 3915 a
1310 3868 1614 3965 scindendo.

576 4008 746 4060 Hem
777 4013 888 4062 vide
919 4018 976 4062 ut
1005 4015 1200 4066 discidit
1233 4019 1436 4086 labrum]
1466 4025 1611 4076 Diffi-

551 4080 722 4135 culter
759 4088 856 4137 hoc
900 4090 953 4138 in
990 4105 1145 4140 scena
1182 4098 1388 4145 ostendi
1425 4108 1612 4162 potest.

548 4162 725 4228 itaque
759 4167 1031 4230 singularis
1055 4176 1134 4220 est
1167 4171 1517 4235 improbitatis
1549 4195 1610 4229 ac

549 4237 745 4288 fraudis
758 4242 870 4291 liaec
891 4244 1164 4309 simulatio,
1182 4258 1253 4296 eo
1260 4263 1431 4311 sensu,
1456 4269 1607 4316 quem

553 4313 790 4365 Donatus
845 4318 1071 4380 posuit.·
1133 4324 1148 4351 ‘
1174 4323 1292 4373 Non
1344 4330 1609 4395 ostendit,

1266 435 1483 484 κοτε
1530 425 1935 487 νΔίιιοιωιι
1984 436 2066 487 ιιι

1696 583 1797 630 &c.
1820 582 2075 631 Baetem.
2137 605 2144 610 ·

1769 656 1891 705 Vide
1907 664 1961 706 ut
1981 658 2180 707 discidit
2203 659 2412 723 labrum]
2448 659 2581 710 Haec
2603 660 2744 711 eredo

1697 734 1930 797 queritur
1949 735 2087 798 apud
2126 736 2453 784 luscitiosum
2490 744 2581 786 ant
2602 738 2746 786 oculis

1696 810 2009 871 caligantem
2030 825 2226 860 senem.
2259 812 2552 861 Par-nobiae.

1758 890 1821 935 21
1848 888 2029 936 Νοιιίιι
2044 903 2149 937 eun
2166 903 2250 936 m
2269 889 2383 937 hinc
2403 892 2540 937 modo
2553 891 2745 953 produxe

1694 963 1875 1027 ciebas]
1912 965 2051 1013 Mire
2074 965 2354 1014 Terentius
2377 979 2470 1013 eos
2496 966 2646 1028 ipsos,
2669 964 2741 1028 qui

1694 1041 1963 1106 falluntur,
1999 1058 2066 1093 ex
2103 1044 2280 1106 aliqua
2295 1047 2456 1106 ‘parte
2479 1051 2656 1092 cautos
2680 1042 2746 1091 fa·

1695 1120 1801 1170 cit:
1838 1126 1896 1170 ut
1912 1136 1976 1170 eo
1996 1120 2360 1170 delectabilius
2378 1120 2743 1183 spectatoribus

1695 1198 1984 1261 procedant
2011 1197 2135 1247 doli.
2176 1212 2295 1246 nam
2337 1212 2458 1261 quae
2483 1197 2647 1260 gratia
2675 1202 2745 1246 est

1696 1279 1789 1322 aut
1805 1273 2109 1336 delectatio,
2119 1288 2226 1323 non
2246 1271 2744 1334 stultissimumfaui?

1695 1350 1935 1399 Donatus.

1707 1449 1712 1450 ν
1761 1425 1877 1473 Non
1899 1432 2073 1475 taem
2093 1426 2643 1490 mhicmodoprodaxe
2659 1425 2742 1490 «ἠι-

1696 1500 1802 1562 bas]
1818 1502 2127 1552 Memoriter
2148 1517 2309 1552 senex
2331 1517 2437 1553 non
2462 1504 2626 1552 solum
2640 1500 2746 1566 quid

1697 1576 1793 1625 sibi
1812 1577 2005 1625 dixerit
2025 1578 2190 1641 Syrus
2205 1580 2364 1642 paulo
2381 1588 2528 1643 aute,
2548 1579 2635 1628 sed
2652 1577 2746 1642 qui-

1695 1653 1793 1702 bus
1835 1653 2010 1702 verbis
2042 1654 2252 1717 dixerit,
2289 1653 2480 1705 refert.
2536 1670 2654 1704 nam
2685 1653 2748 1701 sic

1697 1731 1922 1793 dixerat,
1939 1746 2074 1795 quem
2093 1738 2277 1794 egmnet
2288 1734 2515 1794 produxi.
2535 1733 2695 1782 Idem.

1705 1833 1710 1838 ·
1763 1809 1998 1858 Rachiae
2024 1808 2182 1872 modo]
2199 1810 2351 1874 ‚Haec
2388 1810 2552 1859 verba
2573 1817 2752 1874 praece·

1697 1885 1844 1934 denti
1870 1888 2042 1934 versui
2066 1885 2423 1949 attribuimus,
2447 1886 2540 1952 qui
2563 1892 2644 1935 est
2661 1892 2751 1934 tro-

1697 1962 1908 2011 chaicus
1939 1962 2296 2022 catalecticus,
2315 1968 2377 2011 ut
2421 1969 2480 2011 et
2518 1963 2602 2011 hic
2633 1963 2752 2025 ipse,

1697 2038 1785 2101 qui
1816 2042 2055 2100 superest
2093 2036 2321 2100 demptis
2366 2037 2450 2086 his
2494 2038 2681 2097 verbis,
2713 2036 2750 2084 si

1698 2120 1872 2162 tamen
1895 2113 2056 2173 aiebas
2079 2113 2132 2161 in
2152 2112 2282 2162 duas
2311 2112 2544 2177 syllabas
2565 2119 2751 2163 contra-

1695 2189 1874 2249 hatur3
1911 2189 2068 2237 aliter
2089 2194 2232 2237 esset
2270 2189 2570 2239 octonarius
2592 2188 2753 2237 iambi·

1695 2280 1804 2315 cns.
1836 2265 2073 2316 Faernus.

1759 2346 1825 2391 22
1866 2342 2042 2391 Veram
2078 2341 2210 2391 venit
2230 2346 2343 2403 post
2375 2342 2643 2405 insaniem]
2669 2341 2751 2390 Su·
2833 2371 2834 2376 =

1696 2431 1811 2483 pra,
1824 2418 2085 2469 Produxi
2100 2417 2619 2468 iratnmadmodum
2633 2432 2753 2467 nune

1696 2494 1947 2554 αὐξητικως
1984 2509 2087 2545 non
2120 2495 2313 2544 iratum
2360 2496 2638 2560 praedicat,
2671 2494 2750 2544 sed

1697 2575 1947 2624 insanum.
1974 2575 2219 2624 Donatus.
2299 2595 2306 2601 ·

1763 2653 1827 2698 23
1865 2650 2009 2699 Nihil
2038 2649 2274 2714 pepercit]
2308 2649 2389 2700 Ut
2410 2664 2588 2715 supra,
2631 2656 2646 2680 ‘
2667 2650 2749 2701 Ni·

1696 2726 1769 2775 hil
1808 2728 2057 2779 reticuit!
2077 2732 2155 2779 sic
2191 2730 2414 2780 dicimus
2450 2730 2505 2781 in
2529 2732 2623 2794 his,
2644 2742 2746 2794 quae

1698 2809 1895 2865 praeter
1961 2806 2388 2870 expectationem
2435 2813 2588 2869 gesta
2630 2812 2746 2855 sunt.

1696 2880 1849 2931 Idem.
1930 2899 1934 2903 ·
2581 2904 2588 2908 ·

1767 2957 2026 3006 Verberon-e
2046 2952 2280 3006 'bominem'
2298 2957 2481 3021 mem]
2514 2958 2746 3007 Miserum

1693 3030 1753 3080 fit
1795 3033 1859 3081 de
1897 3040 2073 3092 aetate,
2109 3033 2162 3080 id
2186 3035 2328 3097 quod
2365 3032 2433 3081 de
2468 3033 2745 3083 conditione

1694 3120 1795 3156 non
1811 3114 2042 3171 poterat.
2061 3108 2216 3159 Idem.
2739 3126 2744 3133 ·

1693 3204 1702 3214 ·
1757 3187 1820 3232 24
1857 3184 2011 3238 Quem
2038 3198 2127 3245 ego
2148 3186 2288 3233 modo
2304 3200 2509 3248 puerunt
2529 3187 2747 3236 tantillum

1690 3259 1743 3308 in
1778 3261 1995 3309 mnibus
2026 3264 2217 3323 gestavi
2247 3263 2390 3326 meis]
2449 3254 2747 3313 Addiditsae·

1692 3338 1789 3388 tati
1812 3337 2056 3387 invidiam
2082 3345 2135 3389 et
2159 3340 2405 3390 meritum
2443 3350 2642 3393 recens‘.
2663 3342 2747 3388 hoc

1690 3420 1773 3463 est
1794 3414 1929 3463 enim
1950 3416 2092 3478 quod
2119 3415 2248 3465 dicit
2269 3419 2444 3467 modo.³
2497 3416 2747 3468 Erm-

1687 3492 1803 3553 Iam,
1834 3490 2064 3539 δεικτικὸν
2083 3499 2182 3541 est.
2215 3492 2424 3542 videtur
2449 3496 2586 3545 enim
2609 3506 2746 3544 manu

1687 3564 1905 3630 fingere,
1925 3582 2081 3630 quam
2106 3570 2396 3632 parvulum.
2434 3571 2596 3621 Idem:

1721 3660 1726 3669 ·
1755 3640 1907 3698 Qa‘em
1921 3657 2010 3704 ego
2031 3645 2402 3706 modo'pueram',
2424 3650 2509 3711 ξε.
2511 3647 2537 3710 ]
2553 3647 2645 3696 Me
2665 3647 2744 3695 be-

1687 3733 1754 3768 ne
1779 3719 1861 3767 de
1854 3720 1985 3783 ipso
2001 3720 2253 3770 meritum
2266 3722 2432 3773 etiam
2455 3724 2522 3774 ab
2546 3722 2741 3772 infante.

1687 3797 1958 3860 Penelope
1982 3796 2048 3847 de
2087 3798 2380 3862 Euryclea.
2419 3800 2596 3865 Odys.
2614 3811 2742 3850 xxn·

1676 3871 1741 3920 ‘H
1762 3875 1916 3921 κεῖνον
1928 3870 2161 3932 δύστηνον
2182 3873 2235 3922 ἐὺ
2254 3874 2448 3939 ὄνρέφεν,
2472 3878 2543 3936 318
2563 3862 2737 3927 &ilren-

1597 3956 1602 3969 ¹
1685 3960 1790 4009 λεν,
1825 3948 2066 4012 Δεξαμένη
2087 3951 2321 4017 χείρεσσ),
2356 3954 2440 4004 ὅτε
2468 3973 2548 4017 μιν
2578 3955 2736 4017 rpem!

1685 4027 1795 4078 τέκε
1828 4028 2026 4092 μήτηρ.·
2064 4031 2442 4081 Puer-culorum
2468 4032 2623 4096 geruli
2655 4029 2731 4079 isti

1687 4107 1949 4155 veteribus
1973 4105 2300 4156 vocabantur
2342 4111 2514 4158 tor-arii
2552 4123 2579 4157 a
2610 4107 2723 4156 toris.

1684 4183 1719 4232 i.
1758 4197 1807 4232 e.
1848 4182 2000 4230 ulnis.
2047 4184 2135 4246 qui
2174 4185 2379 4234 Graecis
2425 4181 2717 4249 ὦλενστρόφοι·

1683 4258 1874 4307 Plauto
1897 4259 1949 4305 in
1974 4258 2150 4307 Milite
2175 4267 2277 4310 act.
2305 4275 2399 4310 ιιι.
2422 4279 2494 4312 sc.
2521 4267 2563 4312 1.
2582 4258 2716 4309 ancil·

1683 4336 1733 4384 la
1754 4335 1950 4386 dicitur
1968 4337 2184 4397 geraria.
2229 4339 2530 4390 Farnabius.
2697 4328 2707 4355 ‘
