3035 4941
1221 261 1232 298 1

752 357 1119 406 TERENTII
1168 357 1405 407 ANDR.
1453 358 1619 406 Ac‘r.
1667 358 1780 407 111.
1829 359 1933 408 SC.
1980 361 2060 408 11.

295 503 340 551 le
355 505 518 551 smne
531 500 672 564 point
687 514 781 563 par
798 514 952 551 aucun
971 504 1122 551 autre.
1154 500 1319 550 Boecl.

356 578 503 627 Nihil
517 582 761 627 moventur
780 575 984 640 nuptioe]
1007 577 1127 627 Non
1151 585 1353 640 pertur-

296 656 486 722 bmtur
516 655 737 718 nuptiae.
800 655 1073 718 Moventur,
1105 652 1350 705 differun-

293 739 397 784 tur.
430 733 675 783 Donatus.
1189 739 1198 744 “

354 812 451 860 Nil
485 815 732 860 mouentur
762 809 964 874 nuptia]
995 808 1115 859 Non
1149 815 1350 874 pertur-

289 888 405 939 bari
446 902 602 953 posse
641 888 852 951 nuptias
889 886 1123 938 credunt.
1163 887 1350 937 Furna-

293 965 412 1015 bias.

355 1041 494 1099 Quid
524 1044 601 1090 nis
627 1056 733 1091 eum
756 1041 1059 1091 intellexeras
1084 1041 1139 1091 id
1165 1041 1352 1091 consilii

285 1118 477 1183 ωριτε]
523 1119 745 1184 Quaqua
782 1133 838 1166 se
877 1123 1113 1168 verteret
1150 1119 1350 1181 Davus,

288 1196 500 1256 obvium
531 1194 883 1260 infestumque
913 1194 1112 1247 invenit
1143 1205 1347 1257 senem;

286 1280 341 1322 et
374 1279 555 1323 tamen
594 1272 672 1322 ita
710 1277 916 1328 versute
951 1271 994 1320 it
1030 1270 1253 1335 obviam,
1290 1278 1351 1322 ut

288 1350 448 1408 etiam
490 1349 891 1414 comprehensus
935 1348 1190 1398 elabatur.
1244 1348 1349 1398 Do·

285 1432 445 1475 natus.
981 1471 984 1474 .

352 1503 488 1561 Quid
507 1504 619 1552 ais?
648 1518 755 1552 eum
771 1502 1091 1566 intellexeras]
1112 1502 1348 1554 Dimeter

287 1581 587 1633 trochaicus
607 1581 957 1632 catalecticus.
988 1580 1218 1631 Faernus.

347 1663 411 1708 37
442 1659 549 1717 Cur
566 1673 660 1707 non
681 1659 812 1708 dixti
828 1659 1059 1723 extemplo
1072 1657 1348 1723 Pamphilo]

287 1733 472 1799 Culpae
497 1734 762 1785 convincit
792 1748 928 1798 eum,
955 1736 1093 1801 quod
1115 1737 1345 1787 revelan-

284 1812 354 1862 da
391 1811 715 1862 reticuisset.
781 1812 1046 1863 Donatusz
1089 1813 1348 1878 ‘Quaqua

286 1888 377 1952 se,’
398 1893 506 1939 διο.
537 1888 797 1939 Boeclerus.

348 1970 412 2015 38
450 1966 580 2022 Quis
596 1966 753 2027 igitur
772 1981 877 2016 eum
906 1966 965 2015 ab
984 1966 1068 2016 illa
1086 1966 1347 2032 abstruxit]

284 2043 403 2094 Non
445 2040 642 2105 frigide
680 2042 875 2105 intulit,
911 2042 1104 2092 dixisse
1126 2059 1216 2093 se:
1253 2044 1345 2093 sed

281 2136 398 2171 cum
413 2134 605 2185 magua
619 2120 1027 2171 asseveratione:
1043 2123 1347 2172 etabstraxit

283 2197 517 2264 proprie,
534 2203 596 2248 ut
638 2212 813 2261 supra,
861 2199 877 2226 ‘
901 2198 992 2248 Me
1028 2214 1059 2248 a
1099 2198 1347 2263 Glycerio

281 2278 530 2327 miserum
554 2275 815 2325 abstrahat
828 2275 862 2324 ?’
895 2282 969 2339 et,
999 2276 1015 2304 ‘
1040 2276 1348 2330 Divellimur
1387 2309 1394 2314 -

281 2354 402 2404 inde
424 2353 635 2417 Iphitus
649 2360 704 2401 et
724 2351 899 2402 Pelias
911 2353 1150 2402 mecum.’
1161 2353 1346 2404 Donat.

348 2432 473 2490 Quis
508 2431 673 2494 igitur
707 2429 836 2494 eum]
871 2428 991 2480 Hoc
1024 2429 1099 2481 sic
1137 2431 1344 2483 audieu-

282 2510 400 2561 dum
424 2516 529 2571 est,
551 2507 700 2573 quasi
720 2507 879 2563 dicat.
906 2505 1053 2558 Dixi.
1085 2506 1258 2560 Idem.'

342 2591 408 2637 39
441 2586 631 2635 Misere
648 2582 793 2646 hunc]
824 2583 1027 2647 Misere,
1060 2585 1236 2649 valde,
1267 2586 1347 2636 ni-

281 2664 390 2714 mis.
422 2664 579 2712 Idem.

344 2741 492 2790 Nm
512 2739 609 2789 sibi
628 2753 823 2788 uxorem
841 2737 1049 2803 expetit]
1074 2737 1343 2803 Oratorie,

283 2834 377 2883 pro
396 2832 465 2868 eo
486 2816 629 2883 quod
646 2823 749 2880 est,
770 2829 874 2867 non
896 2821 1120 2880 recusat,
1142 2815 1342 2878 expetit.

281 2896 449 2947 Idem.

325 2977 404 3023 ,40
441 2972 505 3022 ld
536 2970 659 3020 mihi
692 2971 757 3020 da
785 2968 990 3033 neg-otii]
1022 2969 1106 3019 De
1139 2969 1343 3034 projec-

279 3049 418 3099 tione
444 3048 594 3112 pueri
614 3059 711 3110 pro
729 3043 945 3095 foribus.
977 3046 1128 3095 Idem.

281 3148 288 3151 *
342 3128 407 3178 Ia
425 3126 549 3178 ηιίΙιί
570 3127 635 3175 du
652 3125 860 3189 negotii]
892 3126 968 3175 Ut
1000 3130 1252 3175 caveatur
1276 3124 1341 3175 ab

276 3203 613 3268 appositione
637 3201 788 3265 pueri
811 3208 933 3251 aute
953 3201 1158 3251 ostium.
1190 3201 1341 3250 Idem.

338 3281 405 3330 Id
440 3278 565 3330 mihi
585 3280 647 3328 da
679 3277 885 3341 negotii]
916 3278 993 3328 Ut
1011 3276 1173 3327 filium
1197 3284 1342 3327 tuum

273 3358 326 3408 in
349 3355 527 3408 officio
563 3361 625 3404 et
657 3355 877 3404 honesto
907 3354 1201 3417 nuptiarum
1224 3367 1343 3419 pro·

275 3436 456 3499 posito
478 3431 734 3482 retineam
753 3447 770 3491 3
793 3437 952 3495 atque
972 3429 1145 3481 omnia
1160 3430 1342 3481 harum

279 3510 504 3578 consilia
553 3515 611 3558 et
655 3507 919 3557 machinas
982 3507 1344 3559 intervortam.

276 3585 573 3638 Parnasius.

341 3652 436 3716 Tu
471 3669 637 3712 tumen
696 3660 846 3723 idem]
895 3662 1031 3711 Idem
1092 3660 1344 3713 abundat.

272 3741 437 3808 Apud
484 3747 712 3801 veteres,
748 3738 1063 3800 Temenidem,
1081 3737 1341 3801 integrum

270 3820 371 3870 fuit
386 3837 403 3870 t
427 3818 572 3869 nude
594 3815 734 3880 apud
751 3830 864 3877 nos,
880 3816 1090 3877 tundent,
1113 3820 1170 3863 et
1185 3818 1342 3864 tamen

271 3904 456 3948 natum
491 3899 607 3943 est:
644 3891 718 3941 sic
752 3898 809 3942 et
839 3890 966 3941 idem
1002 3896 1059 3941 et
1092 3891 1342 3941 eorundem

271 3974 495 4023 dictum.
530 3971 771 4020 Donatus.

342 4051 416 4100 Tu
435 4056 603 4100 tumes
619 4045 770 4110 idem]
789 4044 1118 4102 Temenidem,
1136 4048 1228 4093 aut
1244 4057 1341 4106 pro

272 4134 451 4178 tamen
474 4125 706 4191 positum
727 4131 829 4187 est,
862 4131 953 4172 ant
973 4135 1070 4186 pro
1086 4114 1304 4170 taudem
1323 4136 1339 4169 t

272 4212 332 4255 ut
362 4205 459 4267 sit,
496 4204 574 4254 Tu
613 4202 803 4252 tandem
839 4199 926 4248 has
965 4198 1162 4263 nuptias
1192 4211 1341 4261 perge

258 4282 426 4341 secere
442 4281 520 4330 ita
541 4285 596 4330 ut
617 4277 767 4339 sacis.
801 4276 968 4328 Idem.

2319 348 2492 416 1107

1495 505 1558 550 41
1585 502 1653 556 Et
1673 503 1727 551 id
1744 517 1879 566 spero
1896 503 2142 564 adiuturos
2160 505 2294 569 deos]
2318 507 2381 557 lu
2402 522 2490 559 an-

1428 576 1588 642 tiquis
1610 577 1759 628 libris
1783 586 1881 642 est,
1911 580 2185 641 adiuturos.-
2214 583 2268 632 in
2306 599 2489 636 receu-

1428 654 1568 704 tibus
1590 655 1786 707 habent
1803 657 2057 717 adiutores.
2090 658 2342 713 Faernus.

1493 734 1564 783 Et
1583 734 1637 782 id
1654 735 2055 798 sper-oudinum
2071 738 2202 803 deos]
2225 739 2396 791 Quam
2418 758 2486 792 ex

1428 809 1559 858 Mss-
1601 810 1907 875 quibusdam
1957 812 2170 864 adducit
2209 815 2490 868 lectionem

1428 885 1614 937 Rivius
1634 894 1685 938 et
1704 889 1756 937 id
1775 903 1910 952 spero
1926 890 2168 951 adiutores
2181 893 2486 959 deos,ueque

1426 962 1619 1026 placet.
1651 965 1935 1015 Fumbius.

1490 1043 1557 1089 42
1592 1041 1732 1097 Quod
1749 1048 1916 1105 parato
1935 1058 2052 1106 opus
2071 1044 2165 1108 est]
2194 1044 2408 1097 Diserte
2430 1055 2488 1098 et

1426 1115 1614 1166 Latine
1655 1116 1806 1182 dixit,
1852 1119 1989 1175 Quod
2027 1128 2198 1184 parato
2235 1138 2352 1186 opus
2399 1131 2486 1175 esi.

1428 1191 1688 1243 Donatus.

1488 1272 1554 1318 43
1579 1270 1692 1320 Non
1713 1272 1904 1335 impulit
1924 1263 2017 1336 me,
2034 1274 2136 1325 haec
2153 1290 2279 1326 nune
2300 1277 2488 1330 mnino

1423 1350 1479 1394 ut
1499 1348 1756 1412 crederem]
1792 1349 1905 1398 Noa
1923 1350 2133 1416 impulit,
2150 1367 2254 1403 non
2279 1367 2490 1418 persua·

1424 1421 1511 1484 sit,
1543 1436 1647 1472 non
1681 1422 1920 1489 perfecit,
1956 1434 2016 1476 ut
2053 1427 2322 1478 crederem
2356 1429 2488 1493 Gly-

1424 1499 1620 1549 cerium
1643 1501 1931 1565 peperisse.
1993 1503 2068 1553 Et
2089 1518 2207 1554 eum
2231 1503 2367 1555 dixit
2387 1522 2487 1556 om-

1419 1575 1552 1639 nino,
1590 1577 1819 1632 ostendit
1838 1580 2078 1643 quaedam
2099 1595 2156 1632 se
2178 1581 2486 1647 credidisse,

1420 1654 1476 1702 in
1520 1655 1822 1720 quibusdam
1858 1658 1971 1722 jam
2008 1673 2125 1710 esse
2164 1661 2489 1713 circumven-

1423 1736 1552 1781 tum.
1619 1733 1759 1783 Mire
1789 1743 1962 1784 autem
1992 1743 2205 1787 cautum
2249 1740 2369 1803 capi
2408 1740 2486 1789 iu·

1423 1808 1570 1860 ducit
1592 1825 1787 1870 senem,
1824 1818 1887 1862 nt
1906 1811 2166 1877 crederet,
2191 1815 2330 1879 quod
2353 1802 2486 1879 ,Glyss

1422 1887 1617 1935 cerium
1639 1901 1741 1936 non
1768 1886 2093 1951 peperisset.·
2110 1890 2263 1944 Idem.
2318 1919 2323 1926 ·
2460 1921 2463 1924 -

1483 1966 1552 2012 44
1584 1963 1705 2019 Quoe
1724 1964 1856 2013 dixit
1875 1965 1975 2013 sint
1996 1979 2109 2015 vem
2128 1966 2311 2029 omnia]
2343 1969 2476 2019 Quae

1423 2044 1606 2100 postea
1625 2039 1761 2089 dixit
1780 2040 1980 2089 Davus.
2044 2041 2116 2090 Et
2137 2040 2273 2091 bene
2293 2045 2480 2094 omnia.-

1421 2122 1481 2164 ut
1524 2121 1775 2179 appareat
1812 2128 1987 2164 senem
2047 2118 2214 2166 multa
2263 2118 2482 2169 credere

1422 2204 1546 2240 vera
1567 2204 1840 2260 esse‚'quae
1859 2192 2041 2241 Davus
2065 2191 2217 2243 dixit.
2251 2193 2402 2245 Idm.

1483 2271 1548 2317 45
1594 2267 1755 2316 Multo
1792 2267 2074 2338 maxim]
2123 2269 2285 2319 Multo
2322 2271 2481 2323 etiam

1419 2344 1789 2409 comparativis
1854 2344 2055 2412 antiqui
2111 2346 2485 2412 adjunxerunt.

1480 2503 1549 2551 46
1584 2499 1721 2557 Quod
1740 2500 1861 2550 milti
1893 2501 2134 2565 pollicitus
2151 2500 2248 2566 eet]
2281 2504 2481 2559 Pollici-

1416 2578 1560 2641 tatio‚
1582 2626 1589 2631 ,
1613 2580 1892 2630 multarum
1959 2593 2130 2630 rerum
2190 2581 2482 2645 promissio.

1480 2736 1545 2781 47
1585 2733 1749 2782 Gnate
1788 2735 2010 2799 uxorem]
2046 2734 2391 2799 Subauditur,
2425 2742 2482 2785 nt

1414 2808 1514 2858 det.
1546 2808 1714 2860 Idem.
2242 2858 2253 2864 ,

1479 2889 1548 2936 48
1584 2887 1716 2943 Quid
1736 2887 1883 2954 alias]
1916 2887 2024 2938 Pro
2062 2902 2157 2939 cur
2191 2889 2340 2952 alias,
2381 2889 2482 2939 alio

1416 2969 1673 3028 tempore.
1706 2965 1860 3015 Idem.

1486 3042 1616 3098 Quid
1646 3042 1769 3092 alias
1791 3044 1972 3106 malim,
2000 3040 2110 3106 ξω]
2145 3041 2213 3092 V.
2237 3041 2481 3092 Chresto·

1415 3119 1578 3169 math.
1598 3119 1653 3168 in
1674 3121 1812 3170 alias.
1849 3120 2138 3169 Boeclerus.

1481 3200 1545 3245 51
1579 3195 1742 3259 Atque
1760 3196 1878 3245 adeo
1897 3197 1951 3244 in
1973 3195 2073 3257 ipso
2094 3199 2301 3258 tempore
2323 3208 2481 3243 eccum

1415 3271 1572 3336 ipsum
1614 3270 1822 3334 obvim]
1874 3270 2137 3321 Numerus
2182 3275 2241 3319 et
2297 3282 2481 3320 seusus

1417 3349 1635 3413 pulchre
1675 3352 1884 3398 constat
1920 3347 2018 3398 boc
2059 3346 2246 3397 modo=
2295 3346 2481 3411 utique

1419 3426 1577 3489 enim,
1607 3440 1706 3490 per
1736 3426 1836 3475 hoc
1860 3439 2165 3489 pronomen,
2200 3424 2372 3488 ipsum,
2403 3424 2482 3493 ³¹¹?

1416 3505 1696 3569 telligimus
1715 3503 2040 3555 Chremetem
2059 3518 2075 3553 t
2109 3515 2260 3568 quem
2273 3501 2385 3565 jam
2401 3499 2484 3551 Si-

1415 3596 1504 3632 mo
1535 3580 1814 3633 convenire
1847 3580 1984 3630 velle
2008 3594 2065 3629 se
2087 3578 2254 3628 dixit:
2288 3591 2390 3628 nec
2412 3577 2480 3628 ab

1416 3673 1482 3710 eo
1517 3659 1610 3725 qui
1640 3671 1817 3709 secum
1852 3655 2106 3721 loquitur,
2137 3653 2277 3717 exigi
2300 3653 2481 3716 debet,

1416 3742 1478 3786 ut
1496 3736 1669 3787 omnia
1689 3748 1817 3785 voce
1839 3732 2136 3796 exprimat;
2168 3731 2259 3780 sed
2284 3729 2479 3794 aliquid

1415 3812 1580 3863 tacito
1602 3810 1780 3862 sensui
1800 3824 1894 3860 suo
1917 3808 2196 3873 relinquat.
2236 3807 2479 3857 Donatus

1415 3896 1593 3940 tamen
1631 3887 1841 3937 videtur
1875 3884 2070 3936 addere
2099 3883 2391 3945 Chremem,
2421 3882 2481 3931 in

1414 3965 1520 4017 fine
1556 3966 1707 4031 bans
1739 3978 1951 4014 versus:
1985 3977 2103 4028 quae
2133 3960 2295 4010 dictio
2330 3965 2386 4009 et
2421 3959 2478 4008 in

1415 4042 1672 4108 aliquibus
1714 4041 1860 4092 libris
1912 4036 2148 4089 Terentii
2191 4041 2305 4085 ests
2353 4034 2480 4084 mihi

1412 4128 1592 4171 tamen
1628 4118 1793 4182 magis
1822 4118 2109 4181 probantur
2139 4110 2480 4174 exemplaria,

1414 4212 1535 4264 quae
1560 4209 1674 4245 eam
1696 4208 1800 4243 non
1820 4192 2032 4242 babent.
2068 4189 2301 4240 Faernus.
2369 4242 2372 4244 v

1481 4274 1544 4323 In
1562 4273 1666 4337 ipso
1685 4269 1912 4335 tmpore]
1946 4268 2009 4321 Iu
2031 4267 2144 4334 ipsa
2172 4262 2475 4328 opportuni·
