3035 4941
555 352 727 417 1600

616 512 682 559 34
740 509 914 560 Tamen
949 510 1182 575 suspicor]
1243 510 1308 560 In
1352 516 1532 575 tamen,
1573 526 1608 562 n

552 585 781 635 eliditur.
809 592 864 634 ut
887 595 943 635 et
961 585 1106 642 alibi,
1152 586 1168 614 ‘
1187 586 1382 637 Tamen
1412 586 1496 635 vix
1513 588 1607 637 liu-

559 675 708 710 mane
731 662 965 724 patitur.'
999 662 1146 712 Idem·

614 744 677 789 35
729 741 893 802 Egone
937 742 1059 792 hunc
1099 742 1159 791 ab
1197 756 1306 793 orco
1354 743 1610 807 mortuum]

549 816 728 871 Verba
745 825 863 868 sunt
879 819 1175 882 cogitantis.
1197 819 1319 870 ideo
1335 827 1392 870 et
1413 821 1608 870 ἐλλειπ-

545 895 683 943 τικῶς
702 894 946 959 loquitur.
970 896 1120 946 Idem.

617 970 804 1031 Nescis,
826 970 1083 1034 Parmeno]
1116 969 1340 1024 Addidit
1372 970 1624 1023 stimulos.

545 1044 836 1095 curiositati
852 1046 984 1110 ejus.
1019 1047 1170 1097 Idem.

612 1126 675 1172 3⁷
711 1123 862 1172 Immo
891 1138 999 1172 cero
1021 1124 1137 1183 scio,
1155 1138 1299 1187 neque
1320 1123 1406 1172 hoc
1427 1122 1607 1188 impra-

546 1200 806 1263 denseci]
840 1200 1006 1250 Recte
1040 1217 1052 1247 ε
1099 1214 1312 1265 parvum
1346 1199 1481 1250 enim
1516 1199 1607 1250 be·

546 1276 720 1327 neflcii
762 1278 1024 1334 meritum,
1059 1278 1101 1326 si
1150 1277 1218 1327 ab
1277 1277 1607 1342 imprudente

546 1354 838 1416 praestitum
850 1353 1110 1411 rideatur.
1142 1353 1296 1403 Iden.

578 1480 581 1481 γ
609 1429 762 1478 Immo
803 1444 914 1479 vero
945 1429 1059 1491 scio,
1092 1444 1238 1492 neque
1282 1429 1367 1479 hoc
1398 1430 1606 1492 impr-ud.

530 1503 607 1566 f.]
645 1506 787 1555 Nihil
825 1505 1000 1555 durius
1046 1505 1369 1561 correctione
1406 1505 1605 1556 Petiti:

542 1580 685 1630 immo
705 1595 814 1630 vero
848 1581 946 1630 seio
963 1596 980 1628 .-
1008 1595 1083 1629 nae
1115 1595 1220 1645 quae
1241 1580 1319 1629 hic
1339 1581 1607 1645 imprudens

529 1656 654 1717 feci.
724 1656 827 1708 Qui
862 1655 1009 1705 novit
1038 1656 1274 1707 Terentii
1312 1657 1504 1719 stilum,
1526 1658 1603 1707 ni-

545 1733 616 1781 liil
646 1733 752 1782 tale
781 1739 1075 1796 exspectat.
1099 1747 1163 1780 an
1199 1732 1391 1782 iterum
1432 1740 1605 1783 tentat

543 1808 812 1866 curiosius,
847 1808 1128 1859 resciscere
1161 1816 1440 1870 secretum,
1479 1809 1606 1859 dum

543 1885 608 1935 ad
637 1885 962 1948 Pamphilum
992 1885 1260 1950 loquitur?
1295 1885 1429 1935 Nam
1462 1885 1602 1949 quod

544 1976 621 2011 vs.
661 1964 745 2011 40.
784 1961 879 2023 ait,
934 1960 1282 2024 ‘Imprudens
1320 1961 1437 2025 plus
1482 1961 1605 2011 boni

538 2035 683 2101 feci‚’
705 2042 806 2088 &c.
840 2038 893 2087 id
933 2037 999 2087 ad
1031 2045 1357 2101 spectatores
1392 2037 1608 2103 dicitur,

541 2123 600 2164 et
615 2116 712 2164 hoc
735 2114 1020 2178 significate
1049 2130 1166 2165 cum
1189 2116 1431 2165 annulum
1455 2116 1603 2182 Myr·

540 2190 705 2240 rhinae
744 2197 1008 2255 repertum
1051 2205 1167 2246 esse
1205 2191 1483 2256 Pamphilo
1522 2207 1604 2244 re·

539 2267 791 2330 nuntiavi,
812 2268 933 2332 qnid
965 2267 1087 2318 inde
1112 2276 1436 2334 sequeretur,
1457 2269 1604 2334 igno·

538 2342 717 2392 rabam
760 2343 1016 2410 ,quidem3
1070 2344 1163 2394 sed
1225 2345 1346 2396 boni
1407 2347 1601 2412 aliquid

538 2416 716 2482 fuisse,
750 2434 886 2470 nunc
921 2420 1049 2470 satis
1074 2414 1449 2474 animadverto.
1482 2425 1602 2475 Βω-

536 2497 707 2546 clerus.

605 2572 875 2636 Nequehoc
903 2574 1307 2639 impmdmseci]
1341 2576 1464 2626 Non
1499 2576 1599 2627 hoc

538 2648 677 2699 serio
701 2648 833 2698 dicit
854 2648 1137 2713 Parmeno,
1157 2651 1248 2700 sed
1274 2650 1449 2702 servili
1476 2668 1599 2717 qua-

540 2722 658 2773 dam
694 2724 958 2789 jactantia
1000 2733 1058 2777 et
1095 2728 1472 2780 exsultatione:
1509 2744 1601 2780 ne-

539 2815 639 2863 que
654 2800 806 2850 aliter
826 2802 1130 2867 accipienda
1154 2804 1418 2869 responsio
1441 2806 1599 2856 Pam-

538 2875 686 2938 phili.
719 2878 848 2926 Mer.
871 2876 1188 2930 Casaubouus.

603 2956 668 3001 ³8
724 2953 916 3020 Temere
958 2954 1203 3019 quicquam
1258 2957 1601 3010 Parmenonem

528 3030 804 3092 pretereat]
861 3031 1012 3083 Quod
1057 3032 1318 3082 interdum
1370 3048 1474 3084 non
1520 3042 1597 3086 te·

534 3117 673 3152 mere
699 3112 996 3169 praetereat,
1016 3107 1153 3171 quod
1188 3108 1350 3159 habet
1369 3107 1597 3161 faciendi

537 3181 921 3231 necessitatem.
954 3182 1197 3236 Donatus.

602 3254 792 3304 Temere
812 3255 1058 3319 quicquam
1089 3258 1430 3309 Parmenonem
1468 3277 1594 3325 prce·

530 3329 705 3393 terent]
735 3332 847 3381 Sibi
888 3331 987 3396 ipsi
1029 3333 1127 3384 hoc
1157 3334 1303 3393 dicit.
1326 3344 1383 3386 et
1419 3351 1474 3386 se
1498 3354 1592 3388 no·

531 3407 712 3458 minat.
779 3409 871 3464 Ut,
906 3409 1371 3475 ‘Degeneremque
1412 3415 1592 3479 Neop-

533 3485 774 3533 tolemum
793 3500 1002 3535 narrare
1016 3487 1308 3537 memento!
1331 3489 1419 3546 Et,
1445 3495 1459 3518 ‘
1477 3490 1590 3556 Age

530 3574 669 3610 nunc
691 3577 706 3610 z
734 3561 1118 3631 Phormionem,
1139 3563 1227 3628 qui
1253 3565 1412 3626 volet,
1427 3565 1589 3617 laces-

527 3635 661 3684 sito.’
692 3636 843 3686 Idem.

597 3713 787 3761 Temere
808 3713 1074 3778 quicquam]
1109 3716 1297 3768 Utrum
1319 3718 1416 3769 hoc
1439 3718 1591 3784 dicit,

530 3789 647 3839 Non
682 3795 897 3854 temere,
929 3805 1098 3855 neque
1133 3808 1227 3857 per
1248 3794 1586 3859 imprudenti-

527 3879 608 3913 am
646 3865 863 3929 geritur,
899 3867 1145 3932 quicquid
1188 3871 1316 3920 utile
1351 3873 1472 3920 est?
1519 3888 1585 3924 an

525 3939 623 3988 hoc
668 3939 815 4003 dicit,
856 3942 999 3991 Nihil
1038 3950 1211 4007 potest
1250 3947 1469 3996 transire
1510 3957 1585 3998 te-

523 4028 687 4079 mere,
707 4017 845 4082 quod
869 4018 997 4068 utile
1033 4017 1180 4070 factu
1203 4028 1305 4086 est,
1325 4024 1443 4088 quin
1466 4040 1583 4088 gra-

525 4090 649 4140 tiam
675 4092 754 4141 sui
791 4093 1012 4144 habeat?
1065 4095 1149 4146 An
1187 4098 1284 4148 hoc
1320 4098 1467 4164 dicit,
1495 4100 1582 4150 An

524 4168 797 4242 quicquam
843 4172 1142 4237 Pamphilus
1183 4184 1468 4239 praetereat
1503 4184 1581 4229 te-

523 4257 682 4302 mere.
718 4245 798 4296 ita
831 4256 889 4297 ut
925 4264 1024 4299 nou
1065 4262 1356 4305 remuneret
1380 4255 1578 4324 ⁹bomim

1254 367 1473 427 NOTAE
1526 368 1925 423 VARIORUM
1976 366 2056 421 n(

1683 510 1883 563 factum
1925 508 2284 574 Parmenonis,
2313 509 2455 575 quod
2489 510 2591 561 sibi
2625 512 2758 563 utile

1681 584 1877 639 fuerit?
1911 588 1980 638 Et
2005 588 2250 638 convenit
2284 587 2381 637 boc
2412 587 2618 638 dictum
2642 603 2752 638 me-

1688 663 1866 713 retrici
1886 663 2117 715 abeunti.
2153 664 2303 713 Idem.

1749 739 1943 790 Omnes
1976 740 2141 790 nostri
2162 741 2293 790 Mss.
2314 739 2507 791 habent
2531 756 2548 789 :
2587 740 2768 792 Ante-
2849 737 2862 750 ‘

1682 831 1808 869 mere
1829 818 2075 880 quicquam
2104 816 2448 865 Parmenonem
2477 820 2766 879 pretereat.

1681 891 1774 942 Ita
1805 893 1965 947 etiam
2001 894 2238 943 Donatus
2276 892 2434 955 legit:
2468 893 2569 941 sed
2606 892 2763 943 dubi·

1684 974 1781 1033 tat,
1802 977 1976 1020 utrum
2010 985 2075 1019 ex
2100 983 2321 1033 persona
2334 968 2778 1023 Bacchidis-hac:

1682 1045 1949 1107 dicantur,
1988 1046 2136 1110 quasi
2178 1051 2353 1097 esset:
2400 1045 2764 1110 Aequique·

1683 1122 1967 1186 Pamphilus
1976 1126 2232 1186 pretereat
2253 1126 2446 1182 temere,
2467 1122 2545 1170 ita
2581 1127 2782 1177 utrm.

1678 1205 1945 1250 remuneret
1986 1200 2154 1249 bonam
2181 1199 2374 1260 sactum
2417 1199 2782 1261 Parmenonis,

1679 1277 1808 1338 quod
1833 1276 1932 1326 sibi
1960 1274 2280 1336 utilefuerit?
2312 1275 2375 1325 Id
2396 1273 2539 1338 quod
2567 1274 2765 1326 durum

1678 1348 1876 1411 fuerit3
1910 1357 1970 1401 ut
2008 1351 2261 1414 nesciam,
2295 1350 2557 1416 quomodo
2603 1358 2764 1415 potn-

1680 1427 1783 1476 erit
1826 1425 2166 1477 Grammatici
2210 1427 2502 1477 stomachus
2565 1441 2765 1477 eonco-

1682 1517 1844 1566 quere
1890 1503 2047 1552 talem
2089 1516 2318 1564 sensum,
2350 1501 2465 1552 istis
2496 1502 2684 1553 verbis
2703 1518 2768 1567 e-

1680 1580 1996 1630 nuntiatum.
2080 1578 2313 1629 Faernus
2366 1594 2434 1628 ex
2489 1580 2768 1641 Bembina⁸

1679 1653 1812 1704 libro
1847 1655 1984 1706 hunc
2019 1669 2312 1705 sermonem
2345 1657 2626 1721 Pamphilo
2664 1658 2768 1708 tri-

1679 1728 1833 1791 buit;
1880 1739 1939 1782 et
1973 1746 2040 1782 ex
2081 1730 2267 1781 eodem
2301 1732 2456 1796 legit,
2492 1733 2765 1788 Pomm.

1646 1808 1651 1814 '
1680 1807 1817 1857 unde
1846 1808 1899 1857 in
1934 1815 2164 1858 nostram
2187 1808 2472 1859 editionem
2516 1810 2782 1875 irrepsit.-

1678 1883 1887 1945 Placet‚
1921 1883 2061 1947 quod
2110 1882 2177 1933 de
2218 1898 2443 1947 persona
2487 1885 2763 1951 Pamphili

1678 1957 1913 2021 affertur,
1953 1961 2101 2025 cujus
2125 1959 2178 2008 in
2199 1974 2410 2013 servum
2440 1960 2764 2026 ironiae,ap-

1676 2036 1779 2086 tius
1811 2037 2054 2088 videntur
2093 2039 2372 2088 convenire
2405 2040 2522 2090 haec
2570 2040 2759 2092 verba.

1674 2127 1791 2162 nam
1816 2121 2071 2179 quatenus
2087 2115 2405 2165 Parmenoni
2427 2113 2762 2182 tribuuntur,

1675 2189 1803 2238 nihil
1834 2191 1962 2240 satis
1997 2198 2305 2242 constanter
2339 2192 2621 2257 expedivit
2643 2195 2756 2244 Do-

1675 2274 1845 2317 natus.
1879 2267 2163 2333 simplicius
2197 2277 2374 2319 tamen
2432 2267 2604 2321 fuerit
2644 2276 2760 2320 tum

1675 2342 1750 2391 sic
1767 2343 2029 2407 accipere.
2052 2350 2110 2394 ut
2143 2345 2421 2395 continuet
2452 2361 2602 2396 suam
2627 2344 2761 2411 eipso·

1673 2416 1799 2467 νείαν
1831 2418 2110 2483 Parmeno,
2140 2435 2296 2487 quam
2330 2422 2495 2488 coepit
2516 2422 2575 2472 in
2615 2423 2760 2486 illis;

1672 2494 1688 2521 ‘
1710 2495 1874 2545 Immo
1900 2510 2024 2546 vero
2048 2497 2192 2557 seio;
2228 2512 2398 2563 neque
2421 2498 2522 2548 hoc
2558 2498 2763 2564 impru-
2799 2531 2806 2536 -

1673 2570 1803 2620 dens
1841 2570 1981 2622 feci.
2018 2588 2085 2622 an
2123 2574 2270 2622 enim
2300 2565 2761 2628 Parmenonisin·

1673 2647 1927 2699 dustriam
1970 2648 2127 2699 facile
2172 2648 2394 2715 effugiat
2440 2653 2645 2717 aliquid
2692 2668 2760 2704 ex

1673 2725 1772 2775 illis
1821 2742 1937 2791 quae
1988 2724 2225 2777 facienda
2280 2732 2426 2793 sunt,
2470 2745 2598 2794 quas
2637 2730 2776 2784 fieri.

1671 2801 1868 2853 debent
1883 2802 1919 2851 θ’
1955 2802 2171 2853 Mallem
2216 2814 2393 2856 autem
2437 2809 2677 2878 retinere
2699 2808 2774 2872 τὸ,

1670 2879 2028 2931 Parmenonem.

1735 2955 1989 3005 Ultimum
2009 2951 2212 3007 versum
2238 2973 2303 3007 ex
2328 2959 2514 3010 Plauti
2539 2962 2758 3032 Captis.
2769 3017 2777 3029 ¹

1667 3032 1814 3084 Prol.
1833 3024 2121 3093 imitatione
2144 3036 2470 3095 traductum,
2493 3054 2601 3090 non
2619 3056 2770 3100 unus

1667 3100 1988 3160 eruditorum
2011 3121 2345 3163 monuerunt.
2378 3114 2651 3167 Boeelerus.

1730 3192 1797 3237 39
1832 3189 1951 3237 Plus
1983 3188 2122 3239 hodie
2165 3189 2274 3239 boni
2294 3189 2402 3252 feci
2447 3193 2750 3283 imprudens]

1668 3264 1871 3313 Bonum
1898 3261 2098 3323 facere,
2145 3275 2291 3317 recte
2336 3277 2520 3331 potest
2556 3280 2613 3344 et
2651 3273 2749 3321 im-

1666 3340 1916 3404 prudens.
1966 3341 2101 3391 bene
2148 3341 2347 3408 facere,
2408 3360 2587 3410 nemo,
2644 3349 2751 3398 nisi

1665 3409 1913 3480 prudens.
1998 3417 2160 3467 Sen.‘
2181 3420 2300 3469 Non
2328 3428 2482 3470 erant
2506 3423 2585 3472 illi
2606 3424 2748 3488 sapi-

1664 3500 1809 3545 entes
1830 3494 1950 3556 viri,
1972 3495 2179 3545 etiamsi
2207 3496 2479 3550 faciebant
2501 3498 2748 3550 facienda

1659 3561 2020 3634 sapientibus!
2064 3573 2196 3622 Mer.
2219 3574 2545 3625 Casoubonus.

1726 3650 1791 3696 40
1826 3647 1944 3697 Feci
1976 3647 2266 3712 imprudens,
2290 3652 2611 3713 quamsciens
2628 3658 2746 3703 ante

1659 3723 1781 3773 hunc
1802 3723 1927 3773 diem
1947 3723 2176 3788 unquam]
2211 3727 2349 3778 Quia
2367 3743 2469 3778 non
2489 3732 2748 3781 convenit

1658 3813 1810 3849 servo
1825 3800 2033 3861 scienti,
2052 3810 2196 3851 recte
2212 3801 2410 3866 facere,
2432 3805 2568 3856 bene
2592 3806 2748 3856 addi-

1660 3876 1754 3937 dit,
1776 3876 2094 3941 imprudenti
2113 3878 2212 3928 sibi
2235 3881 2495 3946 evenisse,
2516 3890 2578 3934 ut
2598 3883 2742 3936 bene

1656 3951 1881 4017 faceret,
1901 3954 2040 4018 quod
2086 3956 2317 4019 prudens
2357 3973 2622 4026 nunquam
2659 3961 2744 4028 fe-

1658 4028 1814 4079 cerit.
1838 4031 2075 4081 Donatus.

1724 4106 2027 4171 Imprudens,
2059 4124 2200 4171 quom
2240 4112 2418 4175 sciens]
2469 4114 2744 4178 Ἀντίθετοιῑ

1659 4181 1960 4233 secundum.
2027 4184 2166 4256 Nam
2206 4186 2595 4250 imprudentem
2626 4193 2732 4244 sei-

1661 4259 1769 4309 enti
1794 4259 1987 4321 reddit,
2007 4276 2108 4312 non
2134 4264 2466 4331 prudentem.
2496 4267 2651 4334 Idem.
