3035 4941
500 426 870 474 TERENTH
921 426 1549 476 HEAUTON'rtMoR.
1597 427 1766 478 AGT.
1802 430 1898 476 lv,
1945 430 2052 477 SC.
2083 432 2150 478 V.

274 567 352 632 qui
384 582 469 618 eos
508 570 837 621 collaudunt:
880 571 1040 620 stroke
1076 569 1152 619 his
1186 566 1325 620 head.

277 647 565 699 Farnabius.

2293 415 2464 481 1365

1398 569 1572 633 habet,
1591 584 1826 634 prorsum.
1859 571 2110 621 Faernus.
2285 567 2316 594 ‘·
2343 570 2352 579 '
2450 585 2464 615 ι

1463 647 1594 696 Num
1613 648 1971 710 promum-⁴1⁸1
2003 648 2246 711 intelligo]
2304 650 2464 713 Apte,

278 723 287 738 ¹
331 727 386 772 15
422 725 620 775 Fusium
653 725 883 775 boai‘tibi
913 724 1092 788 aliquid
1118 738 1208 787 pro
1227 691 1323 790 istd
1398 724 1619 786 primum
1657 724 1864 773 dubitat
1901 739 2082 785 senex,
2126 726 2178 773 iu
2214 740 2274 774 re
2307 724 2461 790 qn'am

267 814 316 849 re
334 817 387 850 ac
408 801 591 864 lubens]
615 803 814 852 Blande
832 802 1007 851 dicere
1024 808 1079 849 et
1100 800 1321 862 benigne

270 875 432 926 facere
453 880 693 942 cupiunt,
714 878 1115 943 quiin'dulgent,
1135 886 1224 927 aut
1241 892 1320 926 as·

268 960 547 1004 tentantur.
578 989 583 996 ·
614 954 833 1006 Induxit
874 954 972 1004 hoc
1009 952 1120 1011 ἦθος
1160 955 1319 1003 etiam

265 1029 315 1078 in
346 1030 593 1095 Adelphis
620 1047 675 1082 v.
698 1038 746 1082 5.
768 1037 818 1082 ⁵.
853 1036 903 1080 6.
947 1033 962 1059 ⁸
980 1031 1098 1080 'ribi
1138 1031 1318 1081 lubens

264 1105 390 1157 bene
424 1105 622 1157 faxim!
670 1116 726 1159 et
758 1123 809 1157 v.
831 1112 880 1158 6.
903 1112 953 1157 7.
976 1112 1026 1157 8.
1081 1108 1185 1156 ‘Et
1221 1107 1317 1164 tibi

264 1184 324 1233 ob
346 1198 452 1234 eam
478 1200 606 1249 rem,
642 1187 684 1235 si
707 1185 832 1251 quid
857 1200 974 1235 usus
999 1184 1221 1246 venerit,
1243 1185 1316 1233 lu·

264 1258 377 1309 bens
403 1261 532 1311 bene
555 1260 755 1311 faxim?
787 1262 1075 1311 Boeclerus.

268 1342 381 1386 17
398 1337 643 1389 Glo‘n'ure
653 1337 896 1404 euertisse]
948 1339 1066 1392 Hoc
1098 1339 1193 1390 tibi
1216 1354 1312 1403 pro

262 1414 529 1465 voluntate
559 1416 841 1480 contigisse
882 1416 1155 1480 gloriaris?
1211 1418 1311 1466 Eu-

259 1491 490 1553 graphius.

262 1567 281 1608 .’
317 1567 533 1618 Gloriure
552 1570 781 1633 euenisse,
802 1569 909 1634 ζα]
960 1570 1097 1621 Quia
1128 1571 1311 1620 Mene·

259 1641 421 1693 deuius
445 1643 677 1696 nondum
694 1647 1076 1697 circumductus
1097 1654 1213 1697 erat
1237 1661 1314 1696 ar·
1338 1671 1341 1674 ·

260 1717 535 1781 gento‚²se'd
574 1723 725 1772 dolus
758 1730 962 1773 tantum
997 1723 1316 1775 struebatur.

257 1796 477 1848 Naunius
499 1801 719 1863 conjicit
748 1800 1032 1863 legendum
1057 1801 1311 1851 hariolum.

256 1872 313 1922 Id
336 1882 430 1938 est,
445 1876 587 1926 inani
613 1875 935 1927 divinatione
949 1878 1144 1939 jactas.
1182 1878 1312 1927 Mis-

256 1951 363 2000 σου.
379 1954 415 2003 l.
439 1967 501 2004 n.
524 1969 573 2004 c.
591 1959 644 2003 ⁵.
680 1953 971 2004 Fmabius.

260 2051 267 2058 ·
310 2032 368 2084 19
402 2030 496 2080 Tui
519 2029 837 2094 Clitiphonis]
888 2030 1018 2082 Hoe‘
1039 2038 1155 2094 est,
1180 2032 1309 2081 illud

255 2107 508 2157 consilium
554 2106 696 2173 quod
745 2107 901 2170 supra
956 2107 1306 2171 significatum

252 2179 406 2246 est3ut
416 2183 615 2235 veritas
629 2185 771 2234 dictu
788 2185 1116 2238 nihilominus
1136 2186 1307 2250 impli-

251 2274 359 2310 care
401 2264 568 2326 possit
613 2275 864 2312 errorem.
933 2262 1144 2326 Quippe
1186 2271 1307 2314 cuni

251 2337 366 2389 dioit
408 2341 583 2390 Clinia
629 2338 788 2402 patri,
829 2338 1140 2403 Clitiphonis
1184 2342 1307 2391 ami·

250 2428 351 2464 cam
374 2430 483 2476 esse
507 2418 680 2466 hanc.
665 2432 679 2444 ·
714 2421 775 2464 ut
813 2415 909 2465 hoc
949 2415 1070 2465 dum
1106 2417 1305 2470 iudicat

251 2505 435 2556 servus,
469 2492 803 2547 nihilominus
834 2492 1067 2541 domiuus
1099 2493 1193 2544 tilii
1224 2496 1303 2546 sui

250 2568 449 2619 amicam
474 2568 809 2619 meretricem
828 2582 944 2659 esse
979 2583 1080 2618 non
1104 2571 1305 2624 eredat.

246 2643 563 2708 Bagruplu‘us·

251 2724 363 2769 42
392 2722 447 2771 S.
469 2722 579 2772 Dic
597 2721 745 2770 sodes.
787 2720 848 2770 C.
871 2721 1069 2770 nimium
1089 2723 1304 2788 inquam]

247 2792 523 2847 Affectibus
588 2797 780 2846 theatri
824 2797 924 2846 hoc
980 2798 1302 2861 gratificatur

246 2869 416 2937 Poeta,
440 2882 499 2924 ut
527 2888 692 2923 senex
732 2871 945 2923 fraudes
977 2875 1221 2925 adversus
1243 2891 1302 2926 se

244 2945 438 3009 paratas
466 2950 674 3012 laudet,
698 2950 898 3000 auctori
935 2952 1132 3014 gratias
1165 2958 1305 3016 agat,

244 3025 421 3077 misera
444 3027 767 3093 ignorantia
813 3027 953 3076 alens
1006 3041 1302 3094 augensque

244 3103 369 3152 mala
389 3120 498 3157 sua.
516 3121 523 3131 ·
539 3104 805 3157 Boeclerus.
1230 3136 1238 3148 -

302 3179 445 3231 Immo
459 3183 531 3231 sic
553 3179 896 3244 sutis]·1.iber
917 3176 1221 3243 Bembiuus‚
1245 3187 1302 3231 et

244 3255 539 3322 Vaticanus,
562 3260 605 3307 si
624 3258 770 3318 scius,
792 3264 848 3306 et
871 3255 1027 3321 infra,
1046 3273 1098 3307 se
1129 3272 1179 3307 se
1194 3259 1303 3321 ipse

244 3331 369 3395 dicit,
391 3350 490 3384 non
511 3334 663 3384 dicet.
691 3332 933 3383 Ρῆἓιιιιιε.
1002 3350 1009 3356 ·

300 3415 362 3460 25
397 3412 657 3475 Postquam
676 3411 972 3475 aspexerit]
998 3411 1301 3462 Geminavit

246 3488 567 3549 sententiam,
577 3493 634 3536 ut
650 3482 726 3535 vis
742 3487 1107 3551 pulcritudinis
1126 3504 1300 3539 amare

245 3564 463 3625 cogentis
484 3563 833 3627 exprimatur.
866 3565 1126 3617 Boeclerus.

302 3642 362 3689 2¹1
398 3642 467 3699 Et
488 3640 876 3704 quidemjubebit
892 3642 1057 3706 posci]
1072 3644 1142 3693 Et
1159 3606 1301 3695 volet

245 3718 301 3764 ut
332 3713 487 3767 filiam
526 3725 664 3766 tuam
698 3725 850 3780 pater
888 3733 1009 3768 suus
1055 3722 1299 3784 postulet.

247 3790 401 3843 Quam
457 3807 568 3842 rem
622 3807 742 3842 cum
787 3807 889 3842 non
933 3793 1299 3859 intellexisset,

245 3881 355 3919 cum
382 3869 621 3919 simulata
645 3869 925 3931 videretur,
946 3872 1215 3934 respondit
1236 3873 1298 3921 il-

243 3944 305 4007 lo,
344 3947 417 3996 uti
451 3952 722 4010 argentum
756 3945 860 3996 filio
890 3945 1005 3995 dari
1034 3948 1204 4011 possit
1232 3949 1297 4000 ad

245 4023 442 4085 nuptias
464 4022 835 4074 necessarium.
850 4042 855 4049 ·
868 4024 1193 4087 Eugrupliius.

302 4100 465 4162 Posti]
497 4099 620 4149 Peti
653 4099 703 4147 iu
739 4112 973 4160 uxorem,
1005 4100 1141 4164 quod
1173 4101 1300 4153 facit

244 4174 591 4225 Menedemus.
615 4188 689 4224 sc.
710 4179 757 4224 7.
791 4175 1073 4227 Far-namus.

300 4256 363 4303 28
398 4252 528 4304 Num
546 4265 737 4315 prorsus
752 4251 874 4300 nihil
892 4252 1155 4317 intellego]-
1168 4254 1298 4304 Par·

244 4326 289 4376 vi
321 4328 415 4380 hoc
437 4327 618 4393 refert,
638 4326 773 4381 liber
786 4352 791 4359 ·
805 4336 983 4397 tamen,
1004 4329 1297 4383 Bembinus

1397 800 1750 865 denegaturus
1766 811 1847 851 est
1868 819 1881 850 :
1907 799 1968 850 et⁴
1987 815 2079 864 per
2102 803 2292 865 gradus
2316 811 2459 853 vete:

1397 875 1540 927 rut'or
1561 878 1861 940 depellitur.
1895 879 2154 930 Boeclerus.

1459 958 1524 1003 30
1557 955 1767 1018 Aurum]
1824 957 1941 1007 Quo
1959 965 2177 1018 argento
2197 971 2354 1006 aurea
2376 972 2457 1006 or·

1393 1038 1656 1091 numenta,
1692 1037 1882 1091 vestes,
1913 1034 2012 1079 ὅτε.
2051 1047 2145 1095 per
2171 1031 2461 1096 Aposiope·

1393 1107 1468 1156 sin
1482 1109 1721 1172 (supplet
1737 1108 2014 1174 Chremes)
2025 1118 2308 1175 comparet.
2334 1112 2460 1162 Far-

1390 1183 1574 1234 nobius.
2319 1203 2324 1210 ¹

1456 1263 1621 1326 Neque
1651 1264 1933 1328 despondeo]
1982 1265 2044 1314 Id
2081 1272 2182 1328 est,
2204 1279 2304 1315 non
2337 1237 2457 1330 pro·

1389 1337 1573 1389 mitto:
1607 1341 1745 1390 uude
1765 1355 1935 1405 sponsa
1955 1341 2175 1393 dicitur.
2244 1344 2377 1393 Nam
2402 1350 2458 1393 et

1389 1417 1597 1479 sponsio
1632 1424 1687 1467 et
1709 1417 1804 1467 dos
1829 1434 1859 1467 a
1885 1423 2033 1482 patre
2068 1420 2257 1481 puellae
2295 1420 2452 1470 daba-

1306 1517 1313 1534 ι
1392 1502 1495 1543 tur.
1533 1494 1866 1559 Eup-opletas.

1458 1571 1759 1635 Despondeo]
1807 1571 2018 1634 Spondeo
2050 1572 2330 1635 legendum
2353 1586 2452 1635 pu·

1393 1654 1468 1698 tat
1484 1648 1553 1698 G.
1574 1648 1861 1710 Fabricius,
1880 1649 2016 1713 quod
2039 1649 2275 1698 Donatus
2287 1648 2470 1713 dicat,

1385 1727 1585 1789 spondet
1602 1727 1772 1789 puellm
1797 1725 1955 1790 puter,
1971 1738 1976 1746 “
1990 1728 2260 1789 despondet:
2275 1727 2455 1776 adoles·
2539 1729 2544 1746 ¹

1386 1803 1556 1853 centis.
1623 1803 1924 1852 Proniiscue
1948 1810 2120 1852 tamen
2142 1811 2456 1867 usurpantur

1389 1893 1421 1927 a
1443 1878 1820 1942 probatissimis
1844 1879 2125 1929 autoribus.
2165 1880 2453 1932 Fur-nabin.

1396 1977 1403 1984 ·
1453 1959 1517 2003 32
1553 1955 1638 2004 Me
1659 1960 1832 2015 rogas?
1875 1955 2076 2017 homini]
2128 1956 2209 2004 Ex
2248 1955 2454 2004 Andria

1387 2046 1437 2081 v.
1464 2034 1524 2081 1.-
1545 2032 1560 2058 ‘
1579 2031 1791 2080 Homini
1829 2031 2240 2093 adolescentulo,
2266 2031 2319 2079 in
2344 2031 2455 2081 aiio·

1386 2115 1641 2170 occupato
1663 2109 1855 2168 amore,
1872 2106 2169 2156 abhorrenti
2189 2107 2264 2155 ab>
2279 2121 2334 2155 re
2349 2111 2450 2157 :ux-²

1386 2183 1531 2233 oria.’
1596 2183 1658 2233 Ei
1684 2199 1781 2247 ego
1810 2184 1972 2233 filiam
1995 2185 2172 2232 darem
2196 2184 2247 2231 in
2271 2183 2449 2233 sediti-

1385 2275 1536 2312 onem
1556 2269 1714 2326 atque
1734 2262 1961 2311 incertas
1984 2261 2228 2325 nuptias?
2261 2261 2448 2310 Boeele-

1383 2354 1483 2391 rus.

1396 2379 1675 2482 Homini]
1713 2416 2064 2482 Aposiopesis.
2098 2414 2446 2478 Subaudi,fn-

1382 2493 1564 2557 gitivo,
1584 2497 1672 2560 qui
1706 2509 1737 2544 a
1771 2505 1940 2558 patre
1958 2493 2252 2558 aufugerat,
2280 2508 2449 2546 mere·

1384 2571 1503 2623 trici
1528 2572 1768 2636 superbae
1792 2578 1848 2621 et
1877 2579 2193 2636 sumptuosae
2217 2571 2446 2621 addicto.

1296 2664 1303 2687 ι
1382 2646 1666 2697 Farnobius.

1443 2726 1506 2770 33
1548 2723 1657 2772 Non
1676 2737 1763 2785 ego
1785 2723 1838 2771 ιἰι
1855 2727 2136 2786 perpetuum
2153 2723 2364 2773 dicebam
2388 2729 2444 2773 ut

1378 2799 1512 2849 illam
1535 2800 1609 2849 iun·
1630 2800 1793 2862 dures]
1828 2800 1982 2849 Liber
2004 2801 2302 2860 neminum,
2331 2801 2442 2850 Non

1378 2890 1465 2937 ego
1496 2876 1767 2938 dicebam,
1748 2892 1801 2924 m
1818 2881 2097 2938 perpetuum
2126 2882 2180 2926 ut
2217 2875 2351 2924 illum
2369 2876 2446 2924 im

1378 2954 1544 3001 dures.-
1566 2952 1814 3003 Faernus.
1945 2986 1950 2992 -
2001 2980 2004 2981 ν
2034 2978 2039 2985 -

1406 3032 1506 3077 34
1545 3029 1656 3077 Non
1677 3044 1777 3077 meu
1809 3033 1881 3077 est
1901 2998 2164 3090 simulatio]
2216 3028 2350 3077 Boni
2389 3034 2446 3079 et

1380 3104 1630 3167 sapientis
1654 3104 1755 3157 viri
1785 3105 1867 3154 hie
1905 3118 2086 3153 sensus
2110 3111 2209 3164 est,
2230 3112 2288 3152 ut
2310 3118 2441 3152 uun·

1378 3180 1768 3246 quam-audeat,
1797 3180 1934 3246 quod
1963 3194 2220 3244 uunquam
2242 3181 2310 3230 sit
2331 3179 2441 3229 fac·-

1378 3263 1547 3320 turus,
1570 3258 1820 3321 polliceri.
1835 3298 1841 3304 .
1855 3257 2180 3321 Eugruphius.
2222 3278 2229 3304 ι

1290 3356 1301 3380 ·.
1388 3376 1393 3379 .
1443 3333 1556 3381 Non
1576 3347 1698 3394 meu,
1718 3330 1825 3395 ξω]
1847 3332 2016 3396 Supra
2038 3332 2442 3396 di'xerat·Syrus,·

1378 3409 1621 3457 ‘mentiri
1644 3423 1743 3458 uon
1768 3415 1851 3457 est
1872 3409 2078 3459 meum.’
2143 3409 2344 3459 Reddit
2361 3411 2441 3460 illi

1377 3484 1659 3537 Chremest
1693 3487 1710 3513 ⁴
1731 3499 1833 3535 uon
1877 3493 1960 3535 est
1996 3500 2113 3535 mea
2144 3486 2439 3536 simulatio?

1373 3562 1451 3610 Tu
1476 3561 1569 3612 tibi
1590 3562 1723 3611 habe
1749 3563 2128 3614 consarcinatus
2154 3556 2278 3613 tuas.
2295 3563 2439 3614 tech-

1375 3654 1467 3692 nas
1486 3655 1684 3706 3neque
1707 3655 1786 3691 me
1809 3641 2195 3693 iis'admisceas.
2223 3642 2440 3692 Fur-nub.

1382 3758 1391 3762 -
1437 3722 1500 3767 36
1560 3719 1643 3768 Itu
1676 3724 1732 3768 tu
1757 3719 1972 3784 isthaecJ'
2005 3720 2090 3769 lta
2111 3719 2292 3783 'igitur
2322 3720 2438 3769 hoec

1374 3793 1589 3853 efficito,
1602 3802 1663 3846 ut
1676 3796 1787 3845 siue
1805 3810 1918 3845 mea
1937 3810 2156 3860 persona
2175 3796 2288 3845 liaec
2301 3810 2441 3845 corn-

1374 3874 1537 3935 pleas.
1572 3873 1899 3937 Eugruphius.
1949 3910 1956 3921 ,
2430 3898 2438 3914 .

1438 3953 1515 3999 37
1540 3949 1820 4013 Credebam]
1852 3947 2088 4010 Scilicet,
2108 3946 2202 3997 tihi
2229 3916 2441 4010 persua

1292 4048 1295 4053 ·
1373 4025 1486 4075 deri
1507 4026 1605 4075 hoe
1638 4039 1806 4089 posse,
1829 4033 1890 4074 ut
1921 4024 2189 4073 assimules
2210 4024 2437 4074 interim.

1374 4103 1533 4166 Nota,
1563 4103 1682 4153 haec
1722 4102 1789 4152 ad
1828 4101 2052 4165 epitasin
2089 4101 2439 4152 machinatum

1373 4196 1490 4234 esse
1514 4180 1765 4231 Poetam:
1801 4185 1858 4228 et
1892 4178 1958 4227 ad
1983 4170 2329 4228 differeddam
2351 4194 2437 4228 ca-

1375 4257 1693 4321 tastrophen.
1745 4252 1980 4306 Quando
2015 4254 2159 4305 enim
2180 4253 2442 4302 ante-dix·

1372 4345 1487 4386 erat
1530 4333 1716 4397 Clinia,
1773 4329 2078 4397 ‘Antiphila
2120 4342 2233 4380 mea
2271 4328 2440 4381 nubet
