3035 4941
523 394 887 448 TERBN'rn
936 394 1570 446 HEAU'rorvrlMOR.
1617 396 1783 448 ΛΒΤ.
1830 399 1897 452 V.
1945 398 2052 450 SC.
2100 400 2185 449 11.

260 536 508 597 δεινότητα
527 537 721 601 ingenii
749 538 827 588 sni
850 539 1036 602 Syrus:
1074 540 1318 606 vultuque

150 617 155 624 ’
260 629 549 666 sermonem
572 614 796 678 adjuvat.
830 616 981 665 Idem.

326 692 406 741 Iln'
425 707 549 742 nunc
562 708 682 754 suni,
701 692 808 756 erm]
825 695 986 742 Totus
1002 691 1055 741 in
1073 692 1168 741 hoc
1186 707 1316 756 snm,

259 769 358 820 boc
396 784 531 820 nunc
563 785 678 834 ago,
715 778 771 820 et
812 771 1004 821 dudum
1027 772 1130 833 egi,
1150 786 1314 836 usque

257 846 383 896 dum
417 855 566 911 pater
599 853 716 896 tuus
754 847 951 905 aderat,
974 852 1031 898 ut
1061 848 1315 897 meditan-

255 923 329 972 do
381 924 588 989 aliquod
642 926 911 976 consilium
955 926 1310 976 extunderem.

255 1000 546 1050 Fon-nobitas.

319 1082 385 1127 82
421 1077 506 1127 Sic
532 1077 623 1141 est]
656 1079 757 1128 Diu
781 1077 954 1141 finxit,
988 1078 1162 1129 nescio
1186 1078 1310 1144 quid

254 1154 514 1217 cogitare,
559 1169 757 1213 servus,
793 1156 992 1220 reperit
1026 1162 1200 1206 tamen
1239 1170 1312 1205 as·

253 1238 386 1280 tute.
422 1232 659 1280 Consulit
681 1232 755 1281 nti
773 1231 935 1295 dicat,
953 1233 1087 1281 bunc
1111 1232 1310 1280 adoles·

251 1313 459 1356 centem
489 1306 648 1357 filium
673 1321 770 1358 non
793 1323 923 1370 esse,
945 1314 1001 1358 et
1020 1308 1205 1372 quaerit
1227 1323 1310 1358 ar-

252 1392 520 1448 gumenta,
537 1386 673 1451 quod
691 1393 962 1451 antequam
982 1387 1154 1450 puella
1174 1395 1311 1436 esset

248 1459 487 1521 inventa,
509 1461 645 1512 banc
667 1461 970 1526 diligebant,
993 1470 1176 1527 postea
1216 1478 1307 1513 ex-

249 1535 565 1587 baeredatur.
647 1537 850 1602 Adjicit
902 1545 959 1589 et
1000 1540 1148 1602 illud,
1192 1555 1308 1590 cum

248 1620 449 1662 matres
490 1629 694 1679 semper
716 1631 810 1679 pro
840 1615 960 1679 filiis
997 1617 1308 1667 intervenire

251 1691 637 1752 consueverint,
664 1692 874 1741 nuncin
908 1693 1176 1743 iracundia
1207 1708 1306 1744 non

248 1775 395 1829 rogat
429 1776 612 1818 mater.
678 1770 960 1832 compellit
994 1770 1152 1834 igitur
1184 1772 1305 1822 ado·

249 1843 551 1907 lescentem,
590 1846 663 1895 uti
717 1852 961 1909 parentes
1002 1855 1171 1910 roget,
1215 1855 1305 1899 aut

250 1921 388 1969 enim
409 1922 650 1984 precibus
663 1923 728 1972 ad
747 1922 1146 1973 misericordiam
1164 1938 1301 1975 com-

246 2005 480 2047 moturus
520 2007 600 2050 cst
623 1999 818 2064 ambos,
858 2006 949 2050 aut
983 2015 1098 2051 suos
1119 2017 1302 2066 paren-

247 2080 328 2123 tes
347 2074 506 2125 facile
520 2085 817 2140 cognoscet.
868 2077 968 2127 Sed
992 2087 1302 2130 conventum

243 2165 311 2200 ex
348 2154 628 2215 posteriori
665 2155 893 2205 oratione
933 2158 1304 2222 cognoscimus,

244 2241 364 2278 cum
385 2228 539 2291 dixit,
562 2231 578 2258 ‘
596 2231 730 2281 Satis
763 2230 945 2282 recte?
1013 2233 1140 2281 Cum
1164 2233 1301 2282 enim

243 2304 293 2353 in
320 2305 551 2368 periculo
587 2309 775 2371 majore
814 2307 1009 2372 positus
1030 2307 1189 2359 fuerit
1209 2309 1303 2358 fili-

244 2399 322 2445 us,
346 2392 455 2433 tum
491 2384 648 2435 facile
674 2385 972 2449 parentibus
998 2393 1170 2450 potest
1194 2402 1300 2436 mo-

241 2474 365 2510 vere
390 2455 658 2524 pietatem,
691 2462 771 2511 vel
796 2477 973 2527 pacem
998 2465 1064 2513 ab
1099 2463 1297 2514 iracun-

245 2535 310 2583 do
332 2544 482 2599 patre
505 2539 792 2601 suscipere.
860 2540 1104 2590 ‘Pacem'
1127 2549 1297 2592 autem

242 2611 380 2662 dixit
402 2614 626 2673 veniam,
644 2623 702 2663 ut
719 2615 907 2677 Virgil.
973 2623 988 2645 ‘
1005 2618 1299 2683 Pacemque

243 2702 336 2750 per
357 2703 509 2739 auras
537 2690 871 2755 Exquirunt.’
936 2694 1000 2743 Id
1023 2703 1122 2757 est,
1143 2696 1298 2746 bene·

239 2769 518 2818 volentiam
544 2783 605 2818 ac
633 2770 851 2820 veniam.
885 2772 1206 2837 Eugrophs'us.

301 2843 390 2894 Sic
424 2850 497 2894 est
511 2861 528 2894 .·
564 2861 656 2895 non
679 2861 776 2895 esse
797 2847 961 2896 luorum
995 2853 1044 2897 se
1064 2850 1299 2914 arbitror]

236 2921 386 2971 Bene
411 2923 765 2987 Eugrapbius:
813 2922 923 2972 ‘diu
943 2921 1108 2981 finxit,
1129 2939 1186 2973 se
1208 2940 1298 2975 ne·

237 2996 346 3046 scio
389 2997 531 3062 quid.
549 2998 803 3062 cogitare,
845 3011 1019 3048 servus
1043 3015 1060 3060 ς
1103 3002 1298 3062 reperit

236 3073 448 3123 tandem
465 3073 481 3096 ’
501 3074 604 3139 (ita
627 3073 900 3137 legendum
921 3074 1027 3140 est)
1048 3076 1064 3104 ‘
1089 3078 1298 3127 astute.’

234 3149 431 3213 Itaque
453 3150 566 3200 haec
598 3150 786 3213 oratio,
806 3152 879 3200 sic
913 3158 1001 3208 est,
1025 3153 1296 3204 continuat

236 3227 603 3290 cogitationes,
626 3235 750 3276 nota
778 3233 834 3276 et
855 3225 1101 3277 familiari
1122 3230 1294 3279 Comi·

235 3302 313 3351 cis
348 3299 533 3363 figura.
601 3302 730 3349 Mox
769 3302 986 3351 consilio
1017 3316 1108 3352 suo
1140 3302 1295 3353 tidem

231 3384 288 3428 et
346 3370 763 3427 benevolentiam
809 3385 990 3440 parat:
1047 3378 1064 3407 ‘
1081 3392 1181 3442 ego
1218 3379 1293 3429 di-

236 3469 373 3514 cam,
402 3454 538 3518 qnod
562 3453 688 3502 mibi
711 3455 762 3503 in
788 3462 1044 3504 mentems
1083 3454 1292 3521 tudijn-

231 3530 387 3579 dica.’
456 3529 627 3592 Atque
644 3530 765 3579 binc
796 3530 996 3579 duobus
1021 3545 1290 3594 argumen-

235 3608 301 3656 tis
330 3608 511 3670 (quarn
536 3619 602 3654 ex
636 3605 871 3668 proximo
892 3613 946 3655 et
970 3619 1024 3654 re
1048 3608 1292 3669 praesenti

229 3685 418 3749 petitis
436 3684 479 3745 l)
512 3689 567 3732 et
596 3681 942 3732 adolescentis
963 3688 1019 3731 et
1056 3689 1291 3733 conster-

228 3760 344 3810 nati
380 3759 604 3809 animum
638 3757 794 3808 facile
837 3758 1074 3822 impellit.
1106 3759 1290 3810 Βασκ-

226 3854 329 3888 rus.

292 3913 412 3963 Non
430 3926 528 3962 esse
543 3912 707 3961 horum
727 3915 776 3959 te
794 3909 1023 3973 arbitror]
1048 3909 1290 3962 Arbitror

226 3996 282 4040 te
315 4003 422 4038 non
444 4002 557 4038 esse
579 3986 739 4037 filium
759 3987 957 4045 borum,
977 3999 1075 4035 nec
1110 3986 1290 4051 digna.

227 4073 314 4116 tus
375 4070 460 4115 est
514 4063 710 4125 dicere,
758 4063 774 4090 ‘
803 4062 1110 4125 pareutum‚'
1175 4070 1287 4127 aut,

223 4144 240 4172 ‘
260 4143 554 4194 Chremetis
577 4147 633 4189 et
650 4137 936 4189 Sostrata?
957 4139 1243 4191 Fambtus.

290 4223 358 4270 88
394 4219 582 4268 Matres
594 4215 904 4281 omnesfiliis‚
925 4213 1033 4277 sm]
1066 4216 1285 4266 Menan-

224 4298 322 4350 der
336 4312 354 4348 z
384 4294 528 4348 Ἔστι
546 4292 598 4346 δὲ
611 4292 766 4358 μητὴρ
783 4290 1060 4356 φιλότεκνος
1089 4293 1281 4354 μᾶλλον

2272 383 2441 451 1881

1386 537 1760 666 ¹⁸:56³ssae
1789 617 1841 667 s'n
1859 622 2057 681 potem
2077 618 2281 683 injuria]
2325 579 2436 671 Sic-

1389 690 1474 741 ubi
1536 699 1686 756 pater
1734 691 1949 743 infestus
1995 693 2064 742 sit
2107 698 2161 743 et
2198 695 2441 759 iniquior,

1386 774 1554 820 mater
1586 771 1871 835 plerunque
1895 770 2246 834 indulgentior
2284 786 2440 821 excu-

1384 852 1467 895 sat
1491 853 1702 910 peccatu
1723 844 1834 895 filii.
1886 846 2003 898 Jam
2038 855 2211 897 autem
2247 847 2440 898 lentior

1344 937 1349 944 ·
1384 932 1487 987 est,
1509 939 1676 989 neque
1699 925 1751 974 id
1775 923 1920 974 facit.
1953 925 2105 975 Idem.

1445 1009 1511 1055 «ss
1536 1004 1854 1068 Suspicionem
1867 1002 2030 1066 idom]
2050 1004 2110 1054 ln
2129 1003 2259 1054 libro
2283 1004 2439 1055 Bem-

1383 1080 1502 1131 bino
1520 1090 1599 1133 est
1614 1083 1787 1145 istanc,
1808 1088 1864 1132 ut
1887 1089 1942 1131 et
1965 1082 2265 1133 Priscianus
2288 1083 2436 1145 citat,

1381 1168 1438 1208 et
1461 1159 1591 1207 ratio
1611 1174 1788 1209 versus
1811 1158 1990 1221 exigit.
2014 1158 2243 1208 Fo'e'rnus.

1443 1239 1512 1284 42
1545 1235 1605 1284 Si
1644 1251 1738 1285 non
1772 1241 1842 1285 est
1863 1250 2040 1299 verum,
2072 1236 2135 1284 od
2173 1235 2435 1285 misericor-

1378 1312 1509 1360 diam
1542 1311 1697 1361 mbos
1727 1313 1928 1361 adduces
1957 1310 2077 1374 cito]
2127 1310 2265 1362 Quid
2303 1312 2438 1361 enim

1384 1387 1600 1437 validius
1642 1402 1756 1437 esse
1791 1392 1998 1452 poterat
2029 1387 2094 1436 ad
2127 1388 2433 1439 tentandum

1381 1464 1602 1512 animum
1649 1463 1964 1527 parentum?
2015 1463 2201 1527 Itaque
2253 1468 2439 1527 postea
2521 1481 2526 1490 ·

1380 1545 1550 1589 mater
1590 1553 1686 1589 nec
1743 1537 1884 1589 ferre
1930 1544 2105 1602 potest
2155 1540 2303 1603 hujus
2358 1541 2437 1591 rei

1379 1617 1708 1668 mentionem.
1775 1617 2117 1681 calphurnius
2145 1618 2292 1682 hujus
2319 1633 2435 1668 sen-

1380 1693 1559 1744 tentiae
1598 1695 1726 1744 banc
1760 1695 2012 1743 rationem
2053 1692 2241 1745 affert:
2280 1696 2436 1760 ‘quia

1379 1781 1623 1836 parentes
1665 1775 1773 1824 veri
1816 1775 1921 1823 cito
1964 1773 2084 1823 filiis
2123 1775 2434 1838 ignoscunt!

1376 1848 1530 1900 Quod
1558 1848 1800 1914 frigidum
1824 1857 1965 1900 esset
1985 1851 2086 1899 hoc
2109 1852 2246 1901 loco.
2298 1853 2430 1902 Vult

1375 1926 1511 1973 enim
1557 1924 1861 1989 significare,
1919 1932 2164 1989 parentes
2225 1941 2434 1990 prorsus

1374 1998 1512 2049 ferre
1544 2015 1646 2050 non
1663 2014 1835 2065 posse,
1858 2001 1900 2050 si
1917 2000 2171 2062 γνησιότης
2184 2003 2271 2061 τῆς
2292 2019 2433 2067 στορ-

1371 2079 1464 2140 γῆς
1482 2079 1534 2127 in
1557 2078 1764 2128 dubium
1789 2084 2013 2129 vocetur.
2045 2080 2304 2131 Βαναία-ιω.

1435 2160 1499 2206 43
1534 2154 1714 2219 Scibis]
1745 2153 1997 2220 Antique,
2017 2170 2111 2219 pro
2131 2157 2268 2208 scies.
2303 2157 2428 2206 Far-

1372 2232 1575 2282 nabius.

1438 2309 1654 2372 Faciam]
1685 2308 1812 2358 Cum
1835 2310 1934 2360 hoc
1955 2309 2130 2372 verbo,
2153 2309 2330 2361 statim
2351 2310 2429 2360 di-

1375 2384 1608 2448 greditur
1628 2384 1693 2433 ad
1708 2392 1925 2434 matrem
1945 2384 2173 2448 Clitipho
2195 2403 2211 2447 ς
2234 2393 2296 2435 et
2311 2401 2430 2435 cum

1374 2476 1435 2511 ea
1468 2463 1623 2512 talem
1658 2460 1943 2511 orationem
1959 2455 2163 2512 *habere
2184 2462 2431 2525 instituit,

1375 2546 1431 2588 ut
1449 2544 1779 2602 praeceperat
1800 2539 1979 2601 Syrus.
2014 2537 2114 2589 Qui
2147 2539 2199 2588 in
2224 2540 2429 2590 theatro

1370 2614 1625 2677 subsistit,
1647 2620 1703 2663 et
1723 2621 1946 2665 mutatas
1979 2616 2124 2680 quasi
2155 2616 2208 2664 in
2246 2615 2428 2665 melius

1369 2691 1465 2741 sibi
1495 2690 1748 2755 propositi
1786 2692 1892 2740 vias
1915 2692 2212 2757 exequitur.
2245 2693 2426 2742 Βατίε-

1369 2782 1473 2819 rus.

1437 2846 1530 2895 Sat
1557 2849 1681 2895 recte
1701 2845 1840 2908 mihi]
1864 2845 1931 2892 Ο.
1954 2845 1990 2895 l.
2011 2860 2055 2896 s.
2076 2853 2193 2909 post
2213 2844 2230 2872 ⁴
2250 2850 2394 2895 recte
2408 2845 2423 2867 ’

1371 2922 1571 2970 habent
1592 2921 1694 2968 hoc.
1730 2920 1978 2969 Faernus.

1431 3000 1496 3046 44
1535 2996 1747 3045 Maxime
1766 3010 1848 3058 spe
1885 2994 2005 3043 situs
2025 2994 2142 3058 erit]
2176 2993 2311 3044 Situs
2329 3010 2429 3059 spe,

1368 3088 1597 3138 expone,
1638 3072 1938 3131 derelictus,
1977 3072 2087 3121 sive
2131 3070 2363 3121 dimissus
2395 3088 2426 3122 a

1370 3165 1490 3214 spe:
1528 3151 1634 3198 sino
1657 3151 1796 3198 enim
1820 3154 1875 3197 et
1893 3163 1984 3210 pro
2007 3147 2213 3197 dimitto
2234 3148 2425 3211 accipi-

1369 3234 1473 3283 tur,
1496 3232 1624 3275 utet
1649 3237 1806 3288 supra
1828 3223 1879 3272 in
1907 3223 2263 3277 Heautontim.
2286 3224 2425 3273 ‘sine

1370 3316 1450 3351 me
1495 3300 1727 3351 vacivom
1777 3306 1981 3361 tempus
2022 3311 2088 3346 ne
2128 3298 2261 3361 quod
2307 3298 2425 3348 dem

1366 3378 1488 3427 mibi
1546 3374 1771 3443 laboris)
1852 3374 1987 3423 Item
2045 3372 2096 3420 in
2155 3372 2427 3437 Adelphis,

1370 3456 1387 3481 ⁴
1411 3452 1642 3517 quisquis
1675 3464 1730 3499 es
1765 3450 1875 3500 sine
1907 3447 2027 3498 me.’
2092 3449 2162 3498 Et
2185 3450 2237 3497 in
2261 3448 2425 3499 Phor-

1366 3532 1554 3592 mione,
1615 3527 1945 3592 ‘imprudens
2003 3527 2171 3576 timuit
2227 3527 2423 3577 adoles·

1366 3623 1509 3669 cens,
1557 3605 1704 3656 sino.’
1769 3604 1900 3656 Quae
1939 3603 2042 3653 duo
2075 3608 2305 3652 extrema
2327 3602 2424 3653 eti-

1365 3699 1447 3733 am
1463 3700 1493 3734 a
1510 3686 1722 3734 Donato
1738 3681 1967 3731 citantur
1981 3681 2032 3727 in
2054 3679 2283 3744 Hecyra,
2303 3694 2421 3742 pro-

1364 3760 1491 3811 bare
1519 3762 1725 3810 volente
1740 3758 1878 3809 idem
1896 3770 2011 3808 esse
2031 3756 2157 3820 sino,
2175 3771 2240 3807 ac
2261 3757 2418 3806 mitto.

1365 3836 1534 3886 Idem.

1431 3910 1798 3969 Quommisimo
1816 3910 1869 3960 in
1898 3923 1981 3972 spe
2001 3908 2125 3958 situs
2144 3907 2264 3971 erit]
2293 3909 2422 3958 Tor-

1364 3989 1432 4040 sit
1447 3990 1531 4039 bic
1554 3990 1695 4038 locus
1726 3985 1989 4036 eruditos:
2028 3985 2080 4033 in
2106 3984 2289 4048 quibus
2322 3984 2424 4035 duo

1361 4066 1569 4118 maximi
1595 4066 1689 4115 viri
1715 4062 1941 4113 Faernus
1975 4069 2032 4110 et
2069 4061 2307 4126 Guyetus
2332 4062 2418 4111 vix

1361 4140 1721 4207 approbabunt
1757 4153 1901 4188 suam
1938 4136 2420 4200 interpretationem

1360 4220 1454 4283 (de
1476 4232 1604 4267 voce
1625 4217 1749 4266 situs
1769 4221 1858 4265 aut
1876 4212 2024 4277 citus)
2051 4213 2284 4278 cuiquam
2306 4213 2423 4266 dili·

1362 4295 1571 4362 gentins
1615 4292 1884 4359 cogitanti.
1972 4292 2161 4342 Sensus
2208 4289 2420 4357 quidem
