3035 4941
510 380 684 445 1044

510 537 714 600 vebam,
733 535 1043 601 cogitabam,
1066 534 1352 586 versabam.
1385 535 1534 584 Idm.

580 615 747 678 Certe]
781 614 906 664 Sine
932 613 1087 663 dubio
1108 630 1120 659 ε
1158 627 1254 675 pro
1276 618 1423 662 certo
1444 626 1569 675 cap·

510 697 598 741 tus
621 698 729 740 est:
764 688 1044 751 ἰδιωτισμός.
1079 688 1228 738 Idem.

548 810 551 815 .
580 770 760 833 Captus
795 768 895 831 est]
930 767 1166 816 Tenetur
1203 771 1261 815 et
1300 764 1568 814 irretitur:

1213 391 1429 440 No'rAE

510 862 579 897 ex
602 845 936 896 translatione
955 842 1202 906 ferarum,
1234 850 1394 906 atque
1417 856 1571 890 vena-

509 929 611 974 tus.
644 922 795 973 Idem.

578 1002 760 1064 captas
778 999 874 1062 est]
896 996 1200 1048 Sallustius:
1232 997 1247 1024 ‘
1270 995 1363 1046 Sin
1386 1001 1571 1060 captus

508 1078 691 1140 pravis
713 1072 1079 1138 cupidinibus!
1114 1073 1267 1123 Idem.

567 1154 752 1216 Captus
762 1152 858 1216 est]
874 1152 1121 1213 Tenetur,
1138 1150 1392 1212 irretitur,
1407 1157 1571 1199 trans-

511 1231 675 1279 latum
712 1245 744 1279 a
783 1228 1010 1279 ferarum
1044 1234 1252 1291 venatu,
1287 1234 1378 1277 aut
1411 1228 1569 1276 etiam

511 1321 692 1370 arena,
721 1305 811 1356 ubi
832 1303 1093 1356 Retiarius
1114 1320 1233 1354 cnm
1255 1304 1570 1354 Mirmillone

510 1383 854 1448 componitur.
888 1382 1097 1434 Far-nab.

574 1468 642 1514 66
675 1463 860 1527 Habet]
894 1461 961 1512 Id
1002 1469 1102 1525 est,
1136 1462 1435 1511 vulneratus
1469 1470 1569 1511 est.

509 1539 678 1590 Habet
714 1539 852 1590 enim
894 1538 982 1603 qui
1025 1552 1297 1603 percussus
1344 1543 1461 1587 est:
1511 1543 1571 1587 et

505 1617 724 1681 proprie
740 1616 805 1667 de
822 1615 1197 1679 gladiatoribus
1209 1615 1430 1676 dicitur;
1447 1614 1569 1680 quia

506 1693 654 1757 prius
677 1693 767 1742 alii
789 1692 988 1753 vident,
1022 1706 1175 1756 quam
1197 1692 1305 1756 ipsi·
1321 1691 1569 1754 sentiant,

505 1783 566 1819 se
589 1783 884 1832 percussos.
915 1769 1151 1819 Donatus.

576 1845 762 1909 Habet]
795 1845 884 1895 Sic
907 1845 1097 1894 dicitur
1116 1844 1184 1893 de
1209 1857 1273 1893 eo
1295 1843 1380 1907 qui
1401 1843 1569 1893 letha·

505 1921 632 1971 liter
652 1922 949 1971 vulneratus
970 1927 1068 1971 est.
1103 1920 1386 1984 Virgilius:
1411 1921 1427 1948 ‘
1448 1921 1568 1970 Hoc

504 1999 685 2061 habet,
704 2001 818 2050 hec
837 1999 1022 2049 melior
1043 1999 1244 2064 magnis
1264 1998 1394 2049 data
1414 1999 1568 2049 victi-

504 2092 592 2127 ma
613 2077 781 2127 divis.'
847 2079 985 2143 Ergo
1014 2076 1139 2143 quid
1174 2076 1415 2142 sequitur¹
1444 2092 1569 2142 cap-

503 2155 751 2218 tum,uisi
773 2155 972 2205 occidi?
1007 2156 1158 2206 Idem.

571 2233 759 2296 Habet]
792 2234 875 2284 An
899 2235 1077 2299 utique
1116 2240 1174 2283 et
1211 2232 1310 2284 hoc
1342 2241 1568 2285 sumtum

507 2316 593 2357 est
615 2309 683 2358 ab
706 2310 899 2359 arena?
932 2309 1024 2358 ubi
1062 2310 1334 2374 gladiatori
1364 2310 1569 2359 lethali*-

505 2391 592 2433 εει·
634 2386 905 2435 vulnerato
959 2385 1170 2435 insultat
1218 2385 1569 2448 adversarius,

502 2467 600 2512 aut
621 2464 880 2512 acclamat
900 2463 1137 2527 populus,
1159 2462 1269 2512 Hoc
1289 2461 1428 2512 habet
1442 2478 1459 2510 :
1493 2462 1570 2512 ita

502 2546 565 2589 et
597 2539 682 2589 hic
715 2540 896 2590 lethali
920 2540 1108 2590 amoris
1129 2541 1342 2589 vulnere
1358 2553 1569 2609 percus·

502 2631 594 2665 sus
617 2622 717 2665 est.
787 2615 867 2667 Au
904 2630 1062 2666 sensu
1102 2630 1205 2681 quo
1243 2630 1403 2665 senex
1444 2630 1568 2665 mox

505 2707 725 2757 puerum
747 2698 915 2757 rogat,
950 2692 967 2720 ‘
984 2691 1114 2745 Quis
1134 2691 1244 2741 heri
1261 2692 1567 2754 Chrysidem

503 2767 733 2820 habuit?
768 2767 1024 2832 ‘Habeo,'
1043 2767 1213 2833 inquit
1248 2767 1566 2832 Aristippus,

502 2849 522 2876 ⁴
538 2846 727 2911 Lai‘da,
743 2860 848 2895 non
866 2845 1063 2895 habeor
1085 2860 1117 2894 a
1139 2844 1340 2895 Laide?
1360 2846 1568 2895 Far-nab.

573 2921 892 2972 Observabam
920 2922 1085 2986 mane]
1118 2922 1268 2971 Mane
1298 2922 1568 2971 adverbia-

503 2999 648 3049 liter.
678 3000 919 3048 Donatus.

574 3076 914 3140 Observabam]
950 3075 1115 3125 Deest
1126 3080 1311 3138 (amen,
1341 3075 1440 3124 hoc
1462 3080 1566 3138 est,

503 3155 739 3220 quamvis
770 3159 956 3219 captus
993 3159 1129 3217 erat,
1150 3160 1208 3204 et
1238 3154 1351 3203 haec
1386 3161 1563 3204 tamen

501 3230 856 3283 observabam.
898 3230 1046 3280 Idem.

566 3312 630 3357 67
666 3305 978 3371 Rogitabam]
1016 3309 1137 3358 Nou
1173 3307 1421 3372 rogabam,
1469 3308 1564 3357 sed

500 3384 795 3447 rogitabam:
815 3384 935 3449 q'uia
952 3384 1132 3434 sedulo
1148 3384 1393 3435 faciebat.
1411 3385 1564 3434 Idem.

564 3465 635 3511 68*
675 3461 791 3524 Dic,
831 3462 989 3526 sodes]
1043 3462 1158 3524 Dte,
1196 3461 1564 3524 imperativum

501 3545 618 3588 est:
653 3538 772 3587 ideo
795 3539 1109 3602 temperavit
1143 3538 1383 3602 injuriam
1420 3537 1563 3588 blan—

498 3616 753 3678 dimento,
785 3617 945 3666 sodes.-
977 3622 1059 3664 est
1083 3621 1276 3677 atttem,
1300 3617 1343 3665 si
1366 3614 1563 3676 andcs3

499 3699 563 3742 ut
596 3692 683 3753 sis,
714 3692 758 3741 si
796 3692 899 3741 vis:
934 3706 1053 3741 nam
1091 3693 1285 3744 delirat
1319 3694 1409 3759 qui
1443 3696 1565 3744 σῶος

498 3766 607 3831 ζῆς,
625 3767 1007 3831 interpretatur
1026 3771 1174 3820 sodes.
1209 3770 1377 3820 Idem.

563 3846 663 3895 Dic
701 3845 857 3908 sodes]
914 3845 1254 3896 Exhortantis
1305 3853 1387 3897 est
1439 3862 1561 3911 vox,

497 3921 699 3984 Amabo,
727 3922 877 3982 Rogo.
909 3922 1075 3972 Idem.

567 3998 691 4055 Quis
720 3997 825 4046 heri
858 3999 1136 4063 Chrysidem
1171 3997 1373 4051 habuit?
1428 4002 1561 4051 Nam

496 4072 700 4124 Andria
719 4073 861 4124 illiid
894 4080 997 4124 erat
1016 4077 1206 4141 nomen]
1242 4077 1558 4141 Opportune

496 4164 686 4200 nomen
701 4151 878 4202 intulit
893 4152 1176 4218 Chrysidis.
1210 4156 1281 4204 Et
1300 4155 1435 4205 bene
1457 4155 1558 4204 illi.-

500 4229 649 4293 quasi
681 4228 845 4294 dicat,
874 4245 1024 4297 quam
1047 4237 1105 4282 tu
1128 4231 1378 4282 Andriam
1399 4234 1560 4282 nomi·

497 4306 657 4354 nasti.
689 4306 840 4359 Idem.
1356 4320 1363 4328 ·

566 4382 695 4433 Nam
715 4382 918 4436 Andrioe
938 4386 1014 4437 iai
1039 4386 1092 4437 id
1113 4391 1216 4438 erat
1237 4385 1424 4451 nomen]
1459 4384 1557 4437 At-

1480 390 1882 440 VARloRUM
1928 390 2010 439 ΙΝ

1649 535 1756 584 tico
1775 549 1938 598 more,
1958 533 2247 598 peregrina
2262 533 2463 584 mulieri
2485 549 2517 584 a
2534 536 2712 600 patria

1644 626 1832 661 nomen
1864 612 2126 676 imposuit.
2195 613 2265 662 Et
2299 614 2448 662 simul
2470 615 2713 666 celebrat

1645 702 1831 739 nomen
1857 689 2158 751 Comoediae‚
2180 688 2422 749 diceudo,
2443 691 2712 741 lia-Andro

1644 767 2006 827 commigravit:
2052 772 2106 817 et
2147 781 2306 828 nunc,
2351 767 2482 815 Nam
2503 766 2711 816 Andriae

1643 843 1719 892 iun·
1739 842 1791 892 id
1812 849 1917 893 erat
1936 859 2117 894 nomeu.
2150 844 2317 894 Idem.

1710 924 1773 969 61
1823 920 1947 976 Eho,
2007 920 2123 984 quid
2176 917 2482 984 Pamphilus]
2527 921 2711 970 Primo

1644 997 1722 1046 sic
1765 997 1895 1061 egit,
1936 1004 1997 1047 ut
2044 998 2110 1048 de
2155 998 2430 1062 Pamphilo
2469 1012 2709 1062 qnaerere
2762 1018 2770 1033 ·

1644 1073 1936 1124 videretur:
1964 1074 2026 1124 ad
2051 1075 2286 1124 ultimum
2305 1074 2503 1139 adjecit
2519 1086 2710 1125 nomen

1642 1164 1708 1199 ne
1729 1150 1853 1214 qnid
1878 1151 2059 1216 reliqui
2083 1150 2304 1201 faceret.
2340 1153 2493 1202 Idem.

1713 1227 1883 1285 Quid?
1912 1229 2166 1293 symbolam
2208 1230 2361 1293 dedit]
2414 1229 2710 1279 Subdistin·

1645 1314 1765 1367 gne,
1786 1305 1950 1360 Quid?
1972 1312 2030 1354 ut
2051 1306 2121 1354 sit
2144 1320 2244 1354 vox
2262 1306 2564 1370 quaerentis,
2581 1306 2708 1371 quid

1644 1380 1785 1430 dicat
1808 1381 1872 1430 de
1896 1382 2184 1444 Pamphilo.
2218 1382 2368 1431 Idem.

1709 1457 1982 1522 Symbolum
2022 1459 2175 1522 dedit]
2223 1458 2395 1509 Mire:
2429 1460 2573 1509 nulla
2614 1475 2711 1523 pro

1642 1537 1917 1603 Pamphilo
1962 1541 2173 1604 negatio
2220 1540 2345 1591 facti
2390 1547 2473 1591 est
2513 1543 2710 1605 posita,

1643 1615 1733 1664 sed
1760 1631 1853 1679 per
1887 1618 2141 1681 puerilem
2179 1618 2564 1682 simplicitatem
2601 1633 2711 1668 orn-

1642 1692 1728 1741 uia
1772 1701 1921 1756 gesta
1962 1702 2178 1744 narrata
2218 1702 2367 1744 sunt:
2402 1700 2459 1743 et
2497 1694 2707 1759 quidem

1643 1768 1859 1818 tacitum
1884 1778 1985 1832 est,
2004 1785 2106 1820 non
2128 1772 2381 1820 celatum:
2408 1771 2498 1820 sed
2519 1780 2583 1821 ut
2605 1787 2709 1822 non

1642 1844 1840 1897 factum
1864 1861 1976 1897 esse
2000 1847 2079 1897 ita
2101 1847 2355 1897 videatur.
2389 1848 2542 1898 Idem.

1712 1924 1985 1990 Symbolum
2003 1925 2160 1988 dedit]
2197 1924 2466 1987 Symbolum
2497 1926 2616 1988 lego
2629 1939 2709 1975 ex

1642 1996 1734 2051 lib.
1758 2002 2008 2051 Vaticano
2031 2008 2088 2051 et
2111 2001 2405 2050 Basilicano
2438 2009 2491 2051 et
2523 2003 2708 2066 aliqui-

1643 2079 1737 2128 bus
1776 2079 1915 2129 aliis:
1965 2079 2120 2128 itaet
2153 2079 2377 2128 Plautus
2415 2079 2468 2127 in
2508 2080 2706 2130 Curcus

1641 2154 1781 2204 lione
1797 2172 1813 2205 :
1848 2158 1864 2186 ‘
1887 2156 2240 2221 symbolarum
2264 2156 2539 2204 collatores
2564 2158 2706 2220 apud

1641 2232 1812 2282 forum
1848 2234 2125 2296 piscarium
2139 2232 2174 2282 :⁹
2207 2234 2330 2282 item
2366 2233 2420 2281 in
2454 2233 2706 2296 Epidico:

1648 2308 1663 2336 ‘
1690 2308 1816 2358 Sine
1839 2323 1954 2358 meo
1991 2315 2199 2372 sumptu
2226 2315 2422 2372 paratae
2452 2311 2562 2373 jam
2586 2318 2708 2360 sunt

1641 2385 1866 2448 scapulis
1890 2385 2134 2449 symbolas
2154 2384 2183 2432 :'
2206 2384 2327 2434 etin
2343 2385 2554 2435 Sticho:
2574 2388 2590 2413 ‘
2605 2387 2705 2435 Ea-

1643 2461 1762 2511 dem
1786 2462 2065 2527 symbolam
2105 2461 2275 2513 dabo:
2311 2470 2367 2512 et
2397 2462 2599 2527 jubebo
2636 2464 2702 2514 ad

1642 2539 1982 2603 Sangarinum
2004 2552 2202 2589 coenam
2224 2539 2410 2604 coqui.’
2445 2540 2625 2590 Faern.

1709 2617 1978 2681 Symbolum
2025 2616 2180 2679 dedit]
2231 2617 2488 2681 Symbola:
2551 2626 2708 2669 erant

1640 2695 1881 2759 pecuniae
1927 2709 2054 2759 quas
2093 2694 2382 2758 erogabant
2409 2695 2600 2759 singuli
2638 2697 2703 2745 ad

1641 2785 1839 2821 coenam
1861 2771 2163 2821 collatitiam
2188 2769 2354 2836 ἔρανοι,
2367 2772 2504 2822 unde
2522 2780 2578 2823 et
2600 2789 2705 2824 coe-

1642 2862 1709 2896 na
1730 2848 1919 2896 collatio
1940 2847 2246 2897 dicebatur:
2279 2848 2295 2876 ‘
2323 2849 2435 2910 Ego
2457 2862 2605 2912 vero,
2627 2851 2704 2898 in·

1635 2924 1752 2988 quit
1774 2924 2136 2988 ille,quoniarn
2154 2924 2432 2973 collectam
2462 2939 2493 2973 a
2524 2927 2703 2975 convi-

1640 3013 1723 3062 va,
1742 3001 1949 3062 Crasse,
1970 3000 2178 3064 exigis!
2234 3001 2347 3050 Cic.
2379 3000 2446 3050 de
2465 3001 2704 3054 Oratore

1638 3077 1730 3127 lib.
1754 3090 1817 3128 11.
1853 3093 1883 3127 a
1910 3076 2189 3142 συμβάλλω.
2224 3078 2430 3128 Far-nab.

1701 3156 1768 3202 62
1806 3154 2049 3217 Coenavit]
2083 3155 2279 3204 Cetera
2310 3154 2364 3203 in
2395 3161 2547 3217 gestu
2580 3164 2705 3207 sunt

1636 3232 1944 3296 querentis,
1977 3232 2101 3297 quid
2133 3231 2277 3282 dicat
2310 3231 2377 3281 de
2411 3232 2707 3297 Pamphilo,

1637 3322 1736 3358 nec
1753 3308 2088 3358 invenientis.
2123 3310 2361 3359 Donatus.

1705 3384 1832 3433 Item
1872 3385 1968 3434 alio
2009 3383 2109 3448 die]
2144 3385 2287 3447 Rern,
2322 3384 2595 3435 similiter:
2647 3392 2705 3437 et

1635 3459 1779 3521 vide,
1838 3460 2118 3523 diligenter
2177 3467 2379 3525 tempus
2423 3462 2702 3526 adjectum,

1638 3538 1785 3603 quasi
1802 3552 1903 3587 non
1922 3537 2189 3589 sufficeret
2211 3553 2344 3589 unns
2359 3539 2493 3589 dies.
2518 3539 2668 3590 Idem.

1701 3621 1765 3666 63
1800 3616 2175 3681 Comperiebam]
2207 3617 2346 3667 Vide
2373 3618 2417 3666 si
2453 3632 2554 3667 nou
2578 3633 2698 3667 ver-

1640 3693 1707 3744 ba
1739 3696 1902 3758 patris
1937 3702 2078 3756 sunt,
2111 3702 2166 3745 et
2188 3696 2254 3745 de
2277 3696 2429 3746 rebus
2454 3695 2696 3745 venereis

1635 3771 1778 3822 circa
1798 3771 1893 3821 filii
1916 3774 2231 3823 mentionem
2258 3772 2480 3835 agentis.
2514 3772 2667 3824 Idem.

1704 3850 1850 3898 Nihil
1866 3851 1928 3898 ad
1945 3850 2250 3913 Pamphilum
2262 3848 2539 3912 quidquam]
2572 3854 2700 3913 nap-

1635 3924 1808 3975 ἐλκονε
1841 3941 1958 3975 nam
1992 3924 2224 3975 abundat
2245 3926 2530 3989 quidquam:
2563 3940 2701 3987 nam,

1633 4018 1766 4053 nemo
1782 4003 2050 4067 quisquam,
2072 4017 2175 4051 non
2196 4003 2405 4053 dicitur.
2445 4004 2596 4053 Idem,

1716 4084 1783 4128 64
1838 4079 2137 4143 Spectatum]
2208 4077 2293 4129 Aa
2350 4079 2699 4144 Pamphilum,

1632 4170 1734 4205 non
1761 4155 1824 4205 ad
1861 4157 2154 4219 exemplum
2191 4155 2451 4206 refertur:
2488 4162 2544 4204 et
2564 4170 2697 4220 spee-

1632 4235 1805 4295 tatum,
1828 4230 2119 4295 probatum.
2183 4233 2335 4281 Idem.

1698 4312 1760 4356 65
1800 4308 1870 4356 Et
1892 4322 2114 4370 magnum
2149 4311 2417 4373 exemplum
2451 4309 2692 4358 continen-

1632 4383 1741 4448 tiae]
1771 4383 2037 4449 Ὑπερβολὴ
2058 4384 2243 4437 laudis.
2287 4384 2587 4450 Pamphilus
2603 4399 2694 4436 ex·
