3035 4941
516 330 691 397 1078

511 490 681 539 nostri
721 498 1016 540 accuratam
1047 489 1370 554 diligentiam
1393 489 1446 540 in
1466 505 1574 541 om·

515 566 667 616 nibus
691 566 950 616 brevitate
974 580 1331 632 nonnunquam
1353 566 1574 616 admira·

512 641 611 691 bili
632 643 939 704 absolutam,
957 643 1163 708 qnando
1190 650 1341 692 notat
1357 658 1373 691 z
1409 643 1426 671 ‘
1447 642 1574 691 Plu-

518 719 649 770 rima
672 720 959 783 dixit,’&c.
992 718 1253 772 Boectem'.

590 799 674 848 Vae
689 798 884 862 nsi-sero]
918 798 1149 847 Tandem
1168 799 1443 864 aliquando
1459 815 1575 865 per·

518 875 687 924 victus
711 882 794 924 est
818 883 877 924 nt
893 873 1148 924 crederet.
1180 875 1415 926 Donata.

589 949 701 1012 Vae]
735 949 1041 1013 Interjectio
1074 949 1126 999 in
1160 951 1236 1000 his
1269 951 1425 1003 rebus
1447 969 1575 1019 quas

518 1043 839 1080 execramur.
872 1029 1024 1078 Idem.
1527 1067 1554 1088 ⁴-

583 1108 615 1153 3
655 1104 721 1152 Ut
756 1103 940 1152 unimus
977 1105 1030 1155 in
1056 1120 1140 1170 spe
1164 1111 1303 1171 atque
1320 1108 1374 1158 in
1395 1108 1580 1171 tinore,

515 1181 625 1243 ξω]
656 1178 779 1228 Huc
817 1195 978 1245 usqne
1007 1182 1206 1231 animus
1227 1184 1579 1235 sustinebatur

518 1255 714 1320 aequius
737 1256 876 1307 inter
903 1272 1047 1322 spem
1077 1269 1131 1309 et
1167 1261 1402 1312 timorem
1424 1278 1440 1323 ς
1465 1263 1578 1327 jam

516 1343 642 1381 vero
676 1333 789 1396 spei
819 1348 979 1383 nervo
1011 1335 1175 1385 inciso
1199 1337 1435 1395 labascit,
1457 1353 1578 1388 con-

516 1408 618 1457 sitii
641 1410 921 1475 auxiliique
945 1412 1097 1476 inops
1117 1421 1316 1477 torpet,
1337 1423 1578 1480 tanquam

518 1498 671 1533 arcus
696 1484 916 1535 antehac
938 1487 1188 1551 intentus,
1212 1504 1349 1538 nunc
1372 1505 1465 1554 spe
1489 1491 1578 1542 de·

517 1560 742 1623 plorata,
767 1563 911 1610 laxus
931 1561 1205 1614 flaccessit.
1240 1566 1526 1617 Fui-nabin.

580 1638 733 1702 Usque
754 1640 974 1704 antehac]
998 1640 1061 1690 Id
1084 1650 1185 1703 est,
1200 1649 1469 1708 antequam
1491 1652 1581 1695 tua

515 1714 681 1763 verba
724 1715 972 1766 audirem.
1042 1719 1110 1767 Et
1158 1719 1287 1769 duas
1330 1723 1579 1785 praeposi·

505 1789 686 1839 ‘tiones
713 1792 902 1854 posuit,
923 1800 981 1842 nt
999 1794 1222 1847 dicitur:
1258 1797 1349 1847 sed
1370 1812 1475 1848 una
1497 1808 1579 1850 est

508 1872 741 1927 tantum,
784 1870 930 1919 velut
968 1872 1284 1936 adverbium,
1326 1889 1425 1924 non
1459 1877 1575 1940 jam

509 1945 835 2007 praepositio.
917 1948 1076 1998 Nulla
1097 1952 1400 2014 praepositio
1440 1969 1574 2018 prae·

514 2020 761 2082 positioni
810 2023 1023 2088 adjungi
1066 2029 1345 2090 separatim
1380 2038 1574 2094 potest.

519 2097 676 2161 Usque
719 2099 976 2162 ejusmodi
1037 2110 1135 2164 est,
1175 2112 1231 2153 nt
1264 2107 1373 2154 sine
1406 2108 1575 2172 aliqua

514 2175 883 2237 praepositione
906 2191 1023 2228 raro
1051 2179 1355 2232 inveniatur.
1410 2184 1575 2234 Dona-

511 2254 606 2301 tus.
1446 2276 1451 2277 ’

578 2324 810 2376 Attentos
838 2329 970 2393 ficit]
1041 2333 1114 2382 Ut
1156 2338 1368 2382 attentus
1408 2336 1575 2386 audire

512 2400 726 2453 dicitnr.
761 2404 912 2454 Idem.

576 2481 612 2527 4
668 2480 842 2528 Luam
893 2496 1029 2544 cura,
1081 2483 1336 2547 confectus,
1392 2488 1573 2552 stupet]

510 2553 688 2603 Lussm
707 2569 840 2617 cura,
869 2571 936 2606 ex
976 2562 1249 2621 praeterita
1274 2576 1398 2626 spe:
1434 2577 1572 2613 nunc

511 2629 763 2689 confectus,
790 2631 844 2679 id
885 2641 988 2693 est,
1023 2635 1098 2684 sic
1131 2638 1449 2699 vulneratus,
1481 2644 1573 2689 aut

513 2717 806 2769 percussus,
829 2713 888 2755 nt
911 2709 1084 2758 sanari
1107 2724 1209 2761 non
1235 2714 1416 2775 possit.
1462 2716 1540 2764 Id.

577 2780 772 2844 Mam,
785 2797 902 2832 cura
915 2784 1152 2844 confectus
1165 2787 1345 2851 stupet]
1376 2789 1572 2852 Mam,

513 2856 759 2919 adempta
781 2861 1088 2912 attentione.
1157 2863 1286 2912 Cura
1305 2865 1538 2923 confectus
1552 2884 1572 2925 ‚·

510 2934 820 2985 confirmato
862 2936 1061 2988 timore.
1135 2938 1325 3005 Stupet,
1363 2942 1573 3004 abjecta

510 3023 621 3074 spe.
658 3012 807 3060 Idem.
974 3009 977 3016 '

576 3091 606 3135 5
645 3087 817 3143 Quoeso
858 3090 1058 3154 edepol]
1108 3091 1452 3157 objurgantis
1490 3101 1572 3146 est

513 3161 707 3223 Quaeso,
728 3166 811 3213 vel
835 3166 990 3214 etiam
1015 3170 1264 3231 rogantis.
1301 3169 1455 3220 Idem.

577 3240 814 3294 Quoniam
844 3257 936 3290 non
952 3243 1132 3307 potest]
1181 3246 1480 3304 Consolatio
1502 3247 1570 3298 ad

509 3313 586 3439 ildi,
633 3317 771 3379 quod
799 3317 911 3368 fieri
949 3334 1048 3369 non
1102 3330 1293 3386 potest,
1332 3327 1569 3379 suadens.

577 3466 816 3520 Quoniam
840 3471 893 3519 id
914 3471 1057 3534 fieri,
1089 3476 1210 3536 quod
1244 3476 1336 3539 oia,
1364 3491 1456 3526 non
1486 3494 1584 3542 po·¹

509 3542 629 3605 test]
664 3544 807 3594 Citat
839 3546 975 3595 hunc
1006 3548 1233 3598 Terentii
1269 3552 1435 3600 locum
1465 3553 1571 3602 Au·

511 3619 748 3681 guatinas
784 3619 822 3667 l.
850 3633 967 3669 x1v.
1001 3620 1067 3670 de
1102 3624 1330 3675 Civitate
1365 3628 1492 3690 Dei,
1515 3644 1565 3677 c.

512 3698 593 3742 15.
631 3701 686 3743 et
719 3707 756 3744 1.
792 3695 858 3744 de
888 3696 997 3744 vita
1030 3695 1197 3749 beata.
1263 3702 1408 3751 Crito
1432 3702 1568 3753 infra

506 3775 612 3819 act.
637 3783 716 3818 lv.
738 3785 811 3820 sc.
837 3776 886 3819 5.
961 3773 1031 3821 Ut
1062 3774 1264 3837 quimus,
1291 3780 1473 3840 quando
1513 3783 1572 3828 ut
1599 3775 1602 3776 ⁷

508 3845 719 3894 volum
746 3861 838 3894 noa
876 3846 985 3895 licet
1000 3861 1017 3893 .·
1065 3849 1120 3897 οὐ
1154 3850 1399 3914 δυνάμενος
1432 3852 1462 3902 ὃ
1497 3852 1571 3903 θέο

506 3932 628 3984 Aeas,
659 3920 798 3988 θέλῃς
816 3922 846 3972 ὃ
865 3923 1071 3975 δύνασαι.
1106 3928 1384 3980 Fan-nabin.

573 4004 607 4050 6
643 4001 703 4047 Id
724 4001 855 4064 velis,
875 4005 994 4065 quod
1005 4006 1179 4069 possit]
1212 4007 1571 4057 Proverbiale.

508 4079 748 4129 Donatus.

578 4153 722 4203 Nihil
759 4155 917 4219 aliud]
993 4155 1110 4206 Hoc
1149 4159 1314 4222 magis
1371 4157 1571 4221 gemitu

508 4232 782 4292 amatorio,
818 4247 969 4298 qnam
994 4238 1053 4282 ut
1075 4234 1420 4298 responderet
1441 4234 1573 4298 Byr·

1220 348 1432 396 1⁴01·AE
1483 348 1882 399 vamolwn
1931 349 2009 397 ΙΝ
2098 345 2104 350 ’

1647 490 1757 550 rin,
1780 488 1941 541 dicit:
1977 490 2120 555 qnasi
2158 486 2320 552 magis
2346 488 2715 538 Philumenam

1648 568 1789 630 velit,
1824 581 1976 631 qnam
2013 567 2169 616 vitam
2214 573 2272 615 et
2305 565 2493 614 lucem.
2561 563 2719 613 Idem

1647 643 1789 706 alibi,
1816 649 1833 673 ⁸
1853 644 1914 693 In
1959 658 2021 693 eo
2060 658 2143 692 me
2186 641 2418 703 oblecto,
2446 641 2621 689 solnm
2660 639 2718 688 id

1647 728 1733 772 est
1753 722 1958 772 charum
1994 718 2157 770 mihi!
2223 720 2344 770 Non
2379 717 2516 766 enim
2552 715 2718 777 dixit,

1648 797 1857 848 Nullam
1897 797 2011 846 volo
2048 798 2222 851 aliam,
2248 809 2404 860 qnam
2443 793 2719 842 Philume-

1647 888 1795 922 nam:
1827 873 1920 923 sed
1937 874 2060 923 nibil
2084 874 2199 922 volo
2222 872 2362 922 aliud
2380 887 2398 919 ε
2432 869 2576 935 qnod
2599 867 2723 917 infi-

1646 950 1812 999 nitum
1837 957 1932 1000 est.
1972 952 2122 1000 Iden.

1649 1058 1654 1061 -
1713 1025 2018 1090 Nikiluls‘ud]
2052 1024 2208 1090 Apud
2230 1024 2539 1075 Terentium
2561 1021 2719 1086 flagi-

1650 1103 1815 1152 tiosus
1838 1104 2138 1152 adolescens
2167 1103 2348 1152 insana
2367 1100 2604 1164 flagrans
2627 1114 2721 1150 cu·

1651 1180 1846 1243 pidine,
1867 1179 2012 1229 Nihil
2034 1180 2151 1229 volo
2175 1178 2333 1241 aliud,
2354 1186 2410 1228 et
2432 1178 2723 1242 Angustia.

1650 1256 1685 1304 l.
1706 1270 1827 1306 xrv.
1850 1272 1897 1307 c.
1920 1261 1968 1305 8.
2004 1256 2286 1306 Farnobium.

1715 1337 1746 1382 7
1765 1333 1881 1391 Ἴ01ιί
1901 1332 2069 1395 istm]
2108 1334 2223 1395 Qui,
2244 1347 2339 1397 pro
2357 1339 2434 1380 nt.
2473 1333 2725 1382 Domus.

1716 1409 1802 1457 Ea:
1822 1409 1977 1458 annno
1997 1409 2234 1472 antor-eus]
2270 1409 2503 1473 Legitur,
2526 1423 2600 1458 ex
2615 1423 2724 1457 aor-

1649 1485 1710 1532 de
1730 1484 1902 1546 ejicias.
1943 1483 2109 1534 Idem.

1714 1564 1748 1608 9
1781 1559 1947 1608 Facile
1987 1574 2163 1619 omnes,
2195 1575 2300 1609 σωκ
2338 1561 2569 1621 volemus,
2612 1559 2725 1624 qa]

1651 1637 1894 1687 Pertinet
1931 1637 2034 1687 buc
2087 1638 2175 1687 illa
2214 1638 2352 1702 apud
2404 1639 2725 1688 Ciceronem

1650 1713 1936 1776 disputatio
1994 1713 2110 1777 (ιιι.
2166 1714 2376 1763 Tuscul.
2443 1729 2565 1777 cap.
2608 1714 2725 1778 29.)

1652 1790 1856 1854 quando
1912 1791 2133 1840 Crantor
2194 1790 2364 1841 dolori
2419 1791 2726 1841 cedendum

1653 1873 1802 1929 putat
1823 1882 1839 1915 z
1873 1867 1889 1893 ‘
1918 1867 2108 1929 premit
2131 1866 2305 1924 enim‚'
2324 1867 2499 1932 inquit
2522 1867 2539 1895 ‘
2559 1875 2725 1932 atque

1652 1944 1833 2003 instat,
1857 1957 1951 1992 nec
1979 1944 2146 1993 resisti
2174 1952 2367 2008 potest.
2402 1945 2726 2009 Itaque-Oi-

1652 2019 1763 2067 leus
1786 2019 1872 2066 ille
1906 2018 2040 2080 apud
2079 2018 2414 2083 Sophoclem,
2444 2021 2536 2085 qui
2567 2021 2726 2070 Tela-

1651 2109 1851 2144 monem
1875 2102 2030 2145 antea
2051 2096 2117 2145 de
2139 2093 2317 2159 Ajacis
2345 2105 2520 2145 unone
2537 2111 2726 2147 conso·

1651 2170 1789 2219 latus
1809 2177 1971 2231 esset,
2015 2171 2058 2219 is
2093 2186 2211 2220 cum
2245 2171 2479 2222 audisset
2498 2171 2569 2222 de
2607 2171 2727 2222 fato

1651 2261 1766 2308 sno,
1784 2244 1981 2296 fractus
1999 2254 2110 2297 estz
2138 2248 2204 2298 de
2228 2249 2375 2312 cnjus
2395 2258 2728 2300 commutata

1653 2330 1830 2372 mente
1871 2325 1944 2372 sic
1979 2324 2204 2373 dicitnr:
2241 2326 2257 2352 ‘
2285 2326 2368 2375 Ne
2402 2340 2530 2374 vero
2569 2331 2727 2375 tanta

1652 2399 1903 2462 praeditus
1921 2401 2176 2462 sapientia
2199 2402 2486 2466 Quisquam
2509 2409 2614 2460 est,
2638 2404 2729 2467 qui

1654 2474 1869 2524 aliorum
1922 2490 2201 2527 aerumnam
2268 2479 2426 2529 dictis
2487 2480 2729 2531 allevans

1656 2551 1777 2600 Non
1801 2550 1957 2612 idem,
1984 2567 2101 2602 cnm
2137 2553 2349 2605 fortuna
2382 2564 2592 2605 mutata
2627 2558 2726 2607 im·

1653 2636 1833 2692 petum
1892 2630 2192 2695 Convertat,
2227 2631 2379 2681 clade
2438 2641 2497 2681 ut
2546 2632 2732 2682 subita

1650 2705 1926 2767 frangatur
1948 2720 2060 2767 sua,
2082 2708 2156 2756 Ut
2178 2708 2267 2757 illa
2301 2708 2366 2756 ad
2402 2709 2552 2758 alios·
2575 2708 2733 2758 dicta

1652 2787 1709 2830 et
1735 2789 2000 2845 praecepta
2040 2782 2353 2833 excidant.”
2409 2785 2732 2834 Gra-corum

1654 2856 1942 2907 Poetarum
1962 2858 2013 2906 in
2038 2860 2167 2908 banc
2187 2873 2294 2908 rem
2310 2861 2605 2910 sententias
2628 2862 2738 2911 ool·

1638 2931 1791 2995 ,legit
1816 2933 2055 2982 Muretus
2073 2934 2141 2983 V.
2158 2934 2273 2983 L.1.
2297 2938 2346 2983 7.
2379 2935 2654 2986 Boeclems.

1721 3007 1883 3057 Facile
1896 3024 2072 3071 omnes,
2087 3024 2193 3058 cum
2206 3011 2432 3072 volemus,
2446 3011 2563 3074 θα]
2594 3012 2734 3064 Tha·

1650 3088 1738 3137 les
1762 3086 2132 3151 interrogatus,
2154 3088 2278 3153 quid
2316 3097 2460 3138 esset
2480 3088 2737 3140 difficilli-

1650 3165 1837 3214 mum?
1898 3165 2171 3227 respondit
2193 3165 2209 3214 'z
2266 3164 2437 3213 ἑαυτὸν
2511 3169 2738 3227 γνῶναι

1650 3240 1778 3304 quid
1833 3240 2168 3300 facillimum?
2218 3238 2354 3302 ἄλλῳ
2407 3242 2739 3294 ὑποτίθεσθαι.

1623 3343 1626 3349 ·
1649 3315 2159 3367 Βαὲῐίίυε.”Απαπές
2175 3317 2317 3377 ἐσμεν
2329 3317 2396 3369 εἷς
2408 3319 2467 3367 τὸ
2489 3324 2742 3371 νουθετεῖν

1649 3392 1814 3455 σοφοὶ,
1830 3394 1973 3442 Abroi
1994 3394 2035 3442 θ’
2054 3392 2401 3457 ἁμαρτάνοντες
2421 3396 2478 3443 οὖ
2493 3398 2740 3457 γινέσθω·

1646 3486 1753 3531 μισ.
1771 3469 2079 3521 Menander.
2101 3470 2241 3533 Ῥᾷον
2251 3474 2495 3533 παραινεῖν
2508 3472 2542 3531 ἢ
2556 3474 2741 3526 παθόν-

1647 3563 1716 3593 τα
1756 3549 2008 3610 καρτερεῖν.
2061 3546 2228 3600 Idem.
2286 3547 2447 3608 Ὓγιὴς
2496 3552 2744 3603 vocot‘broe

1648 3620 1806 3685 ῥᾷστα
1825 3623 1920 3672 πᾶς
1940 3640 2009 3672 τις
2038 3625 2255 3673 νουθετεῖ.
2291 3624 2459 3676 Idem.
2512 3628 2748 3682 Fmab.

1717 3700 1781 3746 10
1808 3699 1883 3746 Tu
1903 3701 1947 3748 si
1978 3701 2057 3749 Ιιίσ
2075 3700 2164 3763 sis]
2191 3702 2307 3751 Hoc
2330 3711 2482 3764 gestu
2510 3710 2745 3760 scenico

1648 3776 1833 3825 melius
1847 3781 2255 3829 commendatur.
2281 3781 2547 3834 Nanrbaec
2559 3789 2742 3850 tnagis

1649 3855 2063 3914 spectatoribus,
2082 3869 2233 3917 quam
2251 3856 2543 3910 lectoribus
2562 3866 2743 3929 scrip-

1635 3938 1711 3976 ·ta
1734 3934 1870 3978 sunt.
1913 3929 2015 3977 Hic
2047 3944 2194 3991 ergo,
2242 3946 2296 3979 se
2333 3932 2507 3995 ipsum
2551 3947 2739 3990 osten-

1650 4002 1798 4061 dens,
1820 4004 1952 4054 dicit
1974 4021 1988 4053 z
2014 4013 2068 4054 et
2086 4014 2167 4056 est
2192 4005 2268 4057 hic
2288 4023 2606 4072 pronomen.
2633 4020 2742 4069 Do-

1631 4119 1636 4132 .
1648 4082 1807 4128 natus.

1715 4152 1819 4201 Hic
1853 4155 1944 4217 sis,
1980 4157 2123 4207 aliter
2153 4160 2359 4224 sentias]
2392 4171 2662 4221 Δεικτικὸς
2683 4186 2744 4222 se

1651 4228 1825 4292 ipsum
1849 4229 2151 4297 indigitans,
2190 4237 2277 4285 vel
2316 4236 2417 4303 laic,
2454 4256 2575 4295 meo
2597 4246 2744 4299 loca.
