3035 4941
530 388 705 459 1⁵⁰⁹

529 555 672 617 dnm,
693 534 832 616 quod
856 546 1052 613 gaudet
1068 542 1396 608 Pamphilus.
1422 540 1588 593 Dona·

531 637 630 756 mg!-
665 704 747 754 Ita
766 700 982 766 inquam]
1018 698 1182 752 Quasi
1207 697 1317 762 jam
1342 701 1466 746 aute
1488 692 1594 742 fas-

534 799 639 846 sus,
664 783 802 832 dico.
841 780 990 829 Idem.

598 865 632 909 8
666 857 790 916 Quis
821 870 901 905 me
926 859 1000 904 est
1034 851 1338 914 fortunatior
1374 851 1594 898 venusta-

532 936 689 1000 sisque
709 936 823 984 odeo
843 930 1049 997 plenior]
1087 929 1173 978 Ob
1196 925 1456 977 beneficia
1493 922 1604 971 Ve·'

437 1055 441 1059 .
534 1014 704 1074 nerlsg
746 1011 831 1061 cni
862 1006 1179 1060 contrarium
1217 997 1597 1061 ‘invenustus,’

534 1089 623 1141 cui
677 1094 862 1139 contra
914 1081 1181 1145 reciderit,
1243 1078 1385 1146 qnod
1440 1081 1601 1126 amat.

610 1239 972 1302 Venustdiaeqae
1017 1236 1133 1285 adeo
1190 1230 1400 1298 plenior]
1449 1230 1606 1280 Bene

535 1320 782 1369 Donatus
825 1315 1218 1378 comparatione
1261 1307 1442 1358 similis
1500 1303 1602 1354 locl

536 1391 900 1459 explicat.Sed
920 1389 1119 1440 Nonius
1143 1386 1426 1437 Marcellus
1450 1395 1603 1448 qnor-

537 1486 649 1520 sum
668 1468 900 1523 excedit,
915 1472 1031 1515 cum
1052 1468 1337 1514 vetustatem
1352 1461 1435 1510 hic
1453 1457 1603 1508 nobis

540 1560 638 1613 pro
670 1550 926 1597 *venustate
979 1539 1221 1606 reponit?
1270 1540 1286 1568 ‘
1313 1533 1606 1595 Vetustas‚’

547 1623 738 1687 inquit,
768 1622 784 1649 ‘
809 1627 866 1671 et
898 1618 1201 1682 antiquitas,
1223 1615 1307 1664 vel
1333 1611 1482 1674 felix,
1519 1610 1605 1660 vel

539 1701 766 1765 sapiens,
807 1699 897 1749 vel·
933 1701 1204 1747 mansueta
1256 1699 1338 1743 est
1389 1688 1605 1740 habita-⁸

538 1779 825 1829 'Pet-entius*
844 1776 1062 1839 Hecyra
1079 1789 1096 1824 ι
1112 1774 1129 1802 ‘
1146 1771 1275 1824 Quis
1293 1784 1377 1821 me
1399 1775 1483 1819 est
1500 1766 1605 1817 for—

541 1856 775 1906 tunatior
797 1850 1179 1915 vetustatisque
1200 1847 1330 1898 adeo
1353 1845 1558 1910 plenior
1571 1843 1608 1892 Ρ

544 1933 666 1983 Non
690 1937 772 1982 est
808 1940 929 1980 usus
965 1929 1100 1978 bono
1135 1922 1375 1975 Terentii
1405 1920 1607 1972 codice.

544 2016 638 2059 aut
668 2007 858 2059 habuit
890 2007 941 2056 in
975 2004 1147 2054 auimo
1183 2017 1261 2053 vs.
1304 2005 1386 2051 18.
1423 1999 1608 2050 Boeoze-

544 2101 652 2136 πω.
1527 2092 1532 2097 ·

616 2160 979 2224 Venustatisqne
1018 2159 1134 2208 odeo
1169 2152 1379 2221 plenior]
1423 2152 1486 2203 ld
1526 2156 1609 2202 est

543 2239 831 2290 felicitatis.
856 2234 940 2303 ἦθ’·
961 2236 1007 2286 ’.ε
1032 2233 1166 2285 And.
1188 2239 1293 2283 act.
1311 2246 1349 2282 1.
1384 2245 1457 2280 sc.
1479 2236 1527 2281 5.
1542 2228 1607 2278 ad

549 2317 678 2366 illa:
702 2321 718 2345 ‘
747 2313 951 2365 Adeon'
986 2312 1246 2362 hominem
1280 2303 1618 2358 invenustum

551 2384 689 2453 asse,
707 2398 799 2441 aut
821 2387 1087 2439 infelicem
1109 2398 1404 2452 quenquam
1420 2389 1494 2441 -ut
1511 2396 1611 2448 ego

545 2483 659 2520 sum
679 2466 717 2517 ?’
751 2467 884 2517 Mer.
907 2464 1222 2515 casaubonum.

612 2549 664 2594 9.
704 2542 836 2600 Quid
853 2539 1060 2591 donem?
1081 2536 1236 2603 wid?
1267 2537 1413 2603 quid?
1432 2534 1618 2599 nescio]

547 2617 864 2682 Memno-pbr.
900 2624 987 2667 ut:
1019 2619 1036 2646 ⁴
1057 2616 1314 2679 Pelagine
1353 2615 1502 2664 venis
1532 2629 1614 2665 er-

549 2695 757 2747 roribus
782 2701 951 2757 actus,
976 2693 1057 2744 An
1081 2693 1278 2742 monitu
1296 2692 1500 2742 divum:
1548 2705 1614 2741 an

550 2772 677 2838 quia
715 2778 768 2821 te
805 2768 1018 2820 fortuna
1050 2767 1263 2833 fatigat,
1305 2769 1382 2819 Ut
1436 2766 1615 2819 tristes

548 2850 667 2901 sine
706 2849 816 2898 sole
850 2847 1046 2904 domos,
1086 2847 1203 2896 loca
1243 2845 1469 2909 turbida,
1503 2845 1615 2896 adi·

550 2924 693 2976 res?
727 2926 968 2975 Donatus.
1223 2973 1229 2977 ,

620 3002 776 3067 Egon’
815 3009 864 3053 te
879 3017 966 3067 pro
982 3003 1067 3052 hoc
1085 3000 1256 3051 nuncio
1275 3000 1390 3065 quid
1422 2999 1615 3065 donem]

550 3080 764 3130 Phorm.
811 3085 913 3128 act.
935 3093 987 3127 v.
1038 3092 1179 3128 scen.
1197 3081 1248 3127 7.
1283 3085 1298 3107 ‘
1325 3075 1616 3139 Argentum

555 3154 692 3219 qnod
737 3154 900 3203 habes
946 3152 1296 3203 condonamus
1335 3150 1430 3201 te?
1483 3151 1615 3201 Mer.

555 3230 889 3281 cambosius.-

620 3315 684 3362 11
720 3312 1007 3372 Numaeque
1026 3307 1084 3357 in
1105 3304 1294 3368 nuntio]
1325 3303 1499 3369 Magis
1515 3302 1617 3353 sci·

555 3395 613 3439 re
637 3387 767 3452 vult,
785 3397 940 3453 quam
962 3397 1148 3435 munus
1167 3382 1427 3446 accipere.
1453 3382 1618 3433 Dona-

560 3469 656 3515 tus.

624 3539 754 3589 Nam
784 3552 932 3602 neque
964 3537 1018 3586 in
1054 3534 1241 3597 nuntio,
1272 3535 1421 3598 neque
1454 3533 1508 3582 in
1546 3547 1620 3583 me

554 3618 657 3681 ipso
705 3616 813 3667 boni
856 3617 970 3680 quid
1009 3614 1097 3676 ait,
1126 3611 1246 3676 scio]
1279 3613 1472 3662 Facete
1510 3610 1621 3676 agit

552 3692 870 3742 'ferentinat
906 3697 1099 3756 quanto
1152 3688 1316 3753 magis
1360 3689 1620 3738 Parmeno

561 3770 797 3819 curiosus
821 3774 920 3831 est,
960 3769 1108 3816 tanto
1130 3766 1299 3829 magis
1322 3764 1492 3815 nescit
1510 3761 1621 3829 illa,

561 3858 681 3913 quae
703 3845 867 3910 cupit.
903 3845 1057 3895 Idem.
1510 3893 1513 3896 ,

625 3924 758 3974 Num
776 3936 920 3986 neque
933 3921 984 3971 in
994 3920 1178 3984 nuntio,
1191 3918 1298 3983 Sym]
1319 3917 1619 3969 Monuimus

557 4001 625 4051 ab
648 3999 796 4051 initio
831 3998 1094 4063 peculiare
1111 3997 1260 4062 hujus
1282 3994 1476 4046 fabulae
1495 3995 1621 4045 arti·

559 4076 730 4127 ficium
785 4090 915 4139 esse,
969 4074 1128 4125 celari
1178 4071 1435 4140 quaedam,
1470 4085 1621 4122 secus

560 4167 713 4219 quam
736 4153 789 4202 in
808 4152 921 4202 aliis
952 4149 1014 4201 fit
1035 4150 1324 4202 comoediiS.
1359 4148 1424 4198 Id
1449 4147 1619 4212 poe‘tae

557 4228 826 4279 consilium
850 4229 991 4277 servi¹
1018 4225 1169 4292 *hujus
1207 4226 1478 4278 curiositas
1500 4228 1621 4277 sub·

561 4304 681 4355 inde
702 4305 930 4367 lacessit,
969 4306 1061 4354 sed
1084 4302 1315 4355 frustra:
1358 4304 1394 4353 i.
1410 4318 1457 4353 e.
1503 4315 1622 4354 con-

1234 394 1452 469 NOTAE
1504 384 1900 442 vamonum
1950 388 2027 451 ru

1665 535 1898 602 spectius
1921 528 2117 584 reddit.
2140 527 2247 579 Sed
2269 526 2391 579 haee
2409 506 2736 576 omnia³a'v's'.'

1664 621 1716 666 9.
1731 628 1898 679 ¹usque
1920 611 1985 662 ad
2007 614 2089 660 ⁸9.
2110 609 2199 658 Fr.
2224 601 2736 670 Guyetus‘uua·litu·²

1666 706 1727 741 ra
1759 690 1923 740 delet.
1990 687 2062 736 Et
2086 691 2205 733 sunt
2238 695 2362 731 sane
2392 680 2450 729 in
2486 679 2586 740 his,
2620 686 2733 740 que

1599 790 1606 795 ·
1667 781 1820 817 nemo
1845 765 2118 830 qnisquam
2141 760 2406 811 ‘hactenus
2436 753 2736 819 explicave-

1667 843 1758 906 rit,
1775 849 1865 892 aut
1883 839 2242 903 explicaturus
2262 832 2405 884 forte
2424 831 2649 887 satisflait
2684 829 2735 878 in

1670 927 1957 984 posterum.
1979 928 2080 964 nec
2101 909 2388 962 sententiae*
2402 914 2635 968 tantum,
2650 903 2740 954 sed

1670 1000 1727 1046 et
1761 1006 1995 1058 personae
2015 987 2435 1040 commiscentur.
2472 983 2738 1033 Boeclens.

1738 1071 1903 1133 Neque
1935 1067 1994 1117 in·
2020 1065 2211 1126 nuncio,
2247 1074 2396 1128 neque
2426 1061 2483 1111 in
2513 1059 2738 1123 ηιεὴισο,Ι

1670 1147 1768 1198 abt
1797 1145 1906 1195 boni
1927 1144 2044 1209 quid
2060 1143 2147 1204 ιιι,
2170 1122 2290 1204 xib]
2338 1137 2513 1188 Andr.
2545 1132 2653 1186 a'et.
2677 1132 2742 1184 ιι.

1673 1239 1746 1276 sc.
1771 1229 1817 1275 1.
1869 1224 1885 1252 ‘
1905 1224 2022 1285 Ego
2046 1217 2269 1271 Charine
2291 1216 2605 1280 neutiquam
2632 1210 2739 1262 offi-

1673 1303 1811 1353 cium
1843 1299 1994 1350 liberi
2028 1311 2144 1347 esse
2180 1293 2403 1344 hominis
2426 1298 2590 1356 puto,
2614 1289 2742 1340 Cum

1673 1381 1716 1430 is
1739 1376 1868 1427 nihil
1892 1377 2205 1439 promereat,
2242 1365 2586 1433 postulari‘id
2628 1374 2740 1430 gra·

1675 1458 1764 1509 tiae
1789 1455 1981 1520 apponi
1998 1451 2131 1502 sibi.’
2163 1451 2295 1500 Mer.
2320 1441 2647 1496 omnibonus.

1740 1538 1807 1584 16
1844 1535 1890 1582 Ο
1909 1529 2133 1592 Bacchis,
2156 1543 2184 1577 ο
2205 1541 2310 1576 mea
2333 1522 2564 1585 Bacchis,
2585 1528 2739 1569 sma-

1673 1612 1781 1662 trix
1808 1607 1935 1671 mea]
1969 1609 2117 1657 Bene
2160 1602 2399 1653 additum
2440 1606 2549 1660 est,
2588 1596 2746 1646 sewu-5

1676 1688 1781 1738 trix
1799 1699 1923 1752 mea.
1956 1684 2028 1733 Et
2048 1684 2171 1742 meo,
2211 1676 2351 1743 quod
2396 1689 2565 1741 supra
2589 1673 2743 1733 dixit,

1677 1762 1924 1815 amatoris
1949 1765 2049 1810 est.
2082 1759 2320 1808 Donatus.

1742 1844 1805 1889 17
1841 1835 2011 1888 Factis
2029 1839 2085 1885 ut
2101 1835 2308 1895 credam,
2320 1829 2481 1894 facis]
2520 1825 2750 1877 Difficile

1679 1917 1818 1967 enim
1841 1920 1958 1964 erat
1978 1903 2316 1971 credereshis
2337 1906 2502 1958 rebus
2520 1905 2748 1969 gaudere

1678 1992 2027 2044 meretricem.
2050 1990 2206 2039 Idem.

1747 2069 1933 2128 Factis,
1952 2073 2008 2117 ut
2026 2068 2233 2128 credam,
2251 2064 2405 2128 facis]
2438 2061 2586 2112 Olim
2635 2060 2754 2110 cum'

1680 2147 1862 2196 laetum
1885 2143 2081 2210 aliquid
2127 2141 2285 2191 alicui
2326 2137 2750 2203 gratulabantur,

1682 2231 1740 2275 et
1763 2222 1993 2289 gaudere
2030 2236 2086 2269 se
2112 2218 2309 2269 solenni
2345 2215 2577 2267 formula
2601 2211 2752 2278 profi-⁴

1683 2303 1948 2361 tebantur,
1963 2297 2316 2363 respondebat
2335 2295 2451 2357 ille,
2474 2293 2561 2344 cui
2578 2294 2756 2356 gratu·

1684 2378 1930 2429 labantur
1957 2392 1973 2438 ;
2002 2376 2158 2437 credo,
2172 2374 2276 2435 vel,
2291 2372 2529 2422 ereditur.
2563 2370 2757 2432 Supra,

1688 2462 1793 2507 act.
1816 2467 1909 2505 111.
1942 2466 2019 2503 sc.
2050 2457 2100 2502 5.
2128 2456 2143 2480 ⁸
2168 2450 2319 2502 Bene
2338 2448 2544 2512 factum
2585 2453 2641 2498 te
2670 2446 2758 2496 ad-

1687 2531 1896 2582 venisse
1929 2528 2225 2593 Pamphile,
2262 2526 2437 2591 Atque
2457 2524 2624 2585 adeo,
2662 2526 2761 2573 διο.

1689 2609 1753 2657 P.
1778 2605 2060 2658 Creditur.’
2117 2604 2331 2654 Phorm.
2370 2608 2477 2652 act.
2498 2616 2565 2652 11.
2612 2599 2692 2651 sc.
2716 2604 2760 2649 l.

1689 2693 1705 2715 ⁴
1727 2686 1806 2735 Mi
1830 2691 2035 2750 patrue,
2056 2683 2214 2732 salve.
2236 2682 2434 2730 salvum
2473 2678 2730 2729 advenire
2747 2676 2761 2698 '

1688 2762 1936 2829 (gaudeo,
1975 2761 2088 2811 scil.
2126 2760 2246 2809 vide
2279 2758 2386 2821 ibi)
2419 2760 2435 2787 ‘
2460 2758 2533 2809 D.
2567 2754 2763 2806 credo!

1688 2839 1833 2890 Alibi
1855 2853 2058 2903 quoque
2077 2837 2320 2901 exempla
2355 2833 2760 2887 observantibus
2827 2873 2834 2878 .

1657 2941 1660 2944 “
1689 2920 1987 2967 occurrent.
2020 2914 2127 2965 Hic
2167 2915 2326 2978 igitur
2367 2928 2500 2976 cum·
2531 2912 2759 2962 Bacchis

1687 2993 1841 3045 solita
1878 2990 2101 3041 formula
2133 2989 2411 3054 Pamphilo
2444 2988 2758 3039 felicitatem

1690 3083 1836 3120 suam
1858 3068 2231 3132 gratularetur,
2251 3081 2356 3116 non
2379 3072 2669 3116 contentus
2701 3065 2760 3114 il-

1690 3148 1740 3196 le
1797 3145 2021 3210 simplici
2077 3144 2435 3210 responsione,
2505 3143 2523 3170 ‘
2548 3142 2756 3193 Credo:

1689 3224 1845 3276 factis
1862 3223 1876 3246 '
1910 3221 2131 3289 (inquit)
2150 3222 2168 3251 ⁶
2193 3228 2251 3272 ut
2275 3220 2489 3272 credam
2514 3217 2686 3270 facis!
2707 3234 2753 3284 q.

1690 3304 1742 3355 d.
1764 3303 1821 3353 Sl
1846 3302 1932 3353 alii
1962 3300 2253 3358 crederem,
2293 3304 2386 3349 aut
2416 3298 2644 3349 credere
2679 3312 2758 3346 me

1691 3381 1876 3431 saltem
1910 3385 2010 3444 pro
2045 3391 2190 3428 more
2233 3375 2631 3441 responderem,
2671 3374 2758 3441 qni

1692 3473 1749 3508 se
1771 3455 1996 3522 gaudere
2020 3453 2384 3520 profiteretur;
2424 3460 2625 3518 quanto
2658 3460 2759 3500 ma·

1694 3536 1773 3601 gis
1797 3534 1913 3599 tibi,
1936 3534 2019 3583 cui
2056 3533 2379 3597 potissimum
2420 3530 2592 3580 debeo
2628 3530 2754 3578 hanc

1691 3611 2019 3671 felicitatem,
2068 3623 2221 3674 quam
2281 3607 2403 3658 mihi
2445 3605 2758 3671 gratularis?

1693 3687 1826 3737 Haec
1848 3700 1976 3737 vera
1996 3686 2097 3735 loci
2134 3686 2418 3747 sententia,
2439 3698 2596 3749 quam
2609 3683 2758 3732 'Don-

1692 3774 1794 3814 nou
1834 3769 1916 3813 est
1957 3768 2245 3812 assecutus.
2286 3760 2427 3810 Hinc
2472 3761 2635 3809 etiam
2669 3759 2770 3807 lux·

1691 3855 1796 3890 non
1818 3840 1908 3890 uni
1933 3839 2113 3889 Plauti
2136 3835 2270 3899 loco,
2291 3838 2345 3886 in
2366 3837 2571 3887 Sticho.
2613 3834 2757 3884 Anti-

1693 3917 1795 3984 pho
1817 3931 1997 3980 senex,
2034 3914 2406 3979 Pamphilippo
2433 3911 2756 3963 adolescenti

1693 3995 1845 4045 solita
1870 3994 2091 4044 formula
2114 3993 2422 4043 incolumem
2452 3990 2682 4041 reditum
2704 3988 2755 4038 in

1695 4070 1916 4136 patriam
1956 4071 2285 4133 gratulatur:
2368 4073 2385 4096 ⁸
2410 4067 2498 4117 Ita
2541 4081 2622 4116 me
2667 4064 2753 4115 Dii

1697 4149 1832 4198 bene
1855 4146 2067 4209 ament,’
2104 4150 2202 4196 &c.
2244 4144 2534 4209 respondet
2554 4142 2752 4206 ille‚jo·

1694 4240 1837 4287 cose,
1865 4225 1881 4253 ‘
1906 4224 2044 4273 Satis
2061 4223 2151 4274 abs
2186 4229 2241 4272 te
2262 4221 2536 4285 accipiam,
2558 4219 2658 4268 nisi
2679 4218 2751 4265 vi·

1696 4302 1844 4352 deam
1882 4301 2007 4350 mihi
2029 4306 2083 4350 te
2106 4299 2334 4351 amlcum·
2348 4296 2712 4360 esse'Autiph'o
2728 4308 2746 4340 ε
