3035 4941
496 336 675 404 1436

499 513 592 549 nes
615 496 880 547 cruciandi
904 501 1042 546 sunt.
1076 496 1310 548 Donatus.

568 575 848 638 Familiam]
909 575 1125 623 Demeae
1188 579 1245 622 et
1297 570 1561 622 Mitionis.

501 651 784 701 Fau-nabitu.
1020 665 1025 672 ·

567 732 630 778 14
664 728 797 776 Iram
819 726 962 790 hanc]
997 726 1141 775 Hane
1172 723 1561 787 interdumpro

503 803 776 868 qualitate,
829 802 1087 853 interdurn
1133 801 1225 866 p‘ro
1270 800 1563 865 quantitate

501 881 804 944 accipimus,
827 880 1085 930 interdum
1108 882 1201 942 pro
1220 885 1457 941 utroque.
1483 881 1563 939 ut,

501 963 517 985 ‘
538 958 752 1021 'l'uaque
781 957 1001 1005 animam
1024 955 1121 1004 hac
1144 951 1413 1003 effundere
1435 952 1563 1001 dex-

501 1035 585 1082 tra
601 1031 639 1081 ?’
726 1032 815 1095 Et,
850 1038 865 1059 ‘
894 1031 1052 1080 Hunc
1091 1044 1191 1093 ego
1233 1035 1287 1078 te
1312 1029 1562 1093 Euryale

504 1108 749 1173 aspicio?
830 1106 934 1156 Sed
983 1120 1118 1156 nunc
1162 1119 1258 1168 pro
1319 1111 1563 1168 utroque,

498 1187 622 1235 bane
644 1185 794 1234 dixit.
815 1192 874 1233 ut
895 1183 1184 1243 Sallustius,
1206 1181 1561 1245 descriptione

503 1261 752 1311 Celtiberi
779 1260 870 1322 ait,
900 1266 915 1288 ‘
935 1259 1091 1309 Hunc
1115 1259 1275 1323 igitur
1295 1258 1562 1322 redarguit

484 1336 848 1402 Tarquinius!
883 1336 1119 1386 Donatus.

484 1437 513 1449 ·⁷
568 1413 820 1476 Eoomam]
853 1414 1164 1476 Metaphora
1197 1411 1333 1463 forte
1380 1428 1411 1462 a
1454 1427 1562 1462 ser·

502 1492 759 1557 pentibus.
792 1490 1078 1541 Farnobius.
1199 1515 1204 1521 ·

510 1599 515 1606 ·
568 1575 629 1619 15
663 1569 798 1619 Satis
818 1570 954 1619 *mihi
995 1570 1048 1619 id
1089 1569 1282 1619 habeam
1315 1566 1562 1632 supplicii]

501 1647 776 1715 Moraliter
796 1649 1054 1713 loquitur:
1077 1663 1194 1697 nam
1219 1645 1333 1696 fere
1356 1646 1562 1712 quando

499 1725 1049 1789 qnisquam-irascitur,
1081 1725 1179 1774 sibi
1213 1719 1418 1773 videtur
1451 1721 1560 1772 for-

499 1801 586 1861 tis,
611 1806 852 1866 tanquam
878 1803 961 1866 qui
986 1802 1100 1865 plus
1123 1800 1299 1851 audet.
1330 1800 1563 1849 Donatus.

510 1891 520 1902 ·
566 1877 701 1927 Satis
736 1877 855 1926 mim
887 1878 939 1927 id
968 1877 1162 1927 habeam
1193 1875 1430 1940 supplicii,
1450 1877 1563 1923 dum

497 1952 609 2015 illos
644 1954 848 2002 ulciscar
877 1952 1035 2015 modo]
1089 1952 1279 2003 Juven.
1315 1952 1427 2000 Sat.
1480 1954 1561 2001 13.

497 2028 517 2059 ‘
530 2028 775 2079 Vindicta
791 2029 980 2079 bonum
1001 2028 1106 2078 vita
1117 2028 1398 2092 jucundius
1413 2026 1562 2093 ipsa.'

420 2111 426 2119 ’
503 2106 788 2157 Faraabius.

565 2182 697 2234 Dum
713 2183 820 2233 illos
841 2183 1041 2249 ulciscar
1070 2180 1228 2244 modo]
1259 2181 1454 2230 Verum
1477 2187 1562 2231 est

495 2260 628 2311 hanc
650 2274 764 2310 esse
798 2260 1096 2322 vindictam,
1131 2274 1247 2323 quae
1281 2273 1348 2307 ex
1382 2271 1564 2307 recen·

499 2336 704 2386 tissimis
747 2335 960 2400 flagitiis
999 2342 1285 2401 properata
1329 2334 1420 2385 sit.
1474 2335 1562 2385 Sic

491 2412 683 2478 virgil.
714 2415 730 2442 ‘
755 2415 828 2464 Te
863 2414 1038 2462 Turne
1079 2411 1359 2478 superbum
1402 2411 1561 2463 Caede

497 2504 632 2541 nova
675 2489 949 2555 quaerens!
984 2490 1220 2540 Donatus.

514 2588 518 2592 ·
564 2564 629 2616 '16
649 2567 765 2617 Seni
785 2568 993 2616 animam
1010 2566 1216 2629 primum
1236 2567 1560 2628 extinguerem

494 2643 614 2708 ipsi]
668 2645 815 2692 Bene
860 2644 1229 2706 extinguerem?
1262 2645 1382 2708 quia
1427 2643 1560 2712 ignis

498 2727 599 2770 est.
666 2720 946 2785 Virgilius:
982 2726 996 2749 ⁶
1021 2722 1211 2785 Igneus
1245 2730 1326 2771 est
1361 2721 1462 2770 illis
1488 2721 1560 2770 vi*-

439 2790 442 2799 ’
499 2806 611 2860 gor,
641 2803 696 2845 et
751 2798 977 2847 coelestis
1031 2799 1176 2862 origo
1231 2796 1562 2848 Seminibus!

498 2872 568 2920 Et
610 2871 829 2921 Primum
867 2873 1087 2934 addidit,
1138 2873 1277 2938 quod
1321 2872 1559 2922 ordinem

497 2945 772 3009 significat.
802 2954 924 2997 tunc
945 2949 1081 2997 enim
1119 2948 1381 3010 adjicitur,
1403 2946 1562 3011 quun't

496 3024 1025 3088 multa·subjicienda
1080 3032 1464 3094 monstrantur:
1499 3030 1560 3070 ut
1595 3038 1602 3045 ·

494 3099 580 3148 aui
615 3098 786 3149 fracta
821 3101 962 3164 prius
998 3115 1151 3149 crura
1174 3101 1504 3164 brachiaque,
1526 3099 1559 3133 ¹⁸

496 3183 552 3226 et
574 3183 763 3226 caetera
797 3175 942 3236 vitia,
973 3176 1025 3224 in
1060 3175 1354 3226 AEscbinum
1391 3183 1557 3227 totum

497 3266 805 3316 promovens
870 3250 1184 3314 ostenditur,
1247 3254 1400 3302 etiam
1461 3244 1561 3317 per

498 3331 666 3380 aliena
688 3327 963 3391 supplicia.
1001 3327 1154 3376 Idem.

508 3423 518 3430 ·
562 3405 703 3468 Seni]
739 3406 972 3454 Demeae.
1011 3405 1296 3455 Fau-nabiter.

508 3497 515 3501 ·
560 3482 747 3545 Scelus]
781 3481 1096 3531 AEschinum.
1131 3482 1282 3531 Idem.
1555 3504 1558 3507 ·

563 3564 626 3609 17
659 3558 835 3623 Syrum
869 3558 1189 3622 impulsorem]
1231 3560 1414 3608 Causoe
1454 3575 1557 3624 poe-

496 3649 594 3686 nae.
628 3636 867 3685 Donatus.

571 3711 690 3768 Vah,
725 3712 891 3776 quibus
929 3712 1064 3761 illum
1095 3712 1347 3760 lacerarem
1389 3711 1561 3775 modis]

496 3787 603 3837 Hic
643 3788 878 3837 voluntas
920 3786 1200 3836 immodica
1247 3788 1558 3851 ostenditur,

495 3876 701 3927 poenam
738 3879 831 3928 pro
862 3863 1048 3912 merito
1079 3863 1420 3925 reposcentis.
1488 3863 1560 3914 Et

498 3951 640 4003 nota,
663 3956 820 4005 quum
845 3940 1029 4003 Syrum
1053 3938 1265 4002 dixerit,
1296 3939 1559 3991 addidisse

497 4025 650 4067 nutus
675 4018 741 4066 de
763 4016 1056 4080 supercilio.
1088 4014 1244 4064 Idem.

562 4099 625 4143 18
657 4091 934 4155 Sublimem
968 4092 1079 4141 Isin
1098 4107 1268 4156 poena.
1304 4093 1457 4146 Idem.

561 4170 818 4221 Sabzinaem
850 4170 1052 4219 medium
1095 4169 1371 4232 arriperem,
1403 4171 1559 4234 capite

492 4248 698 4313 primam
717 4248 770 4299 in
806 4250 982 4298 terram
1005 4253 1274 4312 scalmum,
1293 4253 1349 4297 ut
1368 4248 1556 4301 cerebro

1204 350 1427 399 Norat
1470 347 1874 399 vAmoRuM
1923 348 2002 410 ιιι

1641 493 1883 555 dispergat
1903 489 2062 554 viam]
2108 488 2337 539 Omnino
2364 485 2702 539 scribendum

1642 577 1740 626 est,
1757 568 2066 631 dispergeret,
2088 566 2225 630 qnod
2249 567 2380 616 ratio
2404 572 2703 629 temporum

1642 645 1795 694 docet
1813 660 1828 705 3
1852 657 2021 708 neque
2045 644 2180 692 enim
2199 642 2413 704 dixeris,
2428 642 2604 690 ‘illum
2628 641 2705 689 in-

1643 723 1886 773 vaderem
1924 729 1981 770 ut
2014 719 2356 783 interficiam,’
2408 718 2522 781 sed,
2552 725 2609 772 ut
2631 719 2707 767 in·

1640 799 1902 863 tertie-erem
1917 814 1938 857 ,⁰
1977 799 2168 862 alioqui
2198 796 2519 846 soloecismus
2540 794 2708 844 fuerit

1642 883 1822 926 contra
1843 884 2074 939 tempus:
2116 873 2393 938 legendum
2418 873 2600 937 itaque
2623 885 2707 919 ar-

1642 954 1825 1014 bitror,
1884 954 2086 1003 Cerebro
2125 958 2180 1002 ut
2220 953 2518 1015 dispergeret
2556 949 2707 999 viam·

1642 1031 1860 1095 Eritque
1897 1031 2118 1079 dimeter
2161 1030 2408 1079 lambens
2446 1041 2542 1092 per
2581 1034 2708 1074 ana-

1641 1116 1863 1172 paestum
1888 1108 1940 1158 in
1976 1108 2143 1172 prima
2165 1107 2312 1169 sede,
2345 1111 2408 1155 ut
2427 1097 2569 1169 saepe
2591 1101 2709 1153 fieri

1641 1187 1789 1236 solet.
1813 1185 1930 1234 vide
1952 1200 2071 1249 pag.
2093 1189 2208 1235 425.
2244 1183 2420 1233 Faber.

1704 1266 1769 1312 19
1807 1264 1873 1312 Ut
1915 1263 2100 1312 cerebro
2144 1262 2392 1325 dispergat
2430 1258 2588 1323 viam]
2631 1256 2709 1307 Et

1639 1339 1914 1389 cerebrum
1964 1346 2021 1389 et
2074 1338 2159 1388 via
2207 1338 2440 1401 dispergi
2492 1343 2670 1401 potest
2691 1351 2707 1383 ι

1639 1414 1757 1465 ideo
1819 1416 2027 1465 videtur
2080 1415 2393 1478 ambiguum.
2448 1418 2510 1462 nt
2564 1411 2709 1476 apud

1639 1491 1825 1554 virgil.
1869 1493 2198 1556 ‘Ensemque
2233 1503 2419 1540 cruore
2450 1489 2708 1553 Spuman-

1641 1572 1766 1631 tem,
1787 1569 2096 1634 sparsasqne
2115 1565 2334 1617 manus!
2367 1563 2548 1615 Aliter
2570 1564 2706 1613 enim

1640 1642 1851 1707 dicitur,
1884 1646 1901 1674 ⁴
1917 1644 2164 1709 Spargite
2188 1645 2395 1693 humum
2420 1640 2603 1691 foliis!
2631 1639 2706 1691 A·

1637 1722 1780 1786 liter,
1811 1728 1826 1752 ‘
1835 1723 2123 1786 Sparserat
2150 1730 2206 1771 et
2226 1721 2412 1771 latices
2435 1720 2705 1769 simulatos

1639 1796 1800 1848 fontis
1822 1798 2054 1848 Averni!
2094 1799 2244 1849 Idem.
2403 1793 2408 1798 ’
2685 1807 2690 1816 ·

1703 1878 1768 1925 20
1789 1874 2101 1942 ‘Adolescenti
2132 1874 2230 1939 ipsi
2244 1889 2250 1894 ’
2266 1876 2498 1939 eriperem
2522 1874 2702 1939 oculos]

1633 1950 1785 2004 Bene
1828 1953 2001 2014 oculos,
2034 1952 2217 2001 amoris
2252 1952 2468 2015 indices,
2501 1952 2705 2017 adjuto-

1638 2041 1824 2092 resque
1843 2019 2045 2092 flagitii.
2083 2028 2236 2077 Idem.
2263 2047 2269 2054 ·
2395 2043 2400 2047 ·

1647 2123 1650 2126 ·
1704 2105 1927 2155 Posthoee
1937 2103 2236 2169 praecipitem
2255 2103 2444 2168 darem]
2479 2102 2705 2155 Gravior

1640 2193 1794 2245 poena
1835 2181 2113 2243 c'aecitatis,
2148 2195 2250 2230 non
2291 2180 2575 2245 providere
2605 2191 2706 2247 qno

1638 2257 1816 2307 cadas.
1839 2259 2006 2307 Idem.

1697 2338 1760 2384 21
1802 2335 1997 2383 Ceteros
2016 2333 2224 2397 rioerem]
2274 2333 2451 2397 Ruere,
2477 2332 2704 2383 activam

1635 2412 1741 2462 vim
1780 2413 1960 2464 habet.
2025 2413 2299 2463 Sallustius
2355 2414 2408 2461 in
2453 2411 2704 2469 secundo,

1632 2494 1650 2520 ‘
1668 2492 1790 2542 Ictu
1823 2507 1999 2542 eornm
2024 2492 2113 2558 qui
2148 2491 2202 2540 in
2225 2488 2436 2541 flumine
2459 2490 2705 2552 ruebant,

1635 2568 2001 2619 necabantur.'
2072 2569 2228 2616 Raere
2272 2567 2431 2627 enim,
2476 2574 2570 2616 est·
2600 2574 2705 2616 toto

1635 2659 1853 2707 corpore
1899 2645 1974 2694 uti
2011 2644 2076 2693 ad
2110 2644 2478 2707 impellendum
2500 2660 2517 2692 t
2565 2643 2698 2708 quod

1635 2719 1955 2786 faciunt,qui
1976 2721 2075 2784 ipsi
2098 2720 2394 2784 praecipites
2426 2718 2561 2769 alios
2591 2734 2704 2783 pro·

1635 2804 1896 2855 sternunt.
1962 2797 2119 2847 Unde
2176 2795 2390 2860 proprie
2425 2810 2538 2845 sues
2568 2812 2701 2846 ruere

1635 2874 1901 2923 dicuntur.
1955 2873 2138 2936 Virgil.
2160 2875 2175 2901 ‘
2198 2873 2322 2936 lpse
2343 2871 2470 2935 ruit,
2494 2873 2704 2922 dentes-

1636 2962 1736 3014 que
1761 2949 2045 2999 Sabellicus
2069 2949 2279 2999 exacuit
2304 2948 2436 3017 sus),
2500 2950 2574 2999 Et
2598 2951 2701 3000 Ho-

1636 3027 1831 3076 ratius:
1869 3033 1883 3055 ⁸
1908 3026 2061 3075 Hanc
2107 3026 2301 3074 rabiosa
2340 3023 2480 3089 fugit
2525 3028 2701 3088 canis3

1634 3116 1696 3150 ac
1719 3102 1976 3151 lutulenta
2001 3102 2101 3151 ruit
2122 3101 2245 3151 sus!
2285 3102 2437 3150 Idem.

1704 3178 1917 3241 Ceteros]
1967 3177 2175 3228 Amoris
2204 3177 2404 3227 indices
2421 3176 2492 3228 'et
2517 3179 2700 3242 illices,

1634 3255 1887 3304 scelerum
1912 3254 2091 3305 duces.
2125 3253 2416 3305 Famabius.

1704 3331 1926 3395 Raerem]
1961 3331 2308 3393 Impellerem.
2326 3337 2381 3381 et
2404 3331 2699 3383 dominatur

1634 3408 1943 3457 bic·rabiosa
1964 3407 2119 3456 litera
2141 3407 2347 3456 canina.
2383 3408 2539 3460 Idem.

1698 3483 1928 3547 Ager-em]
1985 3483 2364 3547 Prosequerer,
2389 3494 2696 3547 premerem.

1634 3562 1911 3624 Virgilius:
1944 3560 2081 3609 ‘Illa
2123 3559 2290 3609 fretus
2330 3561 2440 3622 agit
2477 3558 2698 3612 ventos!

1634 3636 1699 3685 Id
1724 3645 1824 3700 est,
1865 3637 2022 3685 nimia
2044 3635 2319 3697 celeritate
2344 3639 2694 3702 persequitur,

1634 3720 1692 3761 et
1734 3727 1869 3776 pene
1901 3718 2145 3775 occupat,
2185 3712 2565 3776 praevenitque.
2599 3715 2695 3764 Do·

1632 3793 1794 3840 natus.
2489 3814 2496 3819 ι

1702 3867 1980 3928 maderent,
2030 3870 2078 3914 et
2130 3867 2500 3951 prosternerem]
2562 3867 2692 3917 Vide

1633 3958 1785 4008 quam
1818 3942 1967 3992 fortis
2001 3942 2101 3991 sibi
2135 3942 2393 4006 videatur,
2428 3946 2516 4009 qui
2551 3945 2690 3994 dolet

1633 4025 1689 4069 et
1711 4020 1974 4069 irascitur.
2008 4019 2161 4068 Idem.

1569 4137 1590 4148 κ
1694 4101 1758 4146 23
1796 4098 1904 4159 Ego
1922 4110 2027 4145 sam
2046 4095 2291 4160 Sostrata]
2325 4098 2461 4148 Haec
2475 4099 2591 4148 ideo
2613 4099 2684 4148 in·

1630 4166 1947 4233 ducitur,›ut
1980 4172 2256 4221 verisimile
2300 4175 2369 4223 sit
2402 4188 2557 4239 supra
2588 4184 2681 4226 noa
2723 4180 2726 4183 ’

1630 4251 1788 4303 visam
1809 4250 2127 4302 Sostratum
2176 4251 2385 4315 quando
2421 4252 2579 4304 etiam
2603 4251 2679 4303 viz
