3035 4941
561 339 734 406 1376

563 501 756 562 θυμῆρες
796 498 882 546 τοῦ
919 494 1187 560 διασυρμοῦ
1210 495 1452 555 κωμικοῧμ
1462 494 1619 545 Quo

561 577 719 625 etiam
742 577 975 639 s‘pectat
984 588 1062 621 vs.
1077 576 1165 621 ·38.
1188 573 1351 621 sidat.
1418 569 1622 619 Crescit

564 651 848 712 urbanitas,
885 649 1022 715 quod
1062 649 1391 698 Chremetem
1428 661 1520 695 sua
1553 645 1619 693 s'i-

562 727 846 777 mulatione
889 740 951 775 eo
990 724 1173 788 adigit,
1204 729 1273 772 'ut
1307 712 1619 786 argumentis

563 820 719 872 agere
757 804 1005 868 incipiat:
1041 805 1058 832 ‘
1079 802 1161 851 An
1194 800 1404 850 dubium
1438 801 1489 849 id
1527 800 1619 848 tibi

561 883 670 931 est?
702 879 1095 947 quemquamne·
1119 878 1292 928 auimo
1338 884 1453 927 tam·
1478 876 1620 926 >comi

562 963 694 1020 esse,
712 964 767 1007 et
791 958 891 1006 leni
918 963 1088 1020 putas,
1112 953 1235 1019 qui,'
1265 958 1365 1005 διο.
1403 954 1552 1002 Idem.
1589 974 1617 982 ⁴·

566 1065 573 1070 -
623 1037 801 1085 Decem
820 1034 1021 1094 dierum,
1057 1033 1162 1095 ξω]
1196 1032 1297 1080 Res
1325 1046 1442 1080 mea
1473 1029 1621 1078 fami·

557 1113 701 1163 liaris
724 1112 862 1160 intra
885 1114 963 1159 10.
998 1109 1109 1158 dies
1133 1115 1244 1157 tota
1273 1107 1621 1156 exhaurietur.

561 1190 639 1239 Ut
662 1189 714 1237 in
740 1202 796 1237 re
819 1185 1028 1235 militari
1046 1184 1257 1245 dicitur,
1275 1187 1292 1213 ‘
1312 1185 1495 1233 Trium*
1510 1184 1622 1233 die-

560 1279 673 1315 rum
697 1259 1051 1313 commeatus!
1084 1259 1376 1311 Farnobius.
1434 1283 1451 1303 ›.
1489 1288 1493 1296 ·
1536 1273 1542 1284 ·

626 1345 690 1390 37
742 1338 907 1395 Quid?
945 1338 1069 1387 istuc
1111 1336 1289 1399 times]
1315 1335 1532 1385 Inscitia
1562 1348 1618 1385 se

561 1431 669 1466 rem
720 1415 994 1480 probatam
1048 1413 1238 1462 habere
1280 1412 1621 1462 Menedemus

558 1493 734 1544 illudit
753 1492 929 1543 faceta
948 1492 1072 1541 satis
1087 1489 1401 1540 urbanitate.
1424 1492 1618 1553 Eugra-

555 1573 713 1636 phius.

555 1667 585 1698 .’
610 1650 747 1699 'Tam
765 1648 909 1712 comi]
930 1645 1059 1698 Τειιιί
1076 1645 1315 1712 patienti,
1330 1644 1461 1694 miti.
1506 1646 1626 1710 Le-z

561 1725 702 1790 gitur
734 1734 791 1777 et
827 1724 1075 1788 communi,
1107 1731 1385 1787 utrumque
1426 1736 1456 1771 a
1487 1722 1617 1772 Mss-

557 1802 646 1851 031.
682 1801 984 1851 Farnabius.

582 1883 688 1928 40
720 1880 834 1927 Mn.
873 1878 951 1928 Ah
984 1877 1052 1927 αΙι
1084 1876 1165 1940 eh]
1206 1875 1339 1926 Haec
1371 1890 1474 1924 non
1495 1881 1618 1924 sunt

556 1955 611 2004 in
632 1955 767 2004 libro
789 1954 1060 2018 Bembina,
1095 1961 1151 2003 et
1185 1960 1331 2002 certe
1356 1951 1488 2000 risus
1506 1965 1614 2001 ιιοιι

556 2032 765 2082 videtur
786 2032 978 2081 habere
1013 2031 1096 2081 hic
1133 2032 1345 2080 locum.
1386 2029 1491 2079 Sed
1516 2042 1616 2078 nec

556 2123 737 2159 versus
758 2109 868 2159 liaec
887 2106 1093 2171 recipit.
1124 2106 1360 2156 Faiimus.

582 2184 1079 2249 ME.Ho,ha,1ioe]
1113 2182 1427 2233 Verecunda
1449 2189 1504 2233 et
1526 2182 1614 2231 ho-

555 2268 707 2310 nesta
728 2260 1082 2333 Aposiopesis.
1118 2257 1403 2307 Far-namus.
1463 2280 1470 2287 ·

581 2341 682 2387 ·41
714 2337 803 2385 Ut
821 2335 1051 2395 facilins·
1083 2334 1225 2382 mihi
1246 2334 1384 2382 verba
1418 2332 1613 2396 dentur]

556 2412 690 2461 Haec
710 2410 853 2460 facta
873 2417 1011 2460 sunt.
1051 2409 1371 2473 Eugropkius.
1494 2437 1498 2441 Δ

551 2508 582 2531 ··
617 2493 686 2538 42
734 2487 962 2550 Derides]
1015 2488 1139 2535 Tam
1183 2485 1272 2535 diu
1317 2485 1613 2536 irridendus

555 2573 673 2614 erat
694 2564 916 2626 scilicet,
949 2562 1117 2612 donec
1145 2578 1200 2611 se
1219 2561 1425 2611 irrideri
1449 2564 1611 2612 anim-

554 2640 873 2689 adverteret.
907 2639 1169 2687 Boeclerus.
1374 2684 1377 2687 ,

557 2747 566 2755 -
620 2714 803 2764 Merito
822 2714 940 2763 mihi
961 2730 1082 2764 nnnc
1111 2729 1197 2775 ego
1217 2714 1484 2777 succenseo]
1507 2714 1610 2765 Hic

544 2791 658 2855 jam
682 2790 748 2840 ab
783 2791 1117 2854 argumentis,
1155 2806 1268 2854 qua·¹
1303 2805 1334 2838 a
1360 2791 1609 2841 Menede-

446 2867 450 2874 '
551 2882 638 2917 mo
661 2867 798 2918 dicta
830 2874 968 2930 sunt,
995 2867 1096 2916 alia
1125 2867 1325 2930 colligit
1361 2867 1610 2919 Chremes

552 2944 619 2993 de
663 2944 951 3007 praeterito,
990 2943 1126 3008 quod
1168 2944 1308 2992 illum
1352 2943 1405 2992 in
1439 2944 1605 2994 sinum

548 3020 843 3070 meretricis
888 3020 1081 3070 viderit
1113 3035 1317 3070 manum
1358 3021 1606 3071 inserere.

549 3097 879 3161 Engrapkius.
1324 3120 1327 3125 ⁴

552 3185 563 3200 ²
613 3177 678 3223 43
713 3174 924 3238 Dedere]
969 3174 1053 3225 Sc.
1083 3174 1430 3225 occasionem
1480 3130 1605 3225 Fur-

547 3248 729 3299 stabius·

611 3329 678 3374 46
734 3326 865 3375 Nam
904 3326 1038 3390 jam]
1101 3325 1330 3377 Affectio
1386 3334 1466 3377 est
1514 3327 1609 3376 illa

526 3400 834 3462 irascentis,
857 3402 925 3451 de
946 3417 1051 3466 qua
1072 3417 1213 3466 saepe
1233 3403 1474 3453 diximus.
1530 3405 1606 3453 Ut

550 3476 687 3540 quod
710 3477 786 3551 ait
809 3478 1078 3541 Virgilius,
1104 3480 1236 3534 Quos
1270 3494 1373 3541 ego.
1407 3481 1603 3542 Eugra-

546 3553 716 3615 pbiuS.
1260 3590 1263 3591 ν
1539 3578 1542 3583 ·

613 3628 727 3675 Non
747 3632 802 3675 tu
818 3633 881 3685 „te
911 3629 1118 3693 cohibes]
1157 3628 1515 3692 Aposiopesis‚
1537 3644 1604 3680 ex

545 3702 626 3752 ira
647 3700 1043 3756 effervescente.
1080 3705 1379 3757 Farnobius.

608 3782 674 3828 47
715 3780 824 3829 Non
845 3795 933 3842 ego
958 3781 1048 3830 tibi
1078 3781 1300 3845 eaeempli]
1342 3779 1602 3844 Παράδειγ

542 3873 612 3916 μα
632 3863 730 3916 est,
771 3856 836 3905 ad
872 3857 1240 3908 deterrendum
1263 3859 1476 3909 dictum.
1501 3862 1603 3912 Eu-

539 3933 787 3996 graphius.

549 4042 559 4053 .
610 4010 724 4059 Non
745 4009 836 4059 tibi
856 4025 944 4073 ego
964 4013 1166 4076 exempli
1201 4012 1323 4062 satis
1350 4014 1477 4077 sum]
1515 4017 1599 4066 Ne

542 4098 615 4134 sc.
654 4086 927 4137 irascendo
965 4089 1175 4139 nimium
1204 4091 1601 4155 amoribusfilii,
1634 4133 1636 4136 ⁴

543 4162 732 4247 aliquid
779 4163 964 4225 facias,
995 4166 1129 4216 unde
1177 4167 1273 4216 tibi
1311 4168 1596 4226 cruciatum

542 4250 652 4299 ipse
676 4240 866 4301 parias.
931 4241 1079 4292 Sicut
1101 4242 1220 4294 mihi
1245 4241 1458 4295 accidit.
1486 4245 1597 4294 Βα-

1210 347 1470 399 -NOTAE
1523 351 1559 395 V
1574 347 1919 398 ARIORUM
1972 345 2050 395 ΙΝ

1692 493 1860 542 clerus.
2606 518 2610 521 ⁴
2689 505 2692 510 ·
2729 511 2733 524 ·

1757 571 1823 617 48
1859 567 1971 616 Non
2023 579 2125 614 sum
2157 565 2283 625 apud
2325 561 2421 625 me]
2471 561 2589 611 Non
2637 574 2742 608 sum

1694 644 1797 693 mei
1825 645 2059 705 compos.
2125 639 2225 688 Irae
2264 653 2338 687 sc.
2375 646 2517 688 notu
2544 637 2742 684 incales-

1695 723 1771 771 cit
1790 715 2539 780 cor,1nssammanturspiritus
2571 721 2625 764 et
2645 728 2748 763 san-

1695 797 1829 859 guis,
1862 810 2004 845 mens
2037 796 2102 844 de
2136 793 2347 844 cardine
2381 793 2602 843 tollitur.
2636 792 2747 841 Far-

1695 871 1883 922 nobius.
2445 889 2450 896 ·
2743 900 2749 908 .

1696 977 1713 987 ·
1758 954 1825 1000 49
1860 949 1926 998 Te
1958 949 2068 998 aliis
2102 947 2348 997 consilium
2379 945 2523 1008 dare]
2557 942 2749 1006 Euripi·

1695 1026 1830 1077 des.
1845 1024 2293 1096 Μισῶχσσφιστὴν,
2330 1023 2484 1073 ὅστις-
2491 1022 2602 1085 οὐχ’
2637 1022 2751 1082 αυτᾷ

1696 1104 1882 1166 σοφός.
1898 1105 2055 1154 Idem.
2103 1112 2140 1142 ·'·
2231 1129 2236 1136 =
2301 1117 2308 1138 ·-

1719 1187 1845 1232 50
1845 1182 2001 1231 Foris
2031 1192 2213 1243 sapere,
2244 1175 2353 1242 ξω]
2390 1135 2662 1226 Chremeti
2676 1188 2749 1223 re-

1696 1259 1832 1320 gerit
1867 1256 2211 1307 Menedemus
2248 1267 2344 1303 sua
2381 1251 2571 1316 ipsius
2569 1250 2753 1312 verba,

1695 1340 1751 1384 et
1771 1333 2036 1400 consilium
2060 1331 2112 1380 in
2135 1331 2308 1395 ipsum,
2329 1335 2625 1396 retorquet,
2645 1341 2750 1376 ,ιιοιι

1694 1415 1805 1465 sine
1829 1414 1991 1465 tacita
2003 1410 2317 1463 curiositatis
2334 1407 2752 1473 exprobratione.

1692 1488 1892 1545 Confer
1909 1497 2015 1541 act.
2037 1504 2076 1538 ι.
2099 1503 2172 1538 sc.
2194 1492 2243 1537 1.
2277 1485 2432 1536 Idem'.
2461 1505 2468 1530 ι
2547 1507 2558 1528 ·.
2604 1521 2624 1532 ,.

1699 1585 1720 1610 ι»
1756 1574 1821 1620 62
1847 1581 1854 1592 *
1878 1569 1982 1618 Fac
2025 1573 2073 1617 te
2111 1563 2320 1630 patrem]
2344 1599 2354 1610 .
2376 1562 2748 1613 Comoediarum

1691 1645 1809 1695 vice
1851 1658 2003 1694 versa
2041 1650 2165 1692 sunt
2208 1640 2424 1694 omnia..
2487 1640 2628 1690 Nam
2670 1638 2751 1687 ille

1692 1723 1780 1786 qui
1805 1719 2111 1785 >accipiebat
2141 1723 2263 1768 ante
2299 1715 2592 1773 consilium,
2621 1727 2750 1764 nunc

1692 1798 1821 1847 dare
1863 1797 2046 1861 coepit.
2101 1793 2492 1844 ⁴lliloreszenim
2536 1807 2632 1857 per
2672 1806 2751 1847 co·

1691 1873 1934 1923 moediam
1958 1870 2233 1936 expressit,
2252 1875 2309 1919 et
2340 1869 2526 1933 qualis
2540 1869 2752 1918 humans

1691 1950 1953 2006 hominum
2012 1948 2124 1997 vita
2172 1946 2493 1997 declaratur.
2565 1946 2750 2007 Eugra-

1686 2026 1847 2090 plu‘us.
1959 2059 1966 2065 -
2207 2047 2212 2054 ·
2691 2051 2698 2061 ‹

1757 2101 1861 2151 Fac
1881 2105 1930 2151 te
1950 2114 2047 2150 esse
2067 2106 2254 2163 patrem
2283 2097 2485 2161 sentiat]
2520 2065 2753 2161 Antiqua

1691 2177 2000 2240 collocatio,
2012 2177 2112 2227 Fac
2146 2182 2194 2226 te
2222 2180 2415 2239 putrem
2445 2189 2566 2225 esse.
2601 2172 2752 2222 Fae'r-

1691 2268 1807 2304 nus.

1697 2357 1704 2374 ⁴
1755 2330 1859 2380 Fac
1874 2334 1922 2378 te
1933 2334 2120 2396 patrem
2142 2343 2246 2379 esse
2264 2291 2472 2391 sentiat]
2490 2328 2652 2377 Totus
2675 2327 2752 2377 bic

1690 2405 1837 2466 locus
1857 2404 2049 2456 fabulae
2070 2405 2209 2455 vices
2230 2410 2555 2469 permutatas
2576 2420 2750 2468 χαρακ-

1687 2481 1902 2546 τηρίζει·
1890 2517 1903 2531 .
1942 2489 2000 2532 et
2033 2480 2375 2532 conferendus
2398 2487 2482 2531 est
2503 2496 2623 2531 cum
2645 2496 2756 2532 ora-

1689 2564 1836 2611 tione
1861 2561 2190 2625 Cniemetis,
2192 2566 2361 2610 ·.act.1
2386 2574 2460 2611 sc.
2480 2565 2532 2610 1.
2554 2575 2626 2611 vs.
2642 2564 2752 2610 101.

1688 2642 1788 2688 &c.
1822 2639 2084 2697 Boeclerus.

1752 2717 1817 2763 54
1852 2715 1933 2764 Ne
1964 2730 2103 2778 quom
2138 2713 2284 2762 aliam
2313 2716 2511 2776 quaerut
2551 2664 2752 2775 copiam]

1685 2789 1820 2840 Vide
1849 2790 2047 2854 Guyet.
2081 2791 2232 2840 Idem.
2317 2826 2320 2831 «

1697 2904 1706 2911 .
1750 2871 1824 2916 67-
1850 2868 1982 2917 Nam
2002 2868 2046 2916 si
2064 2866 2142 2916 iui
2158 2865 2378 2930 pergam]
2417 2864 2581 2919 Liber
2599 2866 2749 2914 Bem-

1685 2941 1837 2992 binns
1866 2959 2030 3007 pergo.
2095 2944 2181 2992 Ita
2200 2942 2384 2993 habuit
2405 2950 2461 2991 et
2496 2942 2749 2992 Victoria-

1683 3032 1806 3069 nus..
1833 3019 2070 3071 Faernus.

1749 3095 1881 3144 Nom
1901 3097 1946 3145 si
1977 3097 2054 3145 illi
2084 3111 2230 3160 pergo
2262 3095 2567 3158 suppeditans
2587 3063 2748 3145 sumti·

1683 3170 1788 3233 bus]
1811 3173 2080 3223 Plautus.
2098 3172 2488 3237 ‘Suppeditare
2506 3172 2735 3226 clamori.
2737 3169 2750 3191 '

1683 3250 1941 3301 Boeoleras.

1745 3331 1810 3377 58
1832 3326 1966 3375 Mam·
1982 3326 2104 3374 illaec
2125 3326 2259 3390 vere]
2299 3325 2421 3376 Vero
2443 3325 2584 3378 liber
2603 3327 2747 3375 Bem-

1681 3404 1850 3455 binus.
1888 3403 2121 3452 Faernus.

1694 3481 1829 3535 Aa
1867 3484 2047 3530 rastros
2085 3481 2189 3544 res]
2234 3478 2320 3528 Ad
2364 3485 2562 3530 rastros
2622 3494 2745 3539 sum,

1680 3572 1778 3607 non
1803 3557 2002 3619 dolore,
2020 3556 2112 3607 sed
2133 3562 2450 3621 paupertate
2467 3558 2741 3607 rediturus.

1680 3635 2008 3698 Eugroephius.
2137 3682 2140 3685 .

1693 3711 1823 3760 Ad
1857 3716 2039 3760 rastros
2064 3725 2156 3767 res
2204 3704 2355 3773 redit]
2398 3710 2642 3761 Allusum
2684 3708 2740 3760 ad

1680 3748 1874 3836 rastros
1910 3788 2231 3848 Menedemi,
2273 3794 2379 3838 act.
2409 3803 2449 3838 1.
2490 3803 2568 3838 sc.
2615 3794 2661 3838 1.

1678 3861 2036 3926 Emphatice·
2023 3898 2037 3912 .
2088 3862 2239 3911 mihi·
2268 3864 2409 3913 illaec
2457 3879 2586 3914 vere
2639 3878 2739 3928 prae

1674 3939 1850 4002 inopia
1887 3937 1953 3988 ad
1999 3946 2194 3988 rastros
2236 3953 2317 3987 res
2356 3939 2515 4003 redit,
2548 3955 2655 3993 non
2688 3944 2741 3989 ut

1678 4014 1776 4065 tibi
1817 4017 1970 4065 modo
2006 4016 2270 4066 obstinato
2310 4016 2512 4066 dolore.
2549 4018 2739 4081 .quue

1677 4094 2215 4156 proverbialiter,u1t;
2248 4097 2311 4144 od
2353 4095 2524 4145 restim
2562 4108 2736 4146 testre-

1674 4170 1791 4230 diit,
1812 4170 1891 4222 Ad
1930 4171 2101 4222 incitas
2137 4174 2358 4223 redactus
2387 4187 2510 4224 sunt.
2550 4175 2734 4224 Fama-

1677 4245 1807 4296 bins.
