<?xml version="1.0" encoding="UTF-8"?>
<!DOCTYPE html PUBLIC "-//W3C//DTD XHTML 1.0 Transitional//EN"
    "http://www.w3.org/TR/xhtml1/DTD/xhtml1-transitional.dtd">
<html xmlns="http://www.w3.org/1999/xhtml" xml:lang="en" lang="en">
 <head>
  <title>
</title>
<meta http-equiv="Content-Type" content="text/html;charset=utf-8" />
  <meta name='ocr-system' content='tesseract 3.04.00' />
  <meta name='ocr-capabilities' content='ocr_page ocr_carea ocr_par ocr_line ocrx_word'/>
</head>
<body>
  <div class='ocr_page' id='page_1' title='image "./comoedisexvolum00westgoog_0540.png"; bbox 0 0 3035 4941; ppageno 0'>
   <div class='ocr_carea' id='block_1_1' title="bbox 540 358 722 461">
    <p class='ocr_par' dir='ltr' id='par_1_1' title="bbox 540 358 722 461">
     <span class='ocr_line' id='line_1_1' title="bbox 540 358 722 461; baseline -0.016 0"><span class='ocrx_word' id='word_1_1' title='bbox 540 358 722 461; x_wconf 53' lang='lat'><strong>&#39;1572</strong></span> 
     </span>
    </p>
   </div>
   <div class='ocr_carea' id='block_1_2' title="bbox 538 552 1611 2010">
    <p class='ocr_par' dir='ltr' id='par_1_2' title="bbox 541 552 1611 1767">
     <span class='ocr_line' id='line_1_2' title="bbox 550 552 1608 620; baseline -0.003 -13"><span class='ocrx_word' id='word_1_2' title='bbox 550 553 762 607; x_wconf 77' lang='lat' dir='ltr'><strong>firmasti</strong></span> <span class='ocrx_word' id='word_1_3' title='bbox 802 555 977 617; x_wconf 82' lang='lat' dir='ltr'><strong>fidem,</strong></span> <span class='ocrx_word' id='word_1_4' title='bbox 1011 554 1068 605; x_wconf 85' lang='lat' dir='ltr'><strong>id</strong></span> <span class='ocrx_word' id='word_1_5' title='bbox 1105 557 1207 617; x_wconf 86' lang='lat' dir='ltr'><strong>est,</strong></span> <span class='ocrx_word' id='word_1_6' title='bbox 1244 552 1608 620; x_wconf 77' lang='lat' dir='ltr'><strong>probationem</strong></span> 
     </span>
     <span class='ocr_line' id='line_1_3' title="bbox 551 632 980 685; baseline 0.009 -4"><span class='ocrx_word' id='word_1_7' title='bbox 551 632 794 683; x_wconf 75' lang='lat' dir='ltr'><strong>attulisti.</strong></span> <span class='ocrx_word' id='word_1_8' title='bbox 830 634 980 685; x_wconf 73' lang='lat' dir='ltr'><strong>Ideni.</strong></span> 
     </span>
     <span class='ocr_line' id='line_1_4' title="bbox 550 710 1610 775; baseline -0.001 -15"><span class='ocrx_word' id='word_1_9' title='bbox 550 743 561 754; x_wconf 88' lang='lat'><em>-</em></span> <span class='ocrx_word' id='word_1_10' title='bbox 615 711 766 774; x_wconf 79' lang='lat' dir='ltr'><strong>Teque</strong></span> <span class='ocrx_word' id='word_1_11' title='bbox 798 717 911 762; x_wconf 77' lang='lat' dir='ltr'><strong>aute</strong></span> <span class='ocrx_word' id='word_1_12' title='bbox 929 727 1068 775; x_wconf 77' lang='lat' dir='ltr'><strong>quam</strong></span> <span class='ocrx_word' id='word_1_13' title='bbox 1098 727 1171 760; x_wconf 85' lang='lat' dir='ltr'><strong>me</strong></span> <span class='ocrx_word' id='word_1_14' title='bbox 1201 726 1359 760; x_wconf 70' lang='lat' dir='ltr'><strong>ame</strong></span> <span class='ocrx_word' id='word_1_15' title='bbox 1385 710 1540 771; x_wconf 80' lang='lat' dir='ltr'><strong>rebar,</strong></span> <span class='ocrx_word' id='word_1_16' title='bbox 1563 711 1610 759; x_wconf 82' lang='lat' dir='ltr'><strong>ei</strong></span> 
     </span>
     <span class='ocr_line' id='line_1_5' title="bbox 544 788 1611 856; baseline -0.001 -17"><span class='ocrx_word' id='word_1_17' title='bbox 544 788 1025 856; x_wconf 66' lang='lat' dir='ltr'><strong>rdfirmatifidemJ</strong></span> <span class='ocrx_word' id='word_1_18' title='bbox 1074 789 1430 840; x_wconf 84' lang='lat' dir='ltr'><strong>Obscuritatis</strong></span> <span class='ocrx_word' id='word_1_19' title='bbox 1452 803 1611 839; x_wconf 85' lang='lat' dir='ltr'><strong>causa</strong></span> 
     </span>
     <span class='ocr_line' id='line_1_6' title="bbox 543 866 1609 933; baseline -0.004 -15"><span class='ocrx_word' id='word_1_20' title='bbox 543 867 683 918; x_wconf 77' lang='lat' dir='ltr'><strong>hunc</strong></span> <span class='ocrx_word' id='word_1_21' title='bbox 708 883 907 918; x_wconf 74' lang='lat' dir='ltr'><strong>versum</strong></span> <span class='ocrx_word' id='word_1_22' title='bbox 930 867 1094 933; x_wconf 87' lang='lat' dir='ltr'><strong>ejecit</strong></span> <span class='ocrx_word' id='word_1_23' title='bbox 1114 868 1373 931; x_wconf 84' lang='lat' dir='ltr'><strong>Guyetus.</strong></span> <span class='ocrx_word' id='word_1_24' title='bbox 1430 866 1609 915; x_wconf 89' lang='lat' dir='ltr'><strong>Dona-</strong></span> 
     </span>
     <span class='ocr_line' id='line_1_7' title="bbox 545 944 1610 1012; baseline -0.002 -16"><span class='ocrx_word' id='word_1_25' title='bbox 545 951 632 996; x_wconf 76' lang='lat' dir='ltr'><strong>tus</strong></span> <span class='ocrx_word' id='word_1_26' title='bbox 662 947 738 996; x_wconf 90' lang='lat' dir='ltr'><strong>ita</strong></span> <span class='ocrx_word' id='word_1_27' title='bbox 755 946 990 1012; x_wconf 82' lang='lat' dir='ltr'><strong>expedit,</strong></span> <span class='ocrx_word' id='word_1_28' title='bbox 1010 953 1068 996; x_wconf 88' lang='lat' dir='ltr'><strong>ut</strong></span> <span class='ocrx_word' id='word_1_29' title='bbox 1090 945 1221 997; x_wconf 86' lang='lat' dir='ltr'><strong>dura</strong></span> <span class='ocrx_word' id='word_1_30' title='bbox 1243 952 1417 995; x_wconf 88' lang='lat' dir='ltr'><strong>tamen</strong></span> <span class='ocrx_word' id='word_1_31' title='bbox 1440 944 1610 995; x_wconf 85' lang='lat' dir='ltr'><strong>adhuc</strong></span> 
     </span>
     <span class='ocr_line' id='line_1_8' title="bbox 542 1020 1609 1084; baseline -0.002 -12"><span class='ocrx_word' id='word_1_32' title='bbox 542 1021 787 1073; x_wconf 80' lang='lat' dir='ltr'><strong>videatur</strong></span> <span class='ocrx_word' id='word_1_33' title='bbox 807 1023 1024 1084; x_wconf 87' lang='lat' dir='ltr'><strong>locutio,</strong></span> <span class='ocrx_word' id='word_1_34' title='bbox 1044 1036 1142 1072; x_wconf 88' lang='lat' dir='ltr'><strong>uec</strong></span> <span class='ocrx_word' id='word_1_35' title='bbox 1178 1020 1477 1071; x_wconf 87' lang='lat' dir='ltr'><strong>Terentiani</strong></span> <span class='ocrx_word' id='word_1_36' title='bbox 1500 1034 1609 1070; x_wconf 90' lang='lat' dir='ltr'><strong>mo-</strong></span> 
     </span>
     <span class='ocr_line' id='line_1_9' title="bbox 543 1096 1610 1163; baseline -0.004 -14"><span class='ocrx_word' id='word_1_37' title='bbox 543 1097 653 1149; x_wconf 80' lang='lat' dir='ltr'><strong>ris:</strong></span> <span class='ocrx_word' id='word_1_38' title='bbox 687 1105 743 1149; x_wconf 88' lang='lat' dir='ltr'><strong>et</strong></span> <span class='ocrx_word' id='word_1_39' title='bbox 762 1112 914 1163; x_wconf 87' lang='lat' dir='ltr'><strong>quam</strong></span> <span class='ocrx_word' id='word_1_40' title='bbox 935 1097 1097 1147; x_wconf 87' lang='lat' dir='ltr'><strong>amari</strong></span> <span class='ocrx_word' id='word_1_41' title='bbox 1118 1104 1202 1147; x_wconf 86' lang='lat' dir='ltr'><strong>me</strong></span> <span class='ocrx_word' id='word_1_42' title='bbox 1228 1096 1401 1160; x_wconf 83' lang='lat' dir='ltr'><strong>rebar,</strong></span> <span class='ocrx_word' id='word_1_43' title='bbox 1422 1097 1458 1147; x_wconf 88' lang='lat' dir='ltr'><strong>i.</strong></span> <span class='ocrx_word' id='word_1_44' title='bbox 1483 1102 1610 1148; x_wconf 89' lang='lat' dir='ltr'><strong>e..et</strong></span> 
     </span>
     <span class='ocr_line' id='line_1_10' title="bbox 545 1172 1610 1240; baseline -0.001 -16"><span class='ocrx_word' id='word_1_45' title='bbox 545 1173 688 1240; x_wconf 85' lang='lat' dir='ltr'><strong>qnod</strong></span> <span class='ocrx_word' id='word_1_46' title='bbox 730 1172 1111 1224; x_wconf 79' lang='lat' dir='ltr'><strong>existimabam.</strong></span> <span class='ocrx_word' id='word_1_47' title='bbox 1134 1172 1227 1223; x_wconf 85' lang='lat' dir='ltr'><strong>de.</strong></span> <span class='ocrx_word' id='word_1_48' title='bbox 1253 1180 1344 1223; x_wconf 91' lang='lat' dir='ltr'><strong>tuo</strong></span> <span class='ocrx_word' id='word_1_49' title='bbox 1394 1172 1610 1235; x_wconf 82' lang='lat' dir='ltr'><strong>affectu,</strong></span> 
     </span>
     <span class='ocr_line' id='line_1_11' title="bbox 544 1250 1609 1316; baseline 0 -15"><span class='ocrx_word' id='word_1_50' title='bbox 544 1265 699 1316; x_wconf 87' lang='lat' dir='ltr'><strong>quam</strong></span> <span class='ocrx_word' id='word_1_51' title='bbox 742 1266 825 1302; x_wconf 86' lang='lat' dir='ltr'><strong>me</strong></span> <span class='ocrx_word' id='word_1_52' title='bbox 855 1250 1066 1316; x_wconf 78' lang='lat' dir='ltr'>egregie</span> <span class='ocrx_word' id='word_1_53' title='bbox 1093 1264 1310 1313; x_wconf 84' lang='lat' dir='ltr'><strong>amares,</strong></span> <span class='ocrx_word' id='word_1_54' title='bbox 1339 1250 1388 1299; x_wconf 75' lang='lat' dir='ltr'><strong>ei</strong></span> <span class='ocrx_word' id='word_1_55' title='bbox 1417 1250 1492 1300; x_wconf 78' lang='lat' dir='ltr'><strong>rei</strong></span> <span class='ocrx_word' id='word_1_56' title='bbox 1507 1250 1609 1315; x_wconf 79' lang='lat' dir='ltr'><strong>fir-</strong></span> 
     </span>
     <span class='ocr_line' id='line_1_12' title="bbox 542 1327 1611 1395; baseline -0.002 -16"><span class='ocrx_word' id='word_1_57' title='bbox 542 1327 865 1395; x_wconf 69' lang='lat' dir='ltr'><strong>mastifidem.</strong></span> <span class='ocrx_word' id='word_1_58' title='bbox 887 1335 1121 1392; x_wconf 82' lang='lat' dir='ltr'><strong>etquam</strong></span> <span class='ocrx_word' id='word_1_59' title='bbox 1155 1334 1208 1377; x_wconf 90' lang='lat' dir='ltr'><strong>te</strong></span> <span class='ocrx_word' id='word_1_60' title='bbox 1225 1341 1398 1378; x_wconf 87' lang='lat' dir='ltr'><strong>amare</strong></span> <span class='ocrx_word' id='word_1_61' title='bbox 1424 1341 1513 1382; x_wconf 81' lang='lat' dir='ltr'><strong>me,</strong></span> <span class='ocrx_word' id='word_1_62' title='bbox 1532 1343 1611 1378; x_wconf 85' lang='lat' dir='ltr'><strong>re·</strong></span> 
     </span>
     <span class='ocr_line' id='line_1_13' title="bbox 542 1405 1608 1469; baseline -0.001 -11"><span class='ocrx_word' id='word_1_63' title='bbox 542 1405 658 1469; x_wconf 85' lang='lat' dir='ltr'><strong>bar,</strong></span> <span class='ocrx_word' id='word_1_64' title='bbox 701 1413 903 1458; x_wconf 89' lang='lat' dir='ltr'><strong>tautum</strong></span> <span class='ocrx_word' id='word_1_65' title='bbox 943 1407 1163 1458; x_wconf 82' lang='lat' dir='ltr'><strong>firmasti</strong></span> <span class='ocrx_word' id='word_1_66' title='bbox 1211 1406 1369 1458; x_wconf 86' lang='lat' dir='ltr'><strong>fidem</strong></span> <span class='ocrx_word' id='word_1_67' title='bbox 1407 1407 1458 1456; x_wconf 89' lang='lat' dir='ltr'><strong>ei</strong></span> <span class='ocrx_word' id='word_1_68' title='bbox 1511 1406 1608 1458; x_wconf 88' lang='lat' dir='ltr'><strong>rei.</strong></span> 
     </span>
     <span class='ocr_line' id='line_1_14' title="bbox 543 1481 1610 1550; baseline 0.001 -17"><span class='ocrx_word' id='word_1_69' title='bbox 543 1481 683 1533; x_wconf 84' lang='lat' dir='ltr'><strong>Nolo</strong></span> <span class='ocrx_word' id='word_1_70' title='bbox 716 1482 932 1548; x_wconf 80' lang='lat' dir='ltr'><strong>referre,</strong></span> <span class='ocrx_word' id='word_1_71' title='bbox 953 1499 1071 1550; x_wconf 78' lang='lat' dir='ltr'><strong>quae</strong></span> <span class='ocrx_word' id='word_1_72' title='bbox 1104 1484 1194 1534; x_wconf 86' lang='lat' dir='ltr'><strong>alii</strong></span> <span class='ocrx_word' id='word_1_73' title='bbox 1215 1484 1610 1535; x_wconf 80' lang='lat' dir='ltr'><strong>comminiscun-</strong></span> 
     </span>
     <span class='ocr_line' id='line_1_15' title="bbox 542 1560 1609 1628; baseline 0.005 -21"><span class='ocrx_word' id='word_1_74' title='bbox 542 1564 666 1615; x_wconf 76' lang='lat' dir='ltr'><strong>tur:</strong></span> <span class='ocrx_word' id='word_1_75' title='bbox 700 1573 803 1609; x_wconf 89' lang='lat' dir='ltr'><strong>uon</strong></span> <span class='ocrx_word' id='word_1_76' title='bbox 836 1560 937 1611; x_wconf 91' lang='lat' dir='ltr'><strong>alio</strong></span> <span class='ocrx_word' id='word_1_77' title='bbox 968 1568 1146 1611; x_wconf 84' lang='lat' dir='ltr'><strong>tamen</strong></span> <span class='ocrx_word' id='word_1_78' title='bbox 1169 1576 1430 1621; x_wconf 86' lang='lat' dir='ltr'><strong>successu,</strong></span> <span class='ocrx_word' id='word_1_79' title='bbox 1453 1577 1609 1628; x_wconf 87' lang='lat' dir='ltr'><strong>quam</strong></span> 
     </span>
     <span class='ocr_line' id='line_1_16' title="bbox 545 1637 1609 1704; baseline 0.006 -18"><span class='ocrx_word' id='word_1_80' title='bbox 545 1643 606 1686; x_wconf 90' lang='lat' dir='ltr'><strong>ut</strong></span> <span class='ocrx_word' id='word_1_81' title='bbox 650 1637 846 1690; x_wconf 76' lang='lat' dir='ltr'><strong>haereat</strong></span> <span class='ocrx_word' id='word_1_82' title='bbox 890 1640 1173 1704; x_wconf 84' lang='lat' dir='ltr'><strong>sententia,</strong></span> <span class='ocrx_word' id='word_1_83' title='bbox 1225 1647 1282 1690; x_wconf 90' lang='lat' dir='ltr'><strong>et</strong></span> <span class='ocrx_word' id='word_1_84' title='bbox 1325 1640 1507 1704; x_wconf 85' lang='lat' dir='ltr'><strong>dictio,</strong></span> <span class='ocrx_word' id='word_1_85' title='bbox 1552 1647 1609 1692; x_wconf 89' lang='lat' dir='ltr'><strong>et</strong></span> 
     </span>
     <span class='ocr_line' id='line_1_17' title="bbox 541 1717 1147 1767; baseline 0 -4"><span class='ocrx_word' id='word_1_86' title='bbox 541 1717 819 1766; x_wconf 84' lang='lat' dir='ltr'><strong>connexio.</strong></span> <span class='ocrx_word' id='word_1_87' title='bbox 850 1717 1113 1767; x_wconf 74' lang='lat' dir='ltr'><strong>Boeclerus.</strong></span> <span class='ocrx_word' id='word_1_88' title='bbox 1144 1760 1147 1763; x_wconf 88' lang='lat'><strong>.</strong></span> 
     </span>
    </p>

    <p class='ocr_par' dir='ltr' id='par_1_3' title="bbox 538 1789 1606 2010">
     <span class='ocr_line' id='line_1_18' title="bbox 582 1789 1604 1858; baseline 0.004 -19"><span class='ocrx_word' id='word_1_89' title='bbox 582 1789 678 1839; x_wconf 24' lang='grc' dir='ltr'><strong>Ἐἰ</strong></span> <span class='ocrx_word' id='word_1_90' title='bbox 712 1791 786 1840; x_wconf 78' lang='lat' dir='ltr'><strong>rei</strong></span> <span class='ocrx_word' id='word_1_91' title='bbox 808 1792 1029 1857; x_wconf 78' lang='lat' dir='ltr'><strong>firmasti</strong></span> <span class='ocrx_word' id='word_1_92' title='bbox 1050 1791 1228 1858; x_wconf 82' lang='lat' dir='ltr'><strong>fidem]</strong></span> <span class='ocrx_word' id='word_1_93' title='bbox 1279 1792 1384 1842; x_wconf 91' lang='lat' dir='ltr'><strong>Sed</strong></span> <span class='ocrx_word' id='word_1_94' title='bbox 1409 1806 1506 1843; x_wconf 88' lang='lat' dir='ltr'><strong>uec</strong></span> <span class='ocrx_word' id='word_1_95' title='bbox 1529 1793 1604 1843; x_wconf 86' lang='lat' dir='ltr'><strong>sic</strong></span> 
     </span>
     <span class='ocr_line' id='line_1_19' title="bbox 540 1863 1606 1931; baseline 0.003 -16"><span class='ocrx_word' id='word_1_96' title='bbox 540 1866 676 1916; x_wconf 83' lang='lat' dir='ltr'><strong>male</strong></span> <span class='ocrx_word' id='word_1_97' title='bbox 711 1865 950 1931; x_wconf 78' lang='lat' dir='ltr'><strong>fortasse,</strong></span> <span class='ocrx_word' id='word_1_98' title='bbox 1003 1875 1062 1920; x_wconf 91' lang='lat' dir='ltr'><strong>ut</strong></span> <span class='ocrx_word' id='word_1_99' title='bbox 1105 1863 1230 1918; x_wconf 81' lang='lat' dir='ltr'><strong>nihil</strong></span> <span class='ocrx_word' id='word_1_100' title='bbox 1268 1868 1440 1919; x_wconf 78' lang='lat' dir='ltr'><strong>desit:</strong></span> <span class='ocrx_word' id='word_1_101' title='bbox 1493 1869 1606 1919; x_wconf 90' lang='lat' dir='ltr'><strong>‘Et</strong></span> 
     </span>
     <span class='ocr_line' id='line_1_20' title="bbox 538 1941 1605 2010; baseline 0.002 -16"><span class='ocrx_word' id='word_1_102' title='bbox 538 1941 761 1994; x_wconf 81' lang='lat' dir='ltr'><strong>firmasti</strong></span> <span class='ocrx_word' id='word_1_103' title='bbox 783 1944 936 1994; x_wconf 82' lang='lat' dir='ltr'><strong>fidem</strong></span> <span class='ocrx_word' id='word_1_104' title='bbox 960 1945 1010 1994; x_wconf 90' lang='lat' dir='ltr'><strong>ei</strong></span> <span class='ocrx_word' id='word_1_105' title='bbox 1035 1945 1110 1994; x_wconf 89' lang='lat' dir='ltr'><strong>rei</strong></span> <span class='ocrx_word' id='word_1_106' title='bbox 1133 1960 1286 2010; x_wconf 87' lang='lat' dir='ltr'><strong>quam</strong></span> <span class='ocrx_word' id='word_1_107' title='bbox 1306 1953 1429 1995; x_wconf 84' lang='lat' dir='ltr'><strong>ante</strong></span> <span class='ocrx_word' id='word_1_108' title='bbox 1453 1946 1605 1996; x_wconf 85' lang='lat' dir='ltr'><strong>rebar</strong></span> 
     </span>
    </p>
   </div>
   <div class='ocr_carea' id='block_1_3' title="bbox 530 2023 1607 4389">
    <p class='ocr_par' dir='ltr' id='par_1_4' title="bbox 541 2023 1290 2077">
     <span class='ocr_line' id='line_1_21' title="bbox 541 2023 1290 2077; baseline 0.008 -6"><span class='ocrx_word' id='word_1_109' title='bbox 541 2027 598 2072; x_wconf 85' lang='lat' dir='ltr'><strong>te</strong></span> <span class='ocrx_word' id='word_1_110' title='bbox 621 2023 832 2074; x_wconf 85' lang='lat' dir='ltr'><strong>amare.’</strong></span> <span class='ocrx_word' id='word_1_111' title='bbox 866 2026 946 2075; x_wconf 83' lang='lat' dir='ltr'><strong>M.</strong></span> <span class='ocrx_word' id='word_1_112' title='bbox 972 2026 1290 2077; x_wconf 79' lang='lat' dir='ltr'><strong>Gasaubonus.</strong></span> 
     </span>
    </p>

    <p class='ocr_par' dir='ltr' id='par_1_5' title="bbox 538 2101 1607 2540">
     <span class='ocr_line' id='line_1_22' title="bbox 605 2101 1607 2168; baseline 0.008 -20"><span class='ocrx_word' id='word_1_113' title='bbox 605 2104 639 2148; x_wconf 81' lang='lat'><strong>6</strong></span> <span class='ocrx_word' id='word_1_114' title='bbox 672 2101 804 2150; x_wconf 86' lang='lat' dir='ltr'><strong>Nam</strong></span> <span class='ocrx_word' id='word_1_115' title='bbox 827 2101 948 2151; x_wconf 73' lang='lat' dir='ltr'><strong>mihi</strong></span> <span class='ocrx_word' id='word_1_116' title='bbox 969 2101 1100 2153; x_wconf 79' lang='lat' dir='ltr'><strong>intus</strong></span> <span class='ocrx_word' id='word_1_117' title='bbox 1123 2108 1233 2154; x_wconf 81' lang='lat' dir='ltr'><strong>tuus</strong></span> <span class='ocrx_word' id='word_1_118' title='bbox 1250 2102 1415 2168; x_wconf 82' lang='lat' dir='ltr'><strong>pater]</strong></span> <span class='ocrx_word' id='word_1_119' title='bbox 1449 2105 1607 2156; x_wconf 81' lang='lat' dir='ltr'><strong>Dixit</strong></span> 
     </span>
     <span class='ocr_line' id='line_1_23' title="bbox 539 2177 1605 2245; baseline 0.006 -19"><span class='ocrx_word' id='word_1_120' title='bbox 539 2177 678 2227; x_wconf 86' lang='lat' dir='ltr'><strong>euim</strong></span> <span class='ocrx_word' id='word_1_121' title='bbox 711 2192 888 2242; x_wconf 86' lang='lat' dir='ltr'><strong>supra,</strong></span> <span class='ocrx_word' id='word_1_122' title='bbox 920 2185 935 2207; x_wconf 87' lang='lat'>‘</span> <span class='ocrx_word' id='word_1_123' title='bbox 959 2177 1135 2245; x_wconf 82' lang='lat' dir='ltr'><strong>Atque</strong></span> <span class='ocrx_word' id='word_1_124' title='bbox 1159 2180 1212 2230; x_wconf 91' lang='lat' dir='ltr'><strong>in</strong></span> <span class='ocrx_word' id='word_1_125' title='bbox 1237 2195 1347 2231; x_wconf 87' lang='lat' dir='ltr'><strong>eam</strong></span> <span class='ocrx_word' id='word_1_126' title='bbox 1371 2182 1472 2231; x_wconf 89' lang='lat' dir='ltr'><strong>hoc</strong></span> <span class='ocrx_word' id='word_1_127' title='bbox 1494 2197 1605 2233; x_wconf 88' lang='lat' dir='ltr'><strong>om·</strong></span> 
     </span>
     <span class='ocr_line' id='line_1_24' title="bbox 539 2253 1604 2323; baseline 0.006 -20"><span class='ocrx_word' id='word_1_128' title='bbox 539 2267 608 2303; x_wconf 88' lang='lat' dir='ltr'><strong>ue</strong></span> <span class='ocrx_word' id='word_1_129' title='bbox 629 2253 765 2320; x_wconf 87' lang='lat' dir='ltr'><strong>quod</strong></span> <span class='ocrx_word' id='word_1_130' title='bbox 786 2255 910 2305; x_wconf 87' lang='lat' dir='ltr'><strong>mihi</strong></span> <span class='ocrx_word' id='word_1_131' title='bbox 935 2269 1073 2319; x_wconf 79' lang='lat' dir='ltr'><strong>aegre</strong></span> <span class='ocrx_word' id='word_1_132' title='bbox 1097 2262 1196 2320; x_wconf 87' lang='lat' dir='ltr'><strong>est,</strong></span> <span class='ocrx_word' id='word_1_133' title='bbox 1213 2257 1483 2321; x_wconf 61' lang='lat' dir='ltr'><strong>evomamss</strong></span> <span class='ocrx_word' id='word_1_134' title='bbox 1513 2273 1604 2323; x_wconf 85' lang='lat' dir='ltr'><strong>po·</strong></span> 
     </span>
     <span class='ocr_line' id='line_1_25' title="bbox 542 2333 1605 2403; baseline 0.006 -20"><span class='ocrx_word' id='word_1_135' title='bbox 542 2333 645 2384; x_wconf 87' lang='lat' dir='ltr'><strong>tuit</strong></span> <span class='ocrx_word' id='word_1_136' title='bbox 677 2334 817 2385; x_wconf 89' lang='lat' dir='ltr'><strong>enim</strong></span> <span class='ocrx_word' id='word_1_137' title='bbox 855 2336 1142 2387; x_wconf 82' lang='lat' dir='ltr'><strong>evomendo</strong></span> <span class='ocrx_word' id='word_1_138' title='bbox 1175 2352 1432 2402; x_wconf 82' lang='lat' dir='ltr'><strong>narrasse,</strong></span> <span class='ocrx_word' id='word_1_139' title='bbox 1466 2340 1605 2403; x_wconf 84' lang='lat' dir='ltr'><strong>quod</strong></span> 
     </span>
     <span class='ocr_line' id='line_1_26' title="bbox 538 2411 1606 2480; baseline 0.006 -20"><span class='ocrx_word' id='word_1_140' title='bbox 538 2418 759 2462; x_wconf 86' lang='lat' dir='ltr'><strong>matrem</strong></span> <span class='ocrx_word' id='word_1_141' title='bbox 813 2411 947 2463; x_wconf 82' lang='lat' dir='ltr'><strong>filius</strong></span> <span class='ocrx_word' id='word_1_142' title='bbox 1007 2415 1379 2480; x_wconf 73' lang='lat' dir='ltr'><strong>praeposuisset</strong></span> <span class='ocrx_word' id='word_1_143' title='bbox 1433 2416 1606 2466; x_wconf 86' lang='lat' dir='ltr'><strong>uxori.</strong></span> 
     </span>
     <span class='ocr_line' id='line_1_27' title="bbox 541 2489 782 2540; baseline 0.004 -1"><span class='ocrx_word' id='word_1_144' title='bbox 541 2489 782 2540; x_wconf 72' lang='lat' dir='ltr'><strong>Donatus.</strong></span> 
     </span>
    </p>

    <p class='ocr_par' dir='ltr' id='par_1_6' title="bbox 542 2565 1605 2703">
     <span class='ocr_line' id='line_1_28' title="bbox 610 2565 1605 2635; baseline 0.007 -20"><span class='ocrx_word' id='word_1_145' title='bbox 610 2565 738 2615; x_wconf 71' lang='lat' dir='ltr'><strong>Tum</strong></span> <span class='ocrx_word' id='word_1_146' title='bbox 767 2567 929 2631; x_wconf 81' lang='lat' dir='ltr'><strong>pater]</strong></span> <span class='ocrx_word' id='word_1_147' title='bbox 963 2568 1307 2635; x_wconf 87' lang='lat' dir='ltr'><strong>Familiarius,</strong></span> <span class='ocrx_word' id='word_1_148' title='bbox 1340 2585 1493 2635; x_wconf 87' lang='lat' dir='ltr'><strong>quam</strong></span> <span class='ocrx_word' id='word_1_149' title='bbox 1529 2571 1605 2623; x_wconf 90' lang='lat' dir='ltr'><strong>di-</strong></span> 
     </span>
     <span class='ocr_line' id='line_1_29' title="bbox 542 2644 1126 2703; baseline 0.009 -12"><span class='ocrx_word' id='word_1_150' title='bbox 542 2649 706 2702; x_wconf 81' lang='lat' dir='ltr'><strong>ceret,</strong></span> <span class='ocrx_word' id='word_1_151' title='bbox 724 2644 928 2703; x_wconf 71' lang='lat' dir='ltr'><strong>Laches.</strong></span> <span class='ocrx_word' id='word_1_152' title='bbox 958 2645 1126 2702; x_wconf 83' lang='lat' dir='ltr'>Idem.</span> 
     </span>
    </p>

    <p class='ocr_par' dir='ltr' id='par_1_7' title="bbox 530 2719 1604 2922">
     <span class='ocr_line' id='line_1_30' title="bbox 550 2719 1604 2789; baseline 0.01 -23.019"><span class='ocrx_word' id='word_1_153' title='bbox 550 2747 561 2764; x_wconf 61' lang='lat' dir='ltr'><strong><em>f</em></strong></span> <span class='ocrx_word' id='word_1_154' title='bbox 603 2721 635 2766; x_wconf 82' lang='grc'><strong>7</strong></span> <span class='ocrx_word' id='word_1_155' title='bbox 659 2719 977 2783; x_wconf 60' lang='lat' dir='ltr'><strong>Praepositam</strong></span> <span class='ocrx_word' id='word_1_156' title='bbox 995 2722 1148 2772; x_wconf 77' lang='lat' dir='ltr'><strong>amori</strong></span> <span class='ocrx_word' id='word_1_157' title='bbox 1168 2723 1272 2788; x_wconf 76' lang='lat' dir='ltr'><strong>tuo]</strong></span> <span class='ocrx_word' id='word_1_158' title='bbox 1297 2725 1426 2775; x_wconf 89' lang='lat' dir='ltr'><strong>Plus</strong></span> <span class='ocrx_word' id='word_1_159' title='bbox 1449 2725 1604 2789; x_wconf 83' lang='lat' dir='ltr'><strong>dixit,</strong></span> 
     </span>
     <span class='ocr_line' id='line_1_31' title="bbox 530 2795 1598 2862; baseline 0.011 -20"><span class='ocrx_word' id='word_1_160' title='bbox 530 2795 691 2862; x_wconf 34' lang='lat' dir='ltr'><strong>‚aitiori</strong></span> <span class='ocrx_word' id='word_1_161' title='bbox 713 2801 813 2860; x_wconf 78' lang='lat' dir='ltr'><strong>tuo,</strong></span> <span class='ocrx_word' id='word_1_162' title='bbox 829 2812 984 2862; x_wconf 86' lang='lat' dir='ltr'><strong>quam</strong></span> <span class='ocrx_word' id='word_1_163' title='bbox 1007 2798 1052 2849; x_wconf 84' lang='lat' dir='ltr'><strong>si</strong></span> <span class='ocrx_word' id='word_1_164' title='bbox 1072 2800 1218 2849; x_wconf 77' lang='lat' dir='ltr'><strong>uxori</strong></span> <span class='ocrx_word' id='word_1_165' title='bbox 1252 2805 1348 2851; x_wconf 64' lang='lat' dir='ltr'><strong>ttae</strong></span> <span class='ocrx_word' id='word_1_166' title='bbox 1374 2803 1598 2855; x_wconf 84' lang='lat' dir='ltr'><strong>diceret.</strong></span> 
     </span>
     <span class='ocr_line' id='line_1_32' title="bbox 540 2870 695 2928; baseline 0.007 -6"><span class='ocrx_word' id='word_1_167' title='bbox 540 2870 695 2928; x_wconf 80' lang='lat' dir='ltr'><strong>Idem.</strong></span> 
     </span>
    </p>

    <p class='ocr_par' dir='ltr' id='par_1_8' title="bbox 534 2950 1601 3233">
     <span class='ocr_line' id='line_1_33' title="bbox 605 2950 1601 3019; baseline 0.008 -20"><span class='ocrx_word' id='word_1_168' title='bbox 605 2953 638 2999; x_wconf 89' lang='lat'>8</span> <span class='ocrx_word' id='word_1_169' title='bbox 683 2950 752 2999; x_wconf 81' lang='lat' dir='ltr'><strong>Ut</strong></span> <span class='ocrx_word' id='word_1_170' title='bbox 783 2952 910 3015; x_wconf 82' lang='lat' dir='ltr'><strong>apud</strong></span> <span class='ocrx_word' id='word_1_171' title='bbox 925 2967 997 3002; x_wconf 85' lang='lat' dir='ltr'><strong>me</strong></span> <span class='ocrx_word' id='word_1_172' title='bbox 1014 2954 1266 3016; x_wconf 72' lang='lat' dir='ltr'><strong>premium</strong></span> <span class='ocrx_word' id='word_1_173' title='bbox 1281 2968 1381 3004; x_wconf 80' lang='lat' dir='ltr'><strong>esse</strong></span> <span class='ocrx_word' id='word_1_174' title='bbox 1393 2957 1601 3019; x_wconf 82' lang='lat' dir='ltr'><strong>positum</strong></span> 
     </span>
     <span class='ocr_line' id='line_1_34' title="bbox 534 3026 1600 3095; baseline 0.008 -20"><span class='ocrx_word' id='word_1_175' title='bbox 534 3026 733 3089; x_wconf 76' lang='lat' dir='ltr'><strong>pietatis</strong></span> <span class='ocrx_word' id='word_1_176' title='bbox 753 3027 900 3091; x_wconf 84' lang='lat' dir='ltr'><strong>scias]</strong></span> <span class='ocrx_word' id='word_1_177' title='bbox 921 3029 1151 3079; x_wconf 79' lang='lat' dir='ltr'><strong>Laborat</strong></span> <span class='ocrx_word' id='word_1_178' title='bbox 1165 3030 1368 3094; x_wconf 85' lang='lat' dir='ltr'><strong>mulier,</strong></span> <span class='ocrx_word' id='word_1_179' title='bbox 1384 3045 1450 3081; x_wconf 88' lang='lat' dir='ltr'><strong>ne</strong></span> <span class='ocrx_word' id='word_1_180' title='bbox 1461 3032 1600 3095; x_wconf 74' lang='lat' dir='ltr'><strong>quod</strong></span> 
     </span>
     <span class='ocr_line' id='line_1_35' title="bbox 537 3101 1601 3170; baseline 0.01 -21"><span class='ocrx_word' id='word_1_181' title='bbox 537 3101 745 3152; x_wconf 86' lang='lat' dir='ltr'><strong>dictura</strong></span> <span class='ocrx_word' id='word_1_182' title='bbox 758 3111 860 3166; x_wconf 83' lang='lat' dir='ltr'><strong>est,</strong></span> <span class='ocrx_word' id='word_1_183' title='bbox 873 3104 1012 3165; x_wconf 87' lang='lat' dir='ltr'><strong>odio,</strong></span> <span class='ocrx_word' id='word_1_184' title='bbox 1031 3113 1127 3158; x_wconf 87' lang='lat' dir='ltr'><strong>aut</strong></span> <span class='ocrx_word' id='word_1_185' title='bbox 1138 3106 1335 3170; x_wconf 82' lang='lat' dir='ltr'><strong>dolore,</strong></span> <span class='ocrx_word' id='word_1_186' title='bbox 1347 3114 1436 3158; x_wconf 89' lang='lat' dir='ltr'><strong>aut</strong></span> <span class='ocrx_word' id='word_1_187' title='bbox 1454 3117 1601 3159; x_wconf 83' lang='lat' dir='ltr'><strong>certe</strong></span> 
     </span>
     <span class='ocr_line' id='line_1_36' title="bbox 536 3176 1281 3240; baseline 0.011 -15"><span class='ocrx_word' id='word_1_188' title='bbox 536 3176 616 3227; x_wconf 89' lang='lat' dir='ltr'><strong>ira</strong></span> <span class='ocrx_word' id='word_1_189' title='bbox 638 3176 814 3229; x_wconf 83' lang='lat' dir='ltr'><strong>facere</strong></span> <span class='ocrx_word' id='word_1_190' title='bbox 838 3180 1103 3232; x_wconf 81' lang='lat' dir='ltr'><strong>videatur.</strong></span> <span class='ocrx_word' id='word_1_191' title='bbox 1127 3182 1281 3240; x_wconf 82' lang='lat' dir='ltr'><strong><em>Idem.</em></strong></span> 
     </span>
    </p>

    <p class='ocr_par' dir='ltr' id='par_1_9' title="bbox 534 3237 1601 3472">
     <span class='ocr_line' id='line_1_37' title="bbox 599 3237 1600 3324; baseline 0.009 -21"><span class='ocrx_word' id='word_1_192' title='bbox 599 3254 866 3304; x_wconf 80' lang='lat' dir='ltr'><strong>Proemium</strong></span> <span class='ocrx_word' id='word_1_193' title='bbox 903 3272 1021 3307; x_wconf 83' lang='lat' dir='ltr'><strong>esse</strong></span> <span class='ocrx_word' id='word_1_194' title='bbox 1035 3237 1241 3321; x_wconf 70' lang='lat' dir='ltr'><strong>positum</strong></span> <span class='ocrx_word' id='word_1_195' title='bbox 1258 3260 1489 3324; x_wconf 74' lang='lat' dir='ltr'><strong>pietatis]</strong></span> <span class='ocrx_word' id='word_1_196' title='bbox 1509 3261 1600 3313; x_wconf 87' lang='lat' dir='ltr'><strong>Sic</strong></span> 
     </span>
     <span class='ocr_line' id='line_1_38' title="bbox 534 3329 1601 3401; baseline 0.01 -23"><span class='ocrx_word' id='word_1_197' title='bbox 534 3329 805 3396; x_wconf 76' lang='lat' dir='ltr'><strong>Virgilius,</strong></span> <span class='ocrx_word' id='word_1_198' title='bbox 830 3383 831 3386; x_wconf 64' lang='grc'>,</span> <span class='ocrx_word' id='word_1_199' title='bbox 851 3332 990 3392; x_wconf 87' lang='lat' dir='ltr'><strong>‘Hic</strong></span> <span class='ocrx_word' id='word_1_200' title='bbox 1034 3335 1245 3397; x_wconf 88' lang='lat' dir='ltr'><strong>pietatis</strong></span> <span class='ocrx_word' id='word_1_201' title='bbox 1269 3337 1454 3401; x_wconf 83' lang='lat' dir='ltr'><strong>honos,</strong></span> <span class='ocrx_word' id='word_1_202' title='bbox 1475 3346 1601 3389; x_wconf 90' lang='lat' dir='ltr'><strong>sunt</strong></span> 
     </span>
     <span class='ocr_line' id='line_1_39' title="bbox 534 3405 1338 3472; baseline 0.01 -17"><span class='ocrx_word' id='word_1_203' title='bbox 534 3405 617 3457; x_wconf 88' lang='lat' dir='ltr'><strong>hic</strong></span> <span class='ocrx_word' id='word_1_204' title='bbox 632 3422 726 3457; x_wconf 86' lang='lat' dir='ltr'><strong>sua</strong></span> <span class='ocrx_word' id='word_1_205' title='bbox 745 3409 956 3471; x_wconf 81' lang='lat' dir='ltr'><strong>praemia</strong></span> <span class='ocrx_word' id='word_1_206' title='bbox 976 3410 1153 3469; x_wconf 65' lang='lat' dir='ltr'><strong>laudi)</strong></span> <span class='ocrx_word' id='word_1_207' title='bbox 1168 3435 1169 3438; x_wconf 38' lang='lat'>¹</span> <span class='ocrx_word' id='word_1_208' title='bbox 1187 3413 1338 3472; x_wconf 81' lang='lat' dir='ltr'><strong>Idem.</strong></span> 
     </span>
    </p>

    <p class='ocr_par' dir='ltr' id='par_1_10' title="bbox 533 3487 1600 3919">
     <span class='ocr_line' id='line_1_40' title="bbox 599 3487 1598 3551; baseline 0.007 -17"><span class='ocrx_word' id='word_1_209' title='bbox 599 3489 633 3534; x_wconf 87' lang='grc'>9</span> <span class='ocrx_word' id='word_1_210' title='bbox 667 3487 749 3546; x_wconf 61' lang='lat' dir='ltr'><strong>Mi</strong></span> <span class='ocrx_word' id='word_1_211' title='bbox 764 3487 1031 3550; x_wconf 75' lang='lat' dir='ltr'><strong><em>Pamphile,</em></strong></span> <span class='ocrx_word' id='word_1_212' title='bbox 1060 3488 1146 3539; x_wconf 69' lang='lat'><strong>110⁶</strong></span> <span class='ocrx_word' id='word_1_213' title='bbox 1176 3495 1225 3538; x_wconf 87' lang='lat' dir='ltr'><strong>et</strong></span> <span class='ocrx_word' id='word_1_214' title='bbox 1245 3490 1392 3551; x_wconf 76' lang='lat' dir='ltr'><strong>vobis,</strong></span> <span class='ocrx_word' id='word_1_215' title='bbox 1414 3496 1463 3540; x_wconf 83' lang='lat' dir='ltr'><strong>et</strong></span> <span class='ocrx_word' id='word_1_216' title='bbox 1481 3506 1598 3541; x_wconf 76' lang='lat' dir='ltr'><strong>meae</strong></span> 
     </span>
     <span class='ocr_line' id='line_1_41' title="bbox 533 3564 1598 3628; baseline 0.004 -16"><span class='ocrx_word' id='word_1_217' title='bbox 533 3564 844 3628; x_wconf 72' lang='lat' dir='ltr'><strong>commodam]</strong></span> <span class='ocrx_word' id='word_1_218' title='bbox 859 3565 1001 3624; x_wconf 77' lang='lat' dir='ltr'><strong>Rem</strong></span> <span class='ocrx_word' id='word_1_219' title='bbox 1027 3564 1209 3616; x_wconf 91' lang='lat' dir='ltr'><strong>duram</strong></span> <span class='ocrx_word' id='word_1_220' title='bbox 1233 3566 1457 3628; x_wconf 88' lang='lat' dir='ltr'><strong>dictura,</strong></span> <span class='ocrx_word' id='word_1_221' title='bbox 1470 3568 1598 3626; x_wconf 49' lang='lat' dir='ltr'><strong>,vide</strong></span> 
     </span>
     <span class='ocr_line' id='line_1_42' title="bbox 536 3639 1600 3710; baseline 0.007 -23"><span class='ocrx_word' id='word_1_222' title='bbox 536 3639 741 3703; x_wconf 86' lang='lat' dir='ltr'><strong>quantis</strong></span> <span class='ocrx_word' id='word_1_223' title='bbox 765 3641 1141 3704; x_wconf 81' lang='lat' dir='ltr'><strong>praeblanditur</strong></span> <span class='ocrx_word' id='word_1_224' title='bbox 1164 3643 1356 3705; x_wconf 85' lang='lat' dir='ltr'><strong>verbis,</strong></span> <span class='ocrx_word' id='word_1_225' title='bbox 1388 3657 1600 3710; x_wconf 86' lang='lat' dir='ltr'><strong>remque</strong></span> 
     </span>
     <span class='ocr_line' id='line_1_43' title="bbox 535 3717 1595 3780; baseline 0.008 -17"><span class='ocrx_word' id='word_1_226' title='bbox 535 3717 861 3780; x_wconf 80' lang='lat' dir='ltr'><strong>praemoliiat‚</strong></span> <span class='ocrx_word' id='word_1_227' title='bbox 906 3720 922 3746; x_wconf 92' lang='lat'>‘</span> <span class='ocrx_word' id='word_1_228' title='bbox 946 3719 1098 3778; x_wconf 87' lang='lat' dir='ltr'><strong>Nunc</strong></span> <span class='ocrx_word' id='word_1_229' title='bbox 1142 3718 1237 3768; x_wconf 87' lang='lat' dir='ltr'><strong>tibi</strong></span> <span class='ocrx_word' id='word_1_230' title='bbox 1275 3734 1357 3769; x_wconf 89' lang='lat' dir='ltr'><strong>me</strong></span> <span class='ocrx_word' id='word_1_231' title='bbox 1396 3729 1595 3772; x_wconf 87' lang='lat' dir='ltr'><strong>certum</strong></span> 
     </span>
     <span class='ocr_line' id='line_1_44' title="bbox 535 3794 1596 3857; baseline 0.009 -18"><span class='ocrx_word' id='word_1_232' title='bbox 535 3798 616 3841; x_wconf 86' lang='lat' dir='ltr'><strong>est</strong></span> <span class='ocrx_word' id='word_1_233' title='bbox 670 3802 851 3843; x_wconf 86' lang='lat' dir='ltr'><strong>contra</strong></span> <span class='ocrx_word' id='word_1_234' title='bbox 893 3794 1134 3857; x_wconf 79' lang='lat' dir='ltr'><strong>gratiam.</strong></span> <span class='ocrx_word' id='word_1_235' title='bbox 1137 3794 1151 3816; x_wconf 89' lang='lat'>’</span> <span class='ocrx_word' id='word_1_236' title='bbox 1233 3796 1420 3847; x_wconf 71' lang='lat' dir='ltr'><strong>Contra</strong></span> <span class='ocrx_word' id='word_1_237' title='bbox 1457 3812 1596 3850; x_wconf 89' lang='lat' dir='ltr'><strong>nunc</strong></span> 
     </span>
     <span class='ocr_line' id='line_1_45' title="bbox 533 3868 960 3919; baseline 0.005 -2"><span class='ocrx_word' id='word_1_238' title='bbox 533 3868 775 3919; x_wconf 81' lang='lat' dir='ltr'><strong>vicissim.</strong></span> <span class='ocrx_word' id='word_1_239' title='bbox 812 3869 960 3919; x_wconf 86' lang='lat' dir='ltr'><strong>Idem.</strong></span> 
     </span>
    </p>

    <p class='ocr_par' dir='ltr' id='par_1_11' title="bbox 534 3946 1594 4073">
     <span class='ocr_line' id='line_1_46' title="bbox 599 3946 1594 4014; baseline 0.011 -21"><span class='ocrx_word' id='word_1_240' title='bbox 599 3946 671 3994; x_wconf 80' lang='lat' dir='ltr'><strong>Et</strong></span> <span class='ocrx_word' id='word_1_241' title='bbox 711 3961 827 3996; x_wconf 82' lang='lat' dir='ltr'><strong>meae</strong></span> <span class='ocrx_word' id='word_1_242' title='bbox 863 3949 1150 3998; x_wconf 82' lang='lat' dir='ltr'><strong>commodum</strong></span> <span class='ocrx_word' id='word_1_243' title='bbox 1179 3950 1358 4014; x_wconf 85' lang='lat' dir='ltr'><strong>famoe]</strong></span> <span class='ocrx_word' id='word_1_244' title='bbox 1392 3951 1479 4002; x_wconf 89' lang='lat' dir='ltr'><strong>Ab</strong></span> <span class='ocrx_word' id='word_1_245' title='bbox 1501 3954 1594 4012; x_wconf 86' lang='lat' dir='ltr'><strong>ho·</strong></span> 
     </span>
     <span class='ocr_line' id='line_1_47' title="bbox 534 4023 891 4073; baseline 0.015 -5"><span class='ocrx_word' id='word_1_246' title='bbox 534 4027 707 4071; x_wconf 84' lang='lat' dir='ltr'><strong>nesto.</strong></span> <span class='ocrx_word' id='word_1_247' title='bbox 740 4023 891 4073; x_wconf 83' lang='lat' dir='ltr'><strong>Idem.</strong></span> 
     </span>
    </p>

    <p class='ocr_par' dir='ltr' id='par_1_12' title="bbox 532 4098 1595 4389">
     <span class='ocr_line' id='line_1_48' title="bbox 568 4098 1595 4174; baseline 0.012 -27.349"><span class='ocrx_word' id='word_1_248' title='bbox 568 4098 681 4148; x_wconf 77' lang='lat' dir='ltr'><strong>Mi</strong></span> <span class='ocrx_word' id='word_1_249' title='bbox 702 4100 979 4164; x_wconf 80' lang='lat' dir='ltr'><strong><em>Pamphile,</em></strong></span> <span class='ocrx_word' id='word_1_250' title='bbox 1004 4102 1089 4151; x_wconf 76' lang='lat' dir='ltr'><strong>hoc</strong></span> <span class='ocrx_word' id='word_1_251' title='bbox 1122 4110 1172 4153; x_wconf 85' lang='lat' dir='ltr'><strong>et</strong></span> <span class='ocrx_word' id='word_1_252' title='bbox 1207 4105 1339 4156; x_wconf 76' lang='lat' dir='ltr'><strong>vobis</strong></span> <span class='ocrx_word' id='word_1_253' title='bbox 1370 4113 1421 4156; x_wconf 74' lang='lat' dir='ltr'><strong>et</strong></span> <span class='ocrx_word' id='word_1_254' title='bbox 1456 4111 1595 4174; x_wconf 83' lang='lat' dir='ltr'><strong>meoe]</strong></span> 
     </span>
     <span class='ocr_line' id='line_1_49' title="bbox 533 4174 1594 4249; baseline 0.013 -27"><span class='ocrx_word' id='word_1_255' title='bbox 533 4174 859 4238; x_wconf 86' lang='lat' dir='ltr'><strong>Principium</strong></span> <span class='ocrx_word' id='word_1_256' title='bbox 882 4179 978 4227; x_wconf 86' lang='lat' dir='ltr'><strong>hoc</strong></span> <span class='ocrx_word' id='word_1_257' title='bbox 997 4180 1192 4245; x_wconf 80' lang='lat' dir='ltr'><strong>aliquid</strong></span> <span class='ocrx_word' id='word_1_258' title='bbox 1214 4190 1295 4232; x_wconf 81' lang='lat' dir='ltr'><strong>est</strong></span> <span class='ocrx_word' id='word_1_259' title='bbox 1327 4186 1594 4249; x_wconf 78' lang='lat' dir='ltr'><strong>precantis</strong></span> 
     </span>
     <span class='ocr_line' id='line_1_50' title="bbox 532 4249 1592 4324; baseline 0.013 -27"><span class='ocrx_word' id='word_1_260' title='bbox 532 4249 771 4312; x_wconf 76' lang='lat' dir='ltr'><strong>foeminae.</strong></span> <span class='ocrx_word' id='word_1_261' title='bbox 817 4252 886 4302; x_wconf 66' lang='grc' dir='ltr'><strong>«Α</strong></span> <span class='ocrx_word' id='word_1_262' title='bbox 911 4254 1260 4308; x_wconf 83' lang='lat' dir='ltr'><strong>blandimento</strong></span> <span class='ocrx_word' id='word_1_263' title='bbox 1298 4275 1421 4324; x_wconf 86' lang='lat' dir='ltr'><strong>ergo</strong></span> <span class='ocrx_word' id='word_1_264' title='bbox 1463 4262 1592 4313; x_wconf 86' lang='lat' dir='ltr'><strong>iuci-</strong></span> 
     </span>
     <span class='ocr_line' id='line_1_51' title="bbox 534 4325 1353 4389; baseline 0.017 -15"><span class='ocrx_word' id='word_1_265' title='bbox 534 4325 633 4389; x_wconf 78' lang='lat' dir='ltr'><strong>pit,</strong></span> <span class='ocrx_word' id='word_1_266' title='bbox 656 4336 711 4382; x_wconf 83' lang='lat' dir='ltr'><strong>ut</strong></span> <span class='ocrx_word' id='word_1_267' title='bbox 737 4329 953 4381; x_wconf 82' lang='lat' dir='ltr'><strong>libenter</strong></span> <span class='ocrx_word' id='word_1_268' title='bbox 975 4333 1167 4387; x_wconf 85' lang='lat' dir='ltr'><strong>audiat.</strong></span> <span class='ocrx_word' id='word_1_269' title='bbox 1202 4335 1353 4388; x_wconf 73' lang='lat' dir='ltr'><strong>laem.</strong></span> 
     </span>
    </p>
   </div>
   <div class='ocr_carea' id='block_1_4' title="bbox 1254 366 2053 458">
    <p class='ocr_par' dir='ltr' id='par_1_13' title="bbox 1254 366 2053 458">
     <span class='ocr_line' id='line_1_52' title="bbox 1254 366 2053 458; baseline 0 -2"><span class='ocrx_word' id='word_1_270' title='bbox 1254 407 1469 457; x_wconf 76' lang='lat' dir='ltr'><strong>No&#39;rAE</strong></span> <span class='ocrx_word' id='word_1_271' title='bbox 1522 366 1922 458; x_wconf 75' lang='lat' dir='ltr'><strong>VAmomJtu</strong></span> <span class='ocrx_word' id='word_1_272' title='bbox 1971 407 2053 456; x_wconf 81' lang='lat' dir='ltr'><strong>IN</strong></span> 
     </span>
    </p>
   </div>
   <div class='ocr_carea' id='block_1_5' title="bbox 1671 553 2764 4411">
    <p class='ocr_par' dir='ltr' id='par_1_14' title="bbox 1687 553 2759 780">
     <span class='ocr_line' id='line_1_53' title="bbox 1703 553 2756 618; baseline -0.001 -15"><span class='ocrx_word' id='word_1_273' title='bbox 1703 576 1711 587; x_wconf 70' lang='lat'>¹</span> <span class='ocrx_word' id='word_1_274' title='bbox 1754 557 1817 605; x_wconf 83' lang='lat'><strong>1⁰</strong></span> <span class='ocrx_word' id='word_1_275' title='bbox 1854 555 1960 618; x_wconf 79' lang='lat' dir='ltr'><strong>Ego</strong></span> <span class='ocrx_word' id='word_1_276' title='bbox 1981 569 2065 604; x_wconf 78' lang='lat' dir='ltr'><strong>rus</strong></span> <span class='ocrx_word' id='word_1_277' title='bbox 2085 554 2326 604; x_wconf 74' lang='lat' dir='ltr'><strong>abituram</strong></span> <span class='ocrx_word' id='word_1_278' title='bbox 2340 553 2571 603; x_wconf 60' lang='lat' dir='ltr'><strong>mecum</strong></span> <span class='ocrx_word' id='word_1_279' title='bbox 2586 557 2756 603; x_wconf 69' lang='lat' dir='ltr'><strong>tuo&#39;tnc</strong></span> 
     </span>
     <span class='ocr_line' id='line_1_54' title="bbox 1687 630 2759 703; baseline -0.002 -21"><span class='ocrx_word' id='word_1_280' title='bbox 1687 647 1789 682; x_wconf 83' lang='lat' dir='ltr'><strong>esse</strong></span> <span class='ocrx_word' id='word_1_281' title='bbox 1817 638 1948 683; x_wconf 79' lang='lat' dir='ltr'><strong>certo</strong></span> <span class='ocrx_word' id='word_1_282' title='bbox 1960 633 2148 683; x_wconf 76' lang='lat' dir='ltr'><strong>decrevi</strong></span> <span class='ocrx_word' id='word_1_283' title='bbox 2161 631 2327 697; x_wconf 78' lang='lat' dir='ltr'><strong>patre]</strong></span> <span class='ocrx_word' id='word_1_284' title='bbox 2347 632 2498 682; x_wconf 78' lang='lat' dir='ltr'><strong>Certo</strong></span> <span class='ocrx_word' id='word_1_285' title='bbox 2519 630 2759 703; x_wconf 53' lang='grc' dir='ltr'><strong>ὠέῳ»</strong></span> 
     </span>
     <span class='ocr_line' id='line_1_55' title="bbox 1689 709 2495 780; baseline 0.002 -23"><span class='ocrx_word' id='word_1_286' title='bbox 1689 709 1758 760; x_wconf 84' lang='lat' dir='ltr'><strong>sit</strong></span> <span class='ocrx_word' id='word_1_287' title='bbox 1778 709 2110 780; x_wconf 77' lang='lat' dir='ltr'><strong>dissuadendi</strong></span> <span class='ocrx_word' id='word_1_288' title='bbox 2137 710 2303 761; x_wconf 84' lang='lat' dir='ltr'><strong>Iocus.</strong></span> <span class='ocrx_word' id='word_1_289' title='bbox 2340 709 2495 759; x_wconf 78' lang='lat' dir='ltr'><strong>Idem.</strong></span> 
     </span>
    </p>

    <p class='ocr_par' dir='ltr' id='par_1_15' title="bbox 1690 783 2755 993">
     <span class='ocr_line' id='line_1_56' title="bbox 1705 783 2755 847; baseline -0.002 -12"><span class='ocrx_word' id='word_1_290' title='bbox 1705 832 1710 835; x_wconf 83' lang='grc'><strong>,</strong></span> <span class='ocrx_word' id='word_1_291' title='bbox 1759 787 1881 837; x_wconf 87' lang='lat' dir='ltr'><strong>Cum</strong></span> <span class='ocrx_word' id='word_1_292' title='bbox 1907 792 1992 836; x_wconf 83' lang='lat' dir='ltr'><strong>tuo</strong></span> <span class='ocrx_word' id='word_1_293' title='bbox 2025 802 2100 837; x_wconf 81' lang='lat' dir='ltr'><strong>me</strong></span> <span class='ocrx_word' id='word_1_294' title='bbox 2138 802 2236 837; x_wconf 86' lang='lat' dir='ltr'><strong>esse</strong></span> <span class='ocrx_word' id='word_1_295' title='bbox 2272 792 2401 836; x_wconf 78' lang='lat' dir='ltr'><strong>certo</strong></span> <span class='ocrx_word' id='word_1_296' title='bbox 2420 783 2640 847; x_wconf 76' lang='lat' dir='ltr'><strong>decrevi]</strong></span> <span class='ocrx_word' id='word_1_297' title='bbox 2671 783 2755 834; x_wconf 74' lang='lat' dir='ltr'><strong>Ad</strong></span> 
     </span>
     <span class='ocr_line' id='line_1_57' title="bbox 1690 862 2754 935; baseline -0.002 -23"><span class='ocrx_word' id='word_1_298' title='bbox 1690 862 1788 912; x_wconf 83' lang='lat' dir='ltr'><strong>hoc</strong></span> <span class='ocrx_word' id='word_1_299' title='bbox 1811 863 2033 935; x_wconf 77' lang='lat' dir='ltr'><strong>addidit,</strong></span> <span class='ocrx_word' id='word_1_300' title='bbox 2053 871 2180 915; x_wconf 75' lang='lat' dir='ltr'><strong>cer-to</strong></span> <span class='ocrx_word' id='word_1_301' title='bbox 2200 864 2387 915; x_wconf 77' lang='lat' dir='ltr'><strong>decrevi</strong></span> <span class='ocrx_word' id='word_1_302' title='bbox 2408 880 2427 912; x_wconf 80' lang='grc'><strong>.-</strong></span> <span class='ocrx_word' id='word_1_303' title='bbox 2462 869 2524 915; x_wconf 80' lang='lat' dir='ltr'><strong>ut</strong></span> <span class='ocrx_word' id='word_1_304' title='bbox 2543 876 2646 913; x_wconf 88' lang='lat' dir='ltr'><strong>uon</strong></span> <span class='ocrx_word' id='word_1_305' title='bbox 2669 875 2754 910; x_wconf 86' lang='lat' dir='ltr'><strong>au·</strong></span> 
     </span>
     <span class='ocr_line' id='line_1_58' title="bbox 1691 939 2702 993; baseline -0.002 -4"><span class='ocrx_word' id='word_1_306' title='bbox 1691 939 1817 991; x_wconf 80' lang='lat' dir='ltr'><strong>deat</strong></span> <span class='ocrx_word' id='word_1_307' title='bbox 1840 941 2143 993; x_wconf 74' lang='lat' dir='ltr'><strong>dissuadere</strong></span> <span class='ocrx_word' id='word_1_308' title='bbox 2163 942 2316 993; x_wconf 88' lang='lat' dir='ltr'><strong>filius.</strong></span> <span class='ocrx_word' id='word_1_309' title='bbox 2352 941 2504 992; x_wconf 79' lang='lat' dir='ltr'><strong>Idem·</strong></span> <span class='ocrx_word' id='word_1_310' title='bbox 2583 981 2600 990; x_wconf 78' lang='grc'><strong>,,</strong></span> <span class='ocrx_word' id='word_1_311' title='bbox 2693 976 2702 987; x_wconf 84' lang='lat'><strong>.</strong></span> 
     </span>
    </p>

    <p class='ocr_par' dir='ltr' id='par_1_16' title="bbox 1679 1017 2755 1163">
     <span class='ocr_line' id='line_1_59' title="bbox 1755 1017 2755 1085; baseline 0.001 -17"><span class='ocrx_word' id='word_1_312' title='bbox 1755 1024 1814 1069; x_wconf 89' lang='lat' dir='ltr'><strong>ll</strong></span> <span class='ocrx_word' id='word_1_313' title='bbox 1861 1020 1941 1069; x_wconf 87' lang='lat' dir='ltr'><strong>Ne</strong></span> <span class='ocrx_word' id='word_1_314' title='bbox 1973 1035 2078 1070; x_wconf 83' lang='lat' dir='ltr'><strong>mea</strong></span> <span class='ocrx_word' id='word_1_315' title='bbox 2114 1018 2402 1085; x_wconf 71' lang='lat' dir='ltr'><strong>presentia]</strong></span> <span class='ocrx_word' id='word_1_316' title='bbox 2452 1019 2580 1070; x_wconf 85' lang='lat' dir='ltr'><strong>Non</strong></span> <span class='ocrx_word' id='word_1_317' title='bbox 2622 1017 2755 1069; x_wconf 77' lang='lat' dir='ltr'><strong>dixit</strong></span> 
     </span>
     <span class='ocr_line' id='line_1_60' title="bbox 1679 1095 2595 1163; baseline -0.002 -17"><span class='ocrx_word' id='word_1_318' title='bbox 1679 1096 1792 1163; x_wconf 83' lang='lat' dir='ltr'><strong>jam</strong></span> <span class='ocrx_word' id='word_1_319' title='bbox 1814 1096 1967 1160; x_wconf 76' lang='lat' dir='ltr'><strong>culpa,</strong></span> <span class='ocrx_word' id='word_1_320' title='bbox 2000 1096 2093 1147; x_wconf 84' lang='lat' dir='ltr'><strong>sed</strong></span> <span class='ocrx_word' id='word_1_321' title='bbox 2114 1096 2387 1159; x_wconf 70' lang='lat' dir='ltr'><strong>prasentia.</strong></span> <span class='ocrx_word' id='word_1_322' title='bbox 2421 1095 2595 1145; x_wconf 83' lang='lat' dir='ltr'><strong>Idem.</strong></span> 
     </span>
    </p>

    <p class='ocr_par' dir='ltr' id='par_1_17' title="bbox 1690 1170 2756 1316">
     <span class='ocr_line' id='line_1_61' title="bbox 1709 1170 2756 1235; baseline 0.004 -16"><span class='ocrx_word' id='word_1_323' title='bbox 1709 1214 1712 1219; x_wconf 88' lang='lat'><strong>.</strong></span> <span class='ocrx_word' id='word_1_324' title='bbox 1756 1177 1820 1223; x_wconf 81' lang='lat'><strong>12</strong></span> <span class='ocrx_word' id='word_1_325' title='bbox 1869 1173 2003 1229; x_wconf 82' lang='lat' dir='ltr'><strong>Quid</strong></span> <span class='ocrx_word' id='word_1_326' title='bbox 2037 1175 2162 1224; x_wconf 78' lang='lat' dir='ltr'><strong>istuc</strong></span> <span class='ocrx_word' id='word_1_327' title='bbox 2199 1172 2388 1223; x_wconf 77' lang='lat' dir='ltr'><strong>consilii</strong></span> <span class='ocrx_word' id='word_1_328' title='bbox 2430 1170 2531 1235; x_wconf 83' lang='lat' dir='ltr'><strong>est]</strong></span> <span class='ocrx_word' id='word_1_329' title='bbox 2569 1172 2716 1221; x_wconf 82' lang='lat' dir='ltr'><strong>Beue</strong></span> <span class='ocrx_word' id='word_1_330' title='bbox 2734 1185 2756 1223; x_wconf 64' lang='lat'>2</span> 
     </span>
     <span class='ocr_line' id='line_1_62' title="bbox 1690 1240 2569 1316; baseline -0.003 -16"><span class='ocrx_word' id='word_1_331' title='bbox 1690 1248 1810 1316; x_wconf 86' lang='lat' dir='ltr'><strong>quia</strong></span> <span class='ocrx_word' id='word_1_332' title='bbox 1831 1250 1923 1300; x_wconf 88' lang='lat' dir='ltr'><strong>illa</strong></span> <span class='ocrx_word' id='word_1_333' title='bbox 1944 1252 2129 1300; x_wconf 77' lang='lat' dir='ltr'><strong>decrevi</strong></span> <span class='ocrx_word' id='word_1_334' title='bbox 2151 1251 2375 1301; x_wconf 84' lang='lat' dir='ltr'><strong>dixerat.</strong></span> <span class='ocrx_word' id='word_1_335' title='bbox 2407 1240 2569 1299; x_wconf 62' lang='lat' dir='ltr'><strong>Idem.</strong></span> 
     </span>
    </p>

    <p class='ocr_par' dir='ltr' id='par_1_18' title="bbox 1756 1326 2612 1392">
     <span class='ocr_line' id='line_1_63' title="bbox 1756 1326 2612 1392; baseline 0 -16"><span class='ocrx_word' id='word_1_336' title='bbox 1756 1331 1818 1377; x_wconf 76' lang='lat'><strong>18</strong></span> <span class='ocrx_word' id='word_1_337' title='bbox 1854 1327 2016 1392; x_wconf 80' lang='lat' dir='ltr'><strong>Illius]</strong></span> <span class='ocrx_word' id='word_1_338' title='bbox 2043 1326 2091 1378; x_wconf 91' lang='lat' dir='ltr'>A</span> <span class='ocrx_word' id='word_1_339' title='bbox 2116 1342 2357 1392; x_wconf 86' lang='lat' dir='ltr'><strong>persona.</strong></span> <span class='ocrx_word' id='word_1_340' title='bbox 2391 1328 2546 1377; x_wconf 84' lang='lat' dir='ltr'><strong>Idem.</strong></span> <span class='ocrx_word' id='word_1_341' title='bbox 2607 1362 2612 1363; x_wconf 23' lang='grc' dir='ltr'><em>ν</em></span> 
     </span>
    </p>

    <p class='ocr_par' dir='ltr' id='par_1_19' title="bbox 1754 1404 2602 1468">
     <span class='ocr_line' id='line_1_64' title="bbox 1754 1404 2602 1468; baseline -0.001 -14"><span class='ocrx_word' id='word_1_342' title='bbox 1754 1404 2005 1468; x_wconf 71' lang='lat' dir='ltr'><strong>Stultitia]</strong></span> <span class='ocrx_word' id='word_1_343' title='bbox 2037 1405 2087 1454; x_wconf 90' lang='lat' dir='ltr'>A</span> <span class='ocrx_word' id='word_1_344' title='bbox 2111 1420 2283 1454; x_wconf 85' lang='lat' dir='ltr'><strong>causa.</strong></span> <span class='ocrx_word' id='word_1_345' title='bbox 2317 1405 2469 1455; x_wconf 73' lang='lat' dir='ltr'><strong>Idm</strong></span> <span class='ocrx_word' id='word_1_346' title='bbox 2533 1464 2540 1467; x_wconf 25' lang='lat'>¹</span> <span class='ocrx_word' id='word_1_347' title='bbox 2599 1446 2602 1453; x_wconf 28' lang='grc' dir='ltr'>ι</span> 
     </span>
    </p>

    <p class='ocr_par' dir='ltr' id='par_1_20' title="bbox 1758 1482 2658 1546">
     <span class='ocr_line' id='line_1_65' title="bbox 1758 1482 2658 1546; baseline -0.001 -13"><span class='ocrx_word' id='word_1_348' title='bbox 1758 1482 1923 1546; x_wconf 79' lang='lat' dir='ltr'><strong>Victa]</strong></span> <span class='ocrx_word' id='word_1_349' title='bbox 1958 1484 2078 1534; x_wconf 90' lang='lat' dir='ltr'><strong>Non</strong></span> <span class='ocrx_word' id='word_1_350' title='bbox 2102 1485 2242 1534; x_wconf 87' lang='lat' dir='ltr'><strong>enim</strong></span> <span class='ocrx_word' id='word_1_351' title='bbox 2266 1484 2465 1534; x_wconf 86' lang='lat' dir='ltr'><strong>volens.</strong></span> <span class='ocrx_word' id='word_1_352' title='bbox 2502 1484 2658 1533; x_wconf 80' lang='lat' dir='ltr'><strong>Idem.</strong></span> 
     </span>
    </p>

    <p class='ocr_par' dir='ltr' id='par_1_21' title="bbox 1701 1559 2327 1623">
     <span class='ocr_line' id='line_1_66' title="bbox 1701 1559 2327 1623; baseline 0.005 -16"><span class='ocrx_word' id='word_1_353' title='bbox 1701 1600 1707 1607; x_wconf 83' lang='lat'><strong>.</strong></span> <span class='ocrx_word' id='word_1_354' title='bbox 1756 1559 1910 1623; x_wconf 84' lang='lat' dir='ltr'><strong>Urbe]</strong></span> <span class='ocrx_word' id='word_1_355' title='bbox 1933 1559 2139 1610; x_wconf 90' lang='lat' dir='ltr'><strong>Aloco.</strong></span> <span class='ocrx_word' id='word_1_356' title='bbox 2175 1559 2327 1610; x_wconf 79' lang='lat' dir='ltr'><strong>Idem·</strong></span> 
     </span>
    </p>

    <p class='ocr_par' dir='ltr' id='par_1_22' title="bbox 1753 1635 2373 1701">
     <span class='ocr_line' id='line_1_67' title="bbox 1753 1635 2373 1701; baseline 0.003 -15"><span class='ocrx_word' id='word_1_357' title='bbox 1753 1635 1849 1699; x_wconf 85' lang='lat' dir='ltr'><strong>Tu]</strong></span> <span class='ocrx_word' id='word_1_358' title='bbox 1881 1636 2187 1701; x_wconf 84' lang='lat' dir='ltr'><strong>Apersona.</strong></span> <span class='ocrx_word' id='word_1_359' title='bbox 2221 1636 2373 1688; x_wconf 86' lang='lat' dir='ltr'><strong>Idem.</strong></span> 
     </span>
    </p>

    <p class='ocr_par' dir='ltr' id='par_1_23' title="bbox 1752 1711 2533 1776">
     <span class='ocr_line' id='line_1_68' title="bbox 1752 1711 2533 1776; baseline 0.006 -14"><span class='ocrx_word' id='word_1_360' title='bbox 1752 1712 2065 1776; x_wconf 72' lang='lat' dir='ltr'><strong>Habitatum]</strong></span> <span class='ocrx_word' id='word_1_361' title='bbox 2109 1713 2159 1763; x_wconf 93' lang='lat' dir='ltr'>A</span> <span class='ocrx_word' id='word_1_362' title='bbox 2178 1711 2347 1764; x_wconf 67' lang='lat' dir='ltr'><strong>facto.</strong></span> <span class='ocrx_word' id='word_1_363' title='bbox 2373 1713 2533 1767; x_wconf 69' lang='lat' dir='ltr'><strong>Idm.</strong></span> 
     </span>
    </p>

    <p class='ocr_par' dir='ltr' id='par_1_24' title="bbox 1685 1790 2758 2084">
     <span class='ocr_line' id='line_1_69' title="bbox 1705 1790 2754 1854; baseline 0.001 -14"><span class='ocrx_word' id='word_1_364' title='bbox 1705 1818 1712 1835; x_wconf 58' lang='grc' dir='ltr'><em>ι</em></span> <span class='ocrx_word' id='word_1_365' title='bbox 1752 1790 1895 1841; x_wconf 82' lang='lat' dir='ltr'><strong>Illius</strong></span> <span class='ocrx_word' id='word_1_366' title='bbox 1914 1791 2122 1840; x_wconf 78' lang='lat' dir='ltr'><strong>stultitia</strong></span> <span class='ocrx_word' id='word_1_367' title='bbox 2141 1791 2288 1854; x_wconf 78' lang='lat' dir='ltr'><strong>victa,</strong></span> <span class='ocrx_word' id='word_1_368' title='bbox 2325 1806 2389 1840; x_wconf 80' lang='lat' dir='ltr'><strong>ex</strong></span> <span class='ocrx_word' id='word_1_369' title='bbox 2425 1791 2545 1841; x_wconf 81' lang='lat' dir='ltr'><strong>urbe</strong></span> <span class='ocrx_word' id='word_1_370' title='bbox 2585 1797 2643 1840; x_wconf 82' lang='lat' dir='ltr'><strong>tu</strong></span> <span class='ocrx_word' id='word_1_371' title='bbox 2676 1806 2754 1841; x_wconf 76' lang='lat' dir='ltr'><strong>rus</strong></span> 
     </span>
     <span class='ocr_line' id='line_1_70' title="bbox 1686 1867 2758 1933; baseline -0.001 -15"><span class='ocrx_word' id='word_1_372' title='bbox 1686 1867 1951 1919; x_wconf 68' lang='lat' dir='ltr'><strong>habitam</strong></span> <span class='ocrx_word' id='word_1_373' title='bbox 1985 1867 2193 1932; x_wconf 76' lang='lat' dir='ltr'><strong>migres]</strong></span> <span class='ocrx_word' id='word_1_374' title='bbox 2231 1868 2370 1918; x_wconf 86' lang='lat' dir='ltr'><strong>Vide</strong></span> <span class='ocrx_word' id='word_1_375' title='bbox 2398 1883 2556 1933; x_wconf 87' lang='lat' dir='ltr'><strong>qnam</strong></span> <span class='ocrx_word' id='word_1_376' title='bbox 2586 1875 2758 1918; x_wconf 88' lang='lat' dir='ltr'><strong>orato··</strong></span> 
     </span>
     <span class='ocr_line' id='line_1_71' title="bbox 1685 1944 2756 2010; baseline 0.003 -17"><span class='ocrx_word' id='word_1_377' title='bbox 1685 1944 1763 1994; x_wconf 87' lang='lat' dir='ltr'><strong>rie</strong></span> <span class='ocrx_word' id='word_1_378' title='bbox 1793 1945 1964 1995; x_wconf 92' lang='lat' dir='ltr'><strong>omnia</strong></span> <span class='ocrx_word' id='word_1_379' title='bbox 1998 1945 2339 2010; x_wconf 77' lang='lat' dir='ltr'><strong>congesserit,</strong></span> <span class='ocrx_word' id='word_1_380' title='bbox 2371 1947 2698 2010; x_wconf 61' lang='lat' dir='ltr'><strong>apamenis,</strong></span> <span class='ocrx_word' id='word_1_381' title='bbox 2725 1961 2756 1996; x_wconf 82' lang='lat' dir='ltr'><strong>a</strong></span> 
     </span>
     <span class='ocr_line' id='line_1_72' title="bbox 1685 2020 2561 2084; baseline -0.002 -13"><span class='ocrx_word' id='word_1_382' title='bbox 1685 2022 1880 2084; x_wconf 84' lang='lat' dir='ltr'><strong>causis,</strong></span> <span class='ocrx_word' id='word_1_383' title='bbox 1910 2038 1941 2072; x_wconf 88' lang='lat' dir='ltr'><strong>a</strong></span> <span class='ocrx_word' id='word_1_384' title='bbox 1962 2022 2111 2084; x_wconf 79' lang='lat' dir='ltr'><strong>locis,</strong></span> <span class='ocrx_word' id='word_1_385' title='bbox 2131 2037 2162 2070; x_wconf 92' lang='lat' dir='ltr'><strong>a</strong></span> <span class='ocrx_word' id='word_1_386' title='bbox 2185 2020 2363 2071; x_wconf 85' lang='lat' dir='ltr'><strong>factis.</strong></span> <span class='ocrx_word' id='word_1_387' title='bbox 2404 2021 2561 2071; x_wconf 85' lang='lat' dir='ltr'><strong>Idem.</strong></span> 
     </span>
    </p>

    <p class='ocr_par' dir='ltr' id='par_1_25' title="bbox 1686 2099 2756 2307">
     <span class='ocr_line' id='line_1_73' title="bbox 1753 2099 2755 2162; baseline 0 -13"><span class='ocrx_word' id='word_1_388' title='bbox 1753 2101 1894 2151; x_wconf 77' lang='lat' dir='ltr'><strong>Illius</strong></span> <span class='ocrx_word' id='word_1_389' title='bbox 1924 2099 2157 2162; x_wconf 79' lang='lat' dir='ltr'><strong>stultitia]</strong></span> <span class='ocrx_word' id='word_1_390' title='bbox 2194 2099 2277 2151; x_wconf 88' lang='lat' dir='ltr'><strong>Ab</strong></span> <span class='ocrx_word' id='word_1_391' title='bbox 2300 2099 2436 2151; x_wconf 77' lang='lat' dir='ltr'><strong>utili.</strong></span> <span class='ocrx_word' id='word_1_392' title='bbox 2497 2100 2652 2149; x_wconf 90' lang='lat' dir='ltr'><strong>-Mire</strong></span> <span class='ocrx_word' id='word_1_393' title='bbox 2673 2116 2755 2149; x_wconf 90' lang='lat' dir='ltr'><strong>au·</strong></span> 
     </span>
     <span class='ocr_line' id='line_1_74' title="bbox 1687 2175 2756 2250; baseline 0 -24"><span class='ocrx_word' id='word_1_394' title='bbox 1687 2182 1815 2239; x_wconf 89' lang='lat' dir='ltr'><strong>tem,</strong></span> <span class='ocrx_word' id='word_1_395' title='bbox 1847 2184 1903 2226; x_wconf 89' lang='lat' dir='ltr'><strong>et</strong></span> <span class='ocrx_word' id='word_1_396' title='bbox 1925 2192 2029 2240; x_wconf 85' lang='lat' dir='ltr'><strong>rus,</strong></span> <span class='ocrx_word' id='word_1_397' title='bbox 2049 2184 2106 2227; x_wconf 90' lang='lat' dir='ltr'><strong>et</strong></span> <span class='ocrx_word' id='word_1_398' title='bbox 2128 2192 2191 2232; x_wconf 80' lang='lat' dir='ltr'><strong>ex</strong></span> <span class='ocrx_word' id='word_1_399' title='bbox 2208 2175 2368 2250; x_wconf 80' lang='lat' dir='ltr'><strong>urbe,</strong></span> <span class='ocrx_word' id='word_1_400' title='bbox 2381 2182 2441 2226; x_wconf 91' lang='lat' dir='ltr'><strong>et</strong></span> <span class='ocrx_word' id='word_1_401' title='bbox 2467 2177 2756 2240; x_wconf 73' lang='lat' dir='ltr'><strong>habitatum,</strong></span> 
     </span>
     <span class='ocr_line' id='line_1_75' title="bbox 1686 2253 2023 2307; baseline 0.003 -3"><span class='ocrx_word' id='word_1_402' title='bbox 1686 2253 1837 2307; x_wconf 79' lang='lat' dir='ltr'><strong>dixit.</strong></span> <span class='ocrx_word' id='word_1_403' title='bbox 1870 2254 2023 2305; x_wconf 85' lang='lat' dir='ltr'><strong>Idem.</strong></span> 
     </span>
    </p>

    <p class='ocr_par' dir='ltr' id='par_1_26' title="bbox 1684 2331 2764 2459">
     <span class='ocr_line' id='line_1_76' title="bbox 1758 2331 2764 2396; baseline 0 -14"><span class='ocrx_word' id='word_1_404' title='bbox 1758 2331 1922 2396; x_wconf 80' lang='lat' dir='ltr'><strong>Victa]</strong></span> <span class='ocrx_word' id='word_1_405' title='bbox 1956 2331 2209 2396; x_wconf 85' lang='lat' dir='ltr'><strong>Impulsa‚</strong></span> <span class='ocrx_word' id='word_1_406' title='bbox 2246 2331 2455 2382; x_wconf 88' lang='lat' dir='ltr'><strong>adacta.</strong></span> <span class='ocrx_word' id='word_1_407' title='bbox 2506 2332 2645 2384; x_wconf 84' lang='lat' dir='ltr'><strong>Mer.</strong></span> <span class='ocrx_word' id='word_1_408' title='bbox 2668 2334 2764 2382; x_wconf 86' lang='lat' dir='ltr'><strong>Ca-</strong></span> 
     </span>
     <span class='ocr_line' id='line_1_77' title="bbox 1684 2374 1938 2461; baseline 0 -2"><span class='ocrx_word' id='word_1_409' title='bbox 1684 2374 1938 2461; x_wconf 73' lang='lat' dir='ltr'><strong>saubouus.</strong></span> 
     </span>
    </p>

    <p class='ocr_par' dir='ltr' id='par_1_27' title="bbox 1671 2485 2762 3154">
     <span class='ocr_line' id='line_1_78' title="bbox 1753 2485 2760 2551; baseline 0.002 -15"><span class='ocrx_word' id='word_1_410' title='bbox 1753 2490 1816 2538; x_wconf 83' lang='lat'><strong>14</strong></span> <span class='ocrx_word' id='word_1_411' title='bbox 1847 2487 1965 2537; x_wconf 75' lang='lat' dir='ltr'><strong>Nou</strong></span> <span class='ocrx_word' id='word_1_412' title='bbox 1989 2485 2184 2546; x_wconf 74' lang='lat' dir='ltr'><strong>facies·</strong></span> <span class='ocrx_word' id='word_1_413' title='bbox 2168 2524 2179 2535; x_wconf 94' lang='lat'><strong>.</strong></span> <span class='ocrx_word' id='word_1_414' title='bbox 2220 2501 2369 2550; x_wconf 80' lang='lat' dir='ltr'><strong>neque</strong></span> <span class='ocrx_word' id='word_1_415' title='bbox 2409 2487 2596 2551; x_wconf 78' lang='lat' dir='ltr'><strong>sinam]</strong></span> <span class='ocrx_word' id='word_1_416' title='bbox 2644 2489 2760 2538; x_wconf 89' lang='lat' dir='ltr'><strong>Pri·</strong></span> 
     </span>
     <span class='ocr_line' id='line_1_79' title="bbox 1682 2563 2762 2630; baseline 0.003 -18"><span class='ocrx_word' id='word_1_417' title='bbox 1682 2577 1787 2626; x_wconf 77' lang='lat' dir='ltr'><strong>mo,</strong></span> <span class='ocrx_word' id='word_1_418' title='bbox 1806 2564 2095 2625; x_wconf 76' lang='lat' dir='ltr'><strong>nonfacies:</strong></span> <span class='ocrx_word' id='word_1_419' title='bbox 2118 2563 2329 2621; x_wconf 86' lang='lat' dir='ltr'><strong>deinde,</strong></span> <span class='ocrx_word' id='word_1_420' title='bbox 2354 2564 2410 2615; x_wconf 85' lang='lat' dir='ltr'><strong>si</strong></span> <span class='ocrx_word' id='word_1_421' title='bbox 2435 2564 2622 2616; x_wconf 85' lang='lat' dir='ltr'><strong>facere</strong></span> <span class='ocrx_word' id='word_1_422' title='bbox 2650 2582 2762 2630; x_wconf 81' lang='lat' dir='ltr'><strong>per·</strong></span> 
     </span>
     <span class='ocr_line' id='line_1_80' title="bbox 1684 2641 2758 2707; baseline 0 -15"><span class='ocrx_word' id='word_1_423' title='bbox 1684 2641 2027 2705; x_wconf 82' lang='lat' dir='ltr'><strong>severaveris,</strong></span> <span class='ocrx_word' id='word_1_424' title='bbox 2062 2657 2156 2691; x_wconf 76' lang='lat' dir='ltr'><strong>non</strong></span> <span class='ocrx_word' id='word_1_425' title='bbox 2194 2642 2369 2694; x_wconf 78' lang='lat' dir='ltr'><strong>sinam.</strong></span> <span class='ocrx_word' id='word_1_426' title='bbox 2437 2642 2534 2707; x_wconf 82' lang='lat' dir='ltr'><strong>Et,</strong></span> <span class='ocrx_word' id='word_1_427' title='bbox 2557 2658 2654 2694; x_wconf 75' lang='lat' dir='ltr'><strong>non</strong></span> <span class='ocrx_word' id='word_1_428' title='bbox 2678 2644 2758 2705; x_wconf 84' lang='lat' dir='ltr'><strong>fa·</strong></span> 
     </span>
     <span class='ocr_line' id='line_1_81' title="bbox 1681 2717 2759 2785; baseline -0.002 -16"><span class='ocrx_word' id='word_1_429' title='bbox 1681 2720 1794 2782; x_wconf 75' lang='lat' dir='ltr'><strong>cies,</strong></span> <span class='ocrx_word' id='word_1_430' title='bbox 1825 2732 1927 2769; x_wconf 89' lang='lat' dir='ltr'><strong>nou</strong></span> <span class='ocrx_word' id='word_1_431' title='bbox 1964 2723 2047 2768; x_wconf 86' lang='lat' dir='ltr'><strong>est</strong></span> <span class='ocrx_word' id='word_1_432' title='bbox 2082 2717 2472 2780; x_wconf 87' lang='lat' dir='ltr'><strong>interdicentis,</strong></span> <span class='ocrx_word' id='word_1_433' title='bbox 2496 2719 2593 2768; x_wconf 88' lang='lat' dir='ltr'><strong>sed</strong></span> <span class='ocrx_word' id='word_1_434' title='bbox 2620 2720 2759 2785; x_wconf 73' lang='lat' dir='ltr'><strong>quasi</strong></span> 
     </span>
     <span class='ocr_line' id='line_1_82' title="bbox 1682 2793 2758 2858; baseline 0.001 -12"><span class='ocrx_word' id='word_1_435' title='bbox 1682 2795 1843 2858; x_wconf 84' lang='lat' dir='ltr'><strong>dicat,</strong></span> <span class='ocrx_word' id='word_1_436' title='bbox 1879 2796 1999 2849; x_wconf 86' lang='lat' dir='ltr'><strong>Scio</strong></span> <span class='ocrx_word' id='word_1_437' title='bbox 2021 2802 2085 2849; x_wconf 63' lang='lat' dir='ltr'><strong>,te</strong></span> <span class='ocrx_word' id='word_1_438' title='bbox 2108 2810 2210 2845; x_wconf 88' lang='lat' dir='ltr'><strong>non</strong></span> <span class='ocrx_word' id='word_1_439' title='bbox 2234 2793 2497 2856; x_wconf 87' lang='lat' dir='ltr'><strong>facturam</strong></span> <span class='ocrx_word' id='word_1_440' title='bbox 2523 2810 2634 2845; x_wconf 81' lang='lat' dir='ltr'><strong>rem</strong></span> <span class='ocrx_word' id='word_1_441' title='bbox 2658 2805 2758 2847; x_wconf 86' lang='lat' dir='ltr'><strong>tam</strong></span> 
     </span>
     <span class='ocr_line' id='line_1_83' title="bbox 1682 2872 2762 2938; baseline 0.003 -17"><span class='ocrx_word' id='word_1_442' title='bbox 1682 2886 1915 2937; x_wconf 80' lang='lat' dir='ltr'><strong>pravam.</strong></span> <span class='ocrx_word' id='word_1_443' title='bbox 1961 2873 2095 2922; x_wconf 86' lang='lat' dir='ltr'><strong>Sunt</strong></span> <span class='ocrx_word' id='word_1_444' title='bbox 2118 2879 2295 2922; x_wconf 88' lang='lat' dir='ltr'><strong>autem</strong></span> <span class='ocrx_word' id='word_1_445' title='bbox 2320 2872 2412 2937; x_wconf 92' lang='lat' dir='ltr'><strong>qui</strong></span> <span class='ocrx_word' id='word_1_446' title='bbox 2433 2889 2590 2938; x_wconf 74' lang='lat' dir='ltr'><strong>neque</strong></span> <span class='ocrx_word' id='word_1_447' title='bbox 2609 2874 2762 2933; x_wconf 44' lang='lat' dir='ltr'><strong>&amp;aava</strong></span> 
     </span>
     <span class='ocr_line' id='line_1_84' title="bbox 1671 2947 2753 3015; baseline 0.001 -17"><span class='ocrx_word' id='word_1_448' title='bbox 1671 2949 1904 3013; x_wconf 75' lang='lat' dir='ltr'><strong>jungant</strong></span> <span class='ocrx_word' id='word_1_449' title='bbox 1922 2947 2260 2998; x_wconf 85' lang='lat' dir='ltr'><strong>interioribus</strong></span> <span class='ocrx_word' id='word_1_450' title='bbox 2284 2966 2296 2995; x_wconf 88' lang='lat'>:</span> <span class='ocrx_word' id='word_1_451' title='bbox 2324 2955 2449 3000; x_wconf 88' lang='lat' dir='ltr'><strong>sunt</strong></span> <span class='ocrx_word' id='word_1_452' title='bbox 2471 2952 2565 3015; x_wconf 92' lang='lat' dir='ltr'><strong>qui</strong></span> <span class='ocrx_word' id='word_1_453' title='bbox 2591 2958 2753 3001; x_wconf 87' lang='lat' dir='ltr'><strong>totum</strong></span> 
     </span>
     <span class='ocr_line' id='line_1_85' title="bbox 1683 3026 2751 3096; baseline -0.001 -17"><span class='ocrx_word' id='word_1_454' title='bbox 1683 3034 1932 3079; x_wconf 86' lang='lat' dir='ltr'><strong>contexte</strong></span> <span class='ocrx_word' id='word_1_455' title='bbox 1955 3028 2158 3091; x_wconf 84' lang='lat' dir='ltr'><strong>legant,</strong></span> <span class='ocrx_word' id='word_1_456' title='bbox 2189 3026 2469 3089; x_wconf 69' lang='lat' dir='ltr'><strong>nonfacies,</strong></span> <span class='ocrx_word' id='word_1_457' title='bbox 2486 3044 2751 3096; x_wconf 79' lang='lat' dir='ltr'><strong>usquemo-</strong></span> 
     </span>
     <span class='ocr_line' id='line_1_86' title="bbox 1681 3104 2141 3161; baseline 0 -9"><span class='ocrx_word' id='word_1_458' title='bbox 1681 3104 1851 3154; x_wconf 79' lang='lat' dir='ltr'><strong>destia.</strong></span> <span class='ocrx_word' id='word_1_459' title='bbox 1886 3105 2141 3161; x_wconf 78' lang='lat' dir='ltr'><strong>Donatus.</strong></span> 
     </span>
    </p>

    <p class='ocr_par' dir='ltr' id='par_1_28' title="bbox 1680 3157 2754 3308">
     <span class='ocr_line' id='line_1_87' title="bbox 1754 3157 2754 3246; baseline 0.001 -16"><span class='ocrx_word' id='word_1_460' title='bbox 1754 3182 1823 3231; x_wconf 84' lang='lat' dir='ltr'><strong>Ut</strong></span> <span class='ocrx_word' id='word_1_461' title='bbox 1836 3182 1918 3246; x_wconf 81' lang='lat' dir='ltr'><strong>qui</strong></span> <span class='ocrx_word' id='word_1_462' title='bbox 1934 3182 2089 3244; x_wconf 80' lang='lat' dir='ltr'><strong>nobis,</strong></span> <span class='ocrx_word' id='word_1_463' title='bbox 2101 3186 2275 3245; x_wconf 80' lang='lat' dir='ltr'><strong>mater,</strong></span> <span class='ocrx_word' id='word_1_464' title='bbox 2296 3157 2613 3238; x_wconf 68' lang='lat' dir='ltr'><strong>maledictum</strong></span> <span class='ocrx_word' id='word_1_465' title='bbox 2624 3180 2754 3244; x_wconf 75' lang='lat' dir='ltr'><strong>velit]</strong></span> 
     </span>
     <span class='ocr_line' id='line_1_88' title="bbox 1680 3256 2210 3308; baseline -0.002 -1"><span class='ocrx_word' id='word_1_466' title='bbox 1680 3256 1764 3307; x_wconf 89' lang='lat' dir='ltr'><strong>Ab</strong></span> <span class='ocrx_word' id='word_1_467' title='bbox 1786 3257 2023 3308; x_wconf 82' lang='lat' dir='ltr'><strong>honesto.</strong></span> <span class='ocrx_word' id='word_1_468' title='bbox 2058 3258 2210 3307; x_wconf 85' lang='lat' dir='ltr'><strong>Idem.</strong></span> 
     </span>
    </p>

    <p class='ocr_par' dir='ltr' id='par_1_29' title="bbox 1746 3334 2748 3404">
     <span class='ocr_line' id='line_1_89' title="bbox 1746 3334 2748 3404; baseline 0.004 -20"><span class='ocrx_word' id='word_1_469' title='bbox 1746 3338 1806 3384; x_wconf 82' lang='lat'><strong>15</strong></span> <span class='ocrx_word' id='word_1_470' title='bbox 1844 3336 1959 3385; x_wconf 84' lang='lat' dir='ltr'><strong>Mea</strong></span> <span class='ocrx_word' id='word_1_471' title='bbox 1976 3334 2245 3398; x_wconf 75' lang='lat' dir='ltr'><strong>pertinacia</strong></span> <span class='ocrx_word' id='word_1_472' title='bbox 2263 3350 2367 3386; x_wconf 79' lang='lat' dir='ltr'><strong>esse</strong></span> <span class='ocrx_word' id='word_1_473' title='bbox 2388 3337 2519 3386; x_wconf 77' lang='lat' dir='ltr'><strong>dicit</strong></span> <span class='ocrx_word' id='word_1_474' title='bbox 2543 3336 2748 3404; x_wconf 67' lang='lat' dir='ltr'><strong>factm]</strong></span> 
     </span>
    </p>

    <p class='ocr_par' dir='ltr' id='par_1_30' title="bbox 1674 3409 2753 3936">
     <span class='ocr_line' id='line_1_90' title="bbox 1680 3409 2750 3476; baseline 0.003 -15"><span class='ocrx_word' id='word_1_475' title='bbox 1680 3413 1828 3462; x_wconf 88' lang='lat' dir='ltr'><strong>Bene</strong></span> <span class='ocrx_word' id='word_1_476' title='bbox 1850 3412 2065 3473; x_wconf 88' lang='lat' dir='ltr'><strong>retinet,</strong></span> <span class='ocrx_word' id='word_1_477' title='bbox 2091 3426 2247 3476; x_wconf 87' lang='lat' dir='ltr'><strong>quum</strong></span> <span class='ocrx_word' id='word_1_478' title='bbox 2273 3409 2387 3463; x_wconf 85' lang='lat' dir='ltr'><strong>vult</strong></span> <span class='ocrx_word' id='word_1_479' title='bbox 2411 3427 2513 3463; x_wconf 87' lang='lat' dir='ltr'><strong>sua</strong></span> <span class='ocrx_word' id='word_1_480' title='bbox 2540 3414 2750 3466; x_wconf 88' lang='lat' dir='ltr'><strong>interes-</strong></span> 
     </span>
     <span class='ocr_line' id='line_1_91' title="bbox 1679 3488 2147 3541; baseline 0.004 -2"><span class='ocrx_word' id='word_1_481' title='bbox 1679 3505 1735 3539; x_wconf 82' lang='lat' dir='ltr'><strong>se</strong></span> <span class='ocrx_word' id='word_1_482' title='bbox 1759 3504 1825 3539; x_wconf 92' lang='lat' dir='ltr'><strong>ne</strong></span> <span class='ocrx_word' id='word_1_483' title='bbox 1848 3488 1960 3540; x_wconf 82' lang='lat' dir='ltr'><strong>flat.</strong></span> <span class='ocrx_word' id='word_1_484' title='bbox 1996 3490 2147 3541; x_wconf 82' lang='lat' dir='ltr'><strong>Idem.</strong></span> 
     </span>
     <span class='ocr_line' id='line_1_92' title="bbox 1689 3566 2744 3633; baseline 0.001 -16"><span class='ocrx_word' id='word_1_485' title='bbox 1689 3599 1695 3606; x_wconf 62' lang='grc'><em>·</em></span> <span class='ocrx_word' id='word_1_486' title='bbox 1744 3566 2014 3631; x_wconf 78' lang='lat' dir='ltr'><strong>Modestia]</strong></span> <span class='ocrx_word' id='word_1_487' title='bbox 2044 3566 2438 3633; x_wconf 82' lang='lat' dir='ltr'><strong>Moderatione,</strong></span> <span class='ocrx_word' id='word_1_488' title='bbox 2469 3568 2744 3620; x_wconf 75' lang='lat' dir='ltr'><strong>facilitate.</strong></span> 
     </span>
     <span class='ocr_line' id='line_1_93' title="bbox 1680 3643 2753 3705; baseline 0.005 -12"><span class='ocrx_word' id='word_1_489' title='bbox 1680 3644 1811 3693; x_wconf 83' lang='lat' dir='ltr'><strong>Mer.</strong></span> <span class='ocrx_word' id='word_1_490' title='bbox 1837 3643 2163 3700; x_wconf 74' lang='lat' dir='ltr'><strong>casaubonus.</strong></span> <span class='ocrx_word' id='word_1_491' title='bbox 2749 3701 2753 3705; x_wconf 72' lang='grc'><strong>,</strong></span> 
     </span>
     <span class='ocr_line' id='line_1_94' title="bbox 1695 3722 2749 3789; baseline 0.003 -18"><span class='ocrx_word' id='word_1_492' title='bbox 1695 3739 1698 3744; x_wconf 91' lang='grc'><em>·</em></span> <span class='ocrx_word' id='word_1_493' title='bbox 1748 3726 1811 3772; x_wconf 87' lang='grc'><strong>16</strong></span> <span class='ocrx_word' id='word_1_494' title='bbox 1850 3723 1972 3772; x_wconf 79' lang='lat' dir='ltr'><strong>Tum</strong></span> <span class='ocrx_word' id='word_1_495' title='bbox 2004 3728 2113 3773; x_wconf 78' lang='lat' dir='ltr'><strong>tuas</strong></span> <span class='ocrx_word' id='word_1_496' title='bbox 2147 3722 2327 3773; x_wconf 77' lang='lat' dir='ltr'><strong>amicas</strong></span> <span class='ocrx_word' id='word_1_497' title='bbox 2351 3724 2431 3789; x_wconf 65' lang='lat' dir='ltr'><strong>te]</strong></span> <span class='ocrx_word' id='word_1_498' title='bbox 2466 3723 2535 3788; x_wconf 86' lang='lat' dir='ltr'><strong>In</strong></span> <span class='ocrx_word' id='word_1_499' title='bbox 2560 3724 2749 3789; x_wconf 75' lang='lat' dir='ltr'><strong>dissua-</strong></span> 
     </span>
     <span class='ocr_line' id='line_1_95' title="bbox 1676 3798 2747 3852; baseline 0.003 -5"><span class='ocrx_word' id='word_1_500' title='bbox 1676 3798 1848 3851; x_wconf 84' lang='lat' dir='ltr'><strong>dendo</strong></span> <span class='ocrx_word' id='word_1_501' title='bbox 1872 3800 2199 3850; x_wconf 84' lang='lat' dir='ltr'><strong>commiscuit</strong></span> <span class='ocrx_word' id='word_1_502' title='bbox 2236 3806 2294 3851; x_wconf 87' lang='lat' dir='ltr'><strong>et</strong></span> <span class='ocrx_word' id='word_1_503' title='bbox 2322 3800 2662 3852; x_wconf 81' lang='lat' dir='ltr'><strong>honestatem</strong></span> <span class='ocrx_word' id='word_1_504' title='bbox 2696 3807 2747 3851; x_wconf 83' lang='lat' dir='ltr'><strong>et</strong></span> 
     </span>
     <span class='ocr_line' id='line_1_96' title="bbox 1674 3877 2257 3936; baseline 0.005 -11"><span class='ocrx_word' id='word_1_505' title='bbox 1674 3877 1979 3927; x_wconf 86' lang='lat' dir='ltr'><strong>utilitatem.</strong></span> <span class='ocrx_word' id='word_1_506' title='bbox 2014 3879 2257 3936; x_wconf 78' lang='lat' dir='ltr'><strong>Donatus.</strong></span> 
     </span>
    </p>

    <p class='ocr_par' dir='ltr' id='par_1_31' title="bbox 1672 3954 2746 4411">
     <span class='ocr_line' id='line_1_97' title="bbox 1740 3954 2745 4018; baseline 0.003 -15"><span class='ocrx_word' id='word_1_507' title='bbox 1740 3954 1861 4004; x_wconf 82' lang='lat' dir='ltr'><strong>Tum</strong></span> <span class='ocrx_word' id='word_1_508' title='bbox 1889 3960 1998 4004; x_wconf 82' lang='lat' dir='ltr'><strong>tuas</strong></span> <span class='ocrx_word' id='word_1_509' title='bbox 2029 3954 2216 4014; x_wconf 47' lang='lat' dir='ltr'><strong>amicas,</strong></span> <span class='ocrx_word' id='word_1_510' title='bbox 2254 3960 2303 4005; x_wconf 86' lang='lat' dir='ltr'><strong>te</strong></span> <span class='ocrx_word' id='word_1_511' title='bbox 2338 3959 2389 4004; x_wconf 87' lang='lat' dir='ltr'><strong>et</strong></span> <span class='ocrx_word' id='word_1_512' title='bbox 2424 3961 2658 4018; x_wconf 76' lang='lat' dir='ltr'><strong>cognatas</strong></span> <span class='ocrx_word' id='word_1_513' title='bbox 2673 3958 2745 4007; x_wconf 82' lang='lat' dir='ltr'><strong>de·</strong></span> 
     </span>
     <span class='ocr_line' id='line_1_98' title="bbox 1672 4030 2746 4096; baseline 0.003 -16"><span class='ocrx_word' id='word_1_514' title='bbox 1672 4030 1790 4096; x_wconf 67' lang='lat' dir='ltr'><strong>sen]</strong></span> <span class='ocrx_word' id='word_1_515' title='bbox 1811 4033 2032 4090; x_wconf 70' lang='lat' dir='ltr'><strong>⁸Fortius</strong></span> <span class='ocrx_word' id='word_1_516' title='bbox 2050 4033 2187 4093; x_wconf 82' lang='lat' dir='ltr'><strong>hanc</strong></span> <span class='ocrx_word' id='word_1_517' title='bbox 2220 4032 2497 4096; x_wconf 68' lang='grc' dir='ltr'><strong><em>φαντασίαν</em></strong></span> <span class='ocrx_word' id='word_1_518' title='bbox 2518 4035 2746 4087; x_wconf 81' lang='lat' dir='ltr'><strong>Catullus</strong></span> 
     </span>
     <span class='ocr_line' id='line_1_99' title="bbox 1674 4109 2744 4175; baseline 0.007 -19"><span class='ocrx_word' id='word_1_519' title='bbox 1674 4116 1850 4165; x_wconf 84' lang='lat' dir='ltr'><strong>movet</strong></span> <span class='ocrx_word' id='word_1_520' title='bbox 1864 4109 2097 4161; x_wconf 88' lang='lat' dir='ltr'><strong>carmine</strong></span> <span class='ocrx_word' id='word_1_521' title='bbox 2113 4123 2264 4162; x_wconf 68' lang='lat' dir='ltr'><strong>cxlv.</strong></span> <span class='ocrx_word' id='word_1_522' title='bbox 2298 4112 2314 4141; x_wconf 89' lang='lat'>‘</span> <span class='ocrx_word' id='word_1_523' title='bbox 2341 4112 2529 4175; x_wconf 84' lang='lat' dir='ltr'><strong>Egone</strong></span> <span class='ocrx_word' id='word_1_524' title='bbox 2566 4126 2598 4162; x_wconf 79' lang='lat' dir='ltr'><strong>a</strong></span> <span class='ocrx_word' id='word_1_525' title='bbox 2637 4124 2744 4164; x_wconf 67' lang='lat' dir='ltr'><strong>mea</strong></span> 
     </span>
     <span class='ocr_line' id='line_1_100' title="bbox 1675 4187 2738 4253; baseline 0.002 -19"><span class='ocrx_word' id='word_1_526' title='bbox 1675 4195 1875 4236; x_wconf 87' lang='lat' dir='ltr'><strong>remota</strong></span> <span class='ocrx_word' id='word_1_527' title='bbox 1898 4188 2010 4236; x_wconf 81' lang='lat' dir='ltr'><strong>iiaec</strong></span> <span class='ocrx_word' id='word_1_528' title='bbox 2042 4187 2185 4238; x_wconf 84' lang='lat' dir='ltr'><strong>ferar</strong></span> <span class='ocrx_word' id='word_1_529' title='bbox 2215 4190 2267 4238; x_wconf 91' lang='lat' dir='ltr'><strong>in</strong></span> <span class='ocrx_word' id='word_1_530' title='bbox 2305 4203 2524 4239; x_wconf 83' lang='lat' dir='ltr'><strong>nemora</strong></span> <span class='ocrx_word' id='word_1_531' title='bbox 2559 4188 2738 4253; x_wconf 78' lang='lat' dir='ltr'><strong>domo?</strong></span> 
     </span>
     <span class='ocr_line' id='line_1_101' title="bbox 1675 4262 2734 4332; baseline 0.004 -22"><span class='ocrx_word' id='word_1_532' title='bbox 1675 4262 1878 4328; x_wconf 85' lang='lat' dir='ltr'><strong>Patria,</strong></span> <span class='ocrx_word' id='word_1_533' title='bbox 1935 4264 2085 4314; x_wconf 86' lang='lat' dir='ltr'><strong>bonis</strong></span> <span class='ocrx_word' id='word_1_534' title='bbox 2153 4266 2351 4323; x_wconf 80' lang='lat' dir='ltr'><strong>amicis,</strong></span> <span class='ocrx_word' id='word_1_535' title='bbox 2420 4264 2734 4332; x_wconf 60' lang='lat' dir='ltr'><strong>genitoribus</strong></span> 
     </span>
     <span class='ocr_line' id='line_1_102' title="bbox 1672 4339 2732 4411; baseline 0.001 -21"><span class='ocrx_word' id='word_1_536' title='bbox 1672 4340 1834 4394; x_wconf 73' lang='lat' dir='ltr'><strong>abero</strong></span> <span class='ocrx_word' id='word_1_537' title='bbox 1856 4343 1875 4391; x_wconf 84' lang='lat'>?</span> <span class='ocrx_word' id='word_1_538' title='bbox 1911 4342 2089 4402; x_wconf 82' lang='lat' dir='ltr'><strong>Abero</strong></span> <span class='ocrx_word' id='word_1_539' title='bbox 2113 4339 2247 4410; x_wconf 82' lang='lat' dir='ltr'><strong>foro,</strong></span> <span class='ocrx_word' id='word_1_540' title='bbox 2282 4345 2554 4411; x_wconf 57' lang='lat' dir='ltr'><strong>palaestra,</strong></span> <span class='ocrx_word' id='word_1_541' title='bbox 2576 4343 2732 4396; x_wconf 83' lang='lat' dir='ltr'><strong>stadio</strong></span> 
     </span>
    </p>
   </div>
   <div class='ocr_carea' id='block_1_6' title="bbox 1811 4599 1826 4628">
    <p class='ocr_par' dir='ltr' id='par_1_32' title="bbox 1811 4599 1826 4628">
     <span class='ocr_line' id='line_1_103' title="bbox 1811 4599 1826 4628; baseline 0 0"><span class='ocrx_word' id='word_1_542' title='bbox 1811 4599 1826 4628; x_wconf 72' lang='lat' dir='ltr'><em>l</em></span> 
     </span>
    </p>
   </div>
  </div>
 </body>
</html>
