3035 4941
744 378 1110 430 TERENTH
1159 381 1396 431 A‘NDR.
1441 382 1611 433 AOT.
1660 384 1769 431 tn.
1815 383 1922 434 SC.
1970 386 2050 433 11.

295 523 759 589 Argentoratensis
789 542 804 575 :
831 529 959 575 certe
990 526 1111 575 ercle
1144 538 1269 574 anae
1288 526 1359 588 ip·

292 617 370 652 sus
409 601 493 667 (τὸ
533 602 669 664 ipsus
711 609 795 652 est
832 617 864 651 a
905 602 1131 652 secunda
1173 617 1359 661 manu3

292 679 508 728 videtur
542 676 705 728 fuisse
740 677 917 743 ipsum)
954 695 1004 729 se
1032 679 1191 739 fallit,
1233 681 1360 729 hand

292 758 413 816 ego.-
443 756 591 805 dixin
631 755 739 806 libi.
782 772 856 806 vs.
879 761 960 807 18.
984 757 1086 806 duo
1110 757 1360 807 omittunt

292 849 378 896 ego
389 850 409 892 ‚·
444 834 763 898 interposita
782 836 1001 899 copula:
1026 835 1201 899 etquid
1219 851 1361 898 agam

292 911 456 960 habeo.
480 926 558 961 vs.
574 916 656 961 20.
679 926 855 961 omues
877 927 891 960 :
923 914 1262 964 assimulat-ier.
1285 929 1361 965 vs.

293 990 375 1035 ³2.
401 985 510 1036 (luo
533 1002 550 1037 :
572 987 681 1047 jum
716 988 863 1051 prins.
905 1004 980 1039 vs.
1002 993 1086 1041 38.
1124 989 1228 1040 duo
1266 1005 1361 1055 pro

291 1063 762 1126 abstruxit,bal›ent
787 1066 1022 1116 extraxit.
1045 1081 1121 1116 vs.
1144 1070 1228 1117 41.
1251 1081 1359 1116 om-

293 1155 422 1190 nes:
459 1146 512 1191 et
541 1142 598 1191 id
630 1156 766 1206 spero
801 1143 1037 1204 adiutores
1067 1145 1195 1205 deos,
1229 1157 1359 1192 unns

291 1205 612 1281 interponit,
629 1233 694 1267 ex
719 1218 889 1282 glossa
912 1219 1359 1282 scilicet,ltubebis.·

295 1308 343 1343 v.
365 1294 451 1343 Fr.
470 1294 671 1359 Gnyet.
704 1310 779 1345 vs.
797 1299 879 1345 51.
896 1311 1027 1346 uuus
1047 1310 1063 1343 :
1086 1300 1226 1361 utque
1245 1297 1361 1346 adeo

188 1405 196 1413 .
298 1370 603 1422 cta-emerem
619 1372 789 1437 inipso
811 1378 1013 1439 tempwe
1032 1388 1185 1423 eccum
1207 1373 1362 1437 ipsum

292 1446 512 1498 obviam:
545 1450 710 1500 alter:
744 1455 880 1514 utque
898 1452 1014 1501 adeo
1036 1450 1134 1513 ipso
1156 1455 1362 1516 tempore

294 1540 453 1575 cecum
497 1525 654 1590 ipsum
695 1527 909 1578 obviam.-
962 1529 1173 1578 tertius:
1222 1534 1361 1593 utque

294 1604 411 1652 adeo
453 1603 510 1652 in
549 1603 652 1666 ipso
693 1609 898 1668 tempore
932 1620 1088 1655 eccum
1110 1605 1263 1669 ipsum
1281 1605 1360 1654 οὸ·

293 1681 424 1729 nium
450 1680 777 1731 Chremetem.-
810 1681 933 1732 Jan.
952 1682 1264 1733 Gulielmius
1285 1683 1359 1731 le-

296 1757 405 1820 git:
460 1762 606 1820 utque
636 1760 751 1808 adeo
785 1758 981 1824 tempori
1014 1760 1166 1824 ipsum
1207 1774 1361 1808 eccum

294 1833 484 1883 obvium
523 1834 788 1885 Chremem.
854 1837 942 1885 Fr.
986 1835 1260 1885 Fabricius
1305 1842 1363 1886 et

294 1909 579 1959 Goveanus
595 1926 607 1957 :
626 1916 766 1975 utque
777 1913 891 1961 adeo
911 1912 963 1961 ia
984 1917 1186 1977 temore
1205 1927 1361 1961 eccum

291 1985 447 2049 ipsam
478 1986 665 2035 obtiam
710 1988 983 2040 Chremem:
1017 1989 1151 2053 quod
1177 1990 1360 2040 minori

292 2064 591 2113 mutatione
610 2064 902 2115 conficitur.
937 2066 1197 2115 Boeclerus.

355 2140 550 2204 Adhuc,
585 2140 840 2205 Arc-hillis]
874 2142 935 2192 Iu
970 2142 1058 2192 huc
1075 2157 1213 2192 scena
1231 2158 1360 2207 spec-

291 2222 362 2280 ta,
397 2234 544 2281 quam
573 2217 693 2268 scite
728 2234 951 2283 expressa
987 2221 1051 2269 sit
1080 2222 1360 2269 consuetudo

187 2292 195 2295 ’
289 2295 482 2358 mici,
512 2296 589 2345 vel
609 2295 801 2344 medicoe
835 2296 1120 2358 egredientis
1154 2311 1216 2345 ex
1236 2297 1361 2359 oegrs‘

290 2370 444 2419 donno.
516 2371 649 2419 Num
689 2371 894 2435 veniens,
928 2374 988 2422 de
1017 2372 1226 2434 negotiis
1258 2373 1359 2435 qius

291 2445 540 2510 lewine-.-
570 2447 750 2510 abiens,
765 2450 824 2498 de
842 2447 1027 2499 morbo:
1061 2454 1111 2499 et
1128 2450 1230 2500 ltaec
1250 2455 1358 2499 suat

287 2530 471 2585 praeter
508 2523 788 2591 οἰκονομίαν,
826 2543 930 2592 quoe
973 2527 1196 2578 dicuntur
1227 2527 1358 2595 εὑρή-

292 2620 439 2662 ματα.
483 2602 725 2657 Donatus.

357 2684 386 2729 1
444 2679 638 2744 Adhuc,
696 2681 949 2746 Archiuis]
1012 2683 1099 2732 Sic
1149 2675 1358 2734 ‘veteres

293 2756 598 2807 scribebant
632 2758 803 2822 adhuc,
839 2758 1047 2824 quando
1072 2758 1258 2808 incerti
1277 2757 1359 2808 fu-

293 2838 526 2882 turarum
551 2847 742 2896 rerum,
761 2850 827 2884 ex
851 2835 1195 2899 presentibus
1212 2835 1363 2885 firme

288 2910 644 2981 nuntiabant:
677 2911 814 2977 quod
852 2918 933 2961 est
969 2926 1133 2975 genus
1177 2913 1362 2963 certis·

291 2988 436 3039 simae
462 2988 816 3053 promissionis
833 2995 891 3039 et
912 2996 1095 3039 cautae.
1129 2988 1280 3041 Idem.

352 3065 550 3128 Adhuc,
585 3065 831 3127 Art-hillis,
857 3081 963 3129 quae
980 3066 1211 3129 adsolent,
1233 3075 1359 3130 ‹111oe-

290 3159 377 3210 que
411 3144 626 3208 oportet]
654 3143 922 3193 Medicina
953 3146 1118 3193 autin
1141 3145 1364 3208 ratione,

294 3228 385 3270 aut
431 3221 488 3270 in
539 3219 933 3284 consuetudine,
970 3227 1062 3271 aut
1097 3221 1148 3270 in
1186 3237 1361 3271 exem-

298 3295 421 3362 plis.
509 3298 736 3347 adsolent
786 3311 912 3363 ergo
969 3297 1360 3348 consuetudinis

294 3381 406 3423 est:
446 3378 630 3438 oportet
655 3374 883 3426 rationis.
917 3375 1068 3425 Idem.

310 3449 335 3482 ·'
355 3450 536 3501 Adhuc
555 3450 864 3516 Archil.&c.]
897 3450 1074 3501 Possis
1097 3450 1260 3501 ethic
1283 3451 1362 3500 di-

294 3541 440 3591 cere,
471 3528 560 3577 hui
593 3523 694 3577 tam
732 3527 870 3578 cito!
901 3528 986 3578 vix
1024 3528 1257 3593 ingressa
1295 3527 1360 3577 ad

291 3604 678 3668 parturientem
711 3604 902 3655 Lesbia
941 3604 1200 3654 obstetrix
1243 3619 1365 3654 mox

293 3680 599 3743 egreditur:
637 3681 728 3731 sed
752 3682 867 3731 haec
889 3681 1175 3731 condonari
1199 3682 1363 3746 scrip-

294 3758 499 3806 toribus
522 3754 816 3807 fabularum
840 3766 967 3821 puto
992 3756 1058 3806 ad
1091 3757 1362 3812 absolven-v

293 3833 414 3883 dam
468 3832 727 3883 fabulam:
777 3834 1049 3898 valeatque
1103 3834 1190 3883 hic
1235 3832 1367 3884 iuml

295 3907 635 3960 Plautinum:
670 3910 688 3939 ‘
711 3909 800 3961 Sic
823 3925 1028 3976 quoque
1050 3912 1176 3964 satis
1191 3914 1363 3977 longae

292 3984 528 4037 fabulae!

357 4063 538 4113 Notat
560 4062 816 4127 Donatus,
835 4063 968 4114 scite
1006 4080 1038 4115 a
1066 4064 1244 4116 Poeta
1276 4077 1364 4115 ex·

291 4140 452 4203 primi
478 4140 907 4191 consuetudinem
932 4141 1120 4191 medici
1143 4149 1234 4191 aut
1256 4156 1362 4192 me-

295 4218 433 4268 dicae
459 4219 515 4267 in
549 4219 784 4268 oratione
815 4218 1039 4283 Lesbiae,
1066 4219 1366 4270 obstetrici-

295 4294 393 4344 b'us
415 4294 558 4344 enim
580 4302 639 4346 et
654 4295 910 4361 Ulpianus
931 4304 1101 4346 artem
1124 4296 1366 4347 attribuit

296 4373 332 4420 l.
356 4387 396 4422 1.
429 4374 520 4423 Pr.
553 4372 621 4423 de
655 4373 857 4424 Ventre
890 4372 1086 4438 Inspic.
1122 4381 1363 4438 tanquam

2323 372 2492 436 1101

1432 523 1451 553 ⁴
1466 538 1584 590 quae
1610 526 1916 578 medicinam
1940 528 2190 578 exhibere
2213 527 2494 592 videntur:

1431 601 1470 652 l.
1495 604 1604 667 ις.
1642 605 1732 654 sed
1774 613 1829 655 et
1862 606 2084 656 obstetr.
2119 606 2187 655 de
2223 608 2493 657 extraord.

1433 692 1586 743 cogn.
1660 680 1882 731 Athenis
1929 682 2235 747 permissum
2288 682 2352 732 iis
2397 686 2494 735 boc

1433 764 1569 819 erat,
1613 758 1826 823 pudoris
1862 766 1919 810 et
1955 760 2282 811 necessitatis
2319 777 2492 813 causa.

1434 832 1680 883 Pertinet
1698 834 1797 883 buc
1820 836 1964 885 locus
1999 835 2227 886 Pollucis
2251 844 2495 886 extremo

1434 908 1569 958 libro
1592 919 1776 974 quarto
1797 927 1813 971 ;
1847 912 2019 961 διδοῦσι
2039 910 2275 976 φαρμάκια
2296 912 2345 961 al
2362 916 2495 974 μαῖαι

1431 987 1540 1036 ταῖς
1573 986 1928 1051 δυστοκούσαις,
1950 990 1977 1037 ὁ
1999 987 2203 1038 Πλάτων
2221 988 2358 1051 λέγει
2378 1007 2391 1039 :
2419 991 2496 1040 ita

1433 1063 1515 1113 bic
1533 1064 1793 1127 potionem
1817 1066 2128 1115 medicatam
2146 1063 2318 1115 offerri
2339 1080 2495 1129 puers

1434 1154 1573 1204 perae
1589 1140 1761 1204 jubet.
1793 1142 2053 1192 Boeclerus.

1502 1216 1759 1282 oportent]
1813 1217 1972 1268 Arcti.
2007 1218 2085 1268 sic
2134 1217 2499 1272 Heautontini.

1435 1301 1542 1344 act.
1560 1308 1646 1345 ιιι.
1660 1310 1731 1345 sc.
1746 1299 1796 1345 2.
1815 1296 1832 1323 ⁸
1849 1295 1985 1345 Haec
2009 1293 2229 1345 factaab
2244 1296 2335 1346 illo
2345 1312 2507 1362 opor-⁵1

1437 1372 1636 1436 tebant,
1665 1372 1832 1438 Syre!
1892 1373 2126 1425 Adsolent
2163 1378 2497 1427 consuetudi·

1434 1449 1513 1499 nis
1557 1458 1671 1500 est:
1723 1455 1937 1515 oportent
1983 1451 2220 1503 rationis.
2263 1452 2349 1504 Al.
2389 1455 2496 1519 leg.

1430 1531 1631 1593 oportet.
1670 1527 1977 1577 Farnabius.

1497 1609 1531 1654 2
1562 1604 1718 1668 Signa
1751 1607 2030 1656 adsalutem
2060 1604 2182 1669 esse]
2204 1605 2368 1656 Deest
2391 1607 2496 1657 bae-

1434 1682 1605 1731 rentia
1629 1688 1722 1732 aut
1749 1680 2096 1746 pertinentia:
2132 1684 2208 1732 sic
2235 1683 2287 1731 in
2323 1684 2499 1733 Heau-

1435 1758 1701 1808 tontimor.
1763 1760 1780 1785 ⁸
1804 1758 1987 1824 Atque
2009 1758 2122 1807 haec
2146 1756 2267 1807 sunt
2291 1759 2355 1808 ad
2393 1761 2496 1808 vir-

1436 1842 1601 1884 tutem
1637 1834 1848 1885 omnia!
1914 1836 2053 1899 Ergo
2076 1836 2317 1886 absolute
2340 1836 2498 1899 dixit,

1435 1920 1494 1962 ut
1529 1912 1667 1962 desit
1691 1912 1885 1977 aliquid
1909 1913 2048 1974 tale-3
2068 1913 2205 1962 nude
2226 1922 2282 1962 et
2303 1928 2395 1963 nos
2421 1915 2499 1961 di-

1433 1989 1615 2053 cimus,
1651 1991 1783 2047 Quid
1798 1992 1861 2040 aa
1879 1996 2009 2040 rem?
2032 1991 2132 2054 vel,
2159 1991 2291 2047 Quia
2309 1992 2372 2039 ud
2386 2007 2458 2040 me
2473 1988 2500 2041 ΖΡ

1434 2066 1695 2116 Donatus.
2497 2070 2500 2075 ⁴

1498 2142 1728 2203 Siga-aad
1747 2141 1968 2205 sulutem]
2004 2142 2073 2191 Ο.
2096 2142 2133 2191 l.
2156 2157 2198 2192 s.
2239 2149 2294 2192 et
2316 2144 2496 2193 Dona·

1435 2223 1537 2275 tus,
1562 2216 1701 2279 signa
1721 2232 1819 2269 esse
1840 2220 1903 2267 ud
1921 2219 2135 2269 sulutem.
2168 2218 2414 2269 Faiirnus.
2491 2284 2496 2287 ,

1497 2299 1529 2345 8
1566 2296 1710 2347 Nunc
1723 2296 1930 2362 primm
1954 2296 2061 2360 suc,
2091 2295 2228 2346 istoec
2264 2305 2318 2346 at
2349 2294 2499 2362 latet]

1432 2371 1721 2436 Imperitia:
1756 2380 1999 2424 notantes
2021 2374 2386 2437 ilienandrnm,
2408 2385 2500 2424 aut

1432 2452 1757 2518 Terentium,
1791 2452 1889 2517 ipsi
1928 2454 2068 2505 ultro
2102 2454 2333 2520 imperiti
2355 2454 2499 2504 inve-

1433 2530 1677 2580 niuntur:
1713 2546 1831 2580 nam
1875 2529 2084 2582 λούσατε
2113 2531 2262 2591 αὐτὴν
2300 2531 2500 2593 dicens,

1436 2619 1465 2658 a
1510 2609 1888 2659 consuetudine
1931 2625 2033 2659 nou
2078 2609 2332 2659 recessit:
2382 2623 2499 2658 cum

1435 2685 1645 2748 lavisse,
1682 2691 1773 2734 aut
1814 2699 1915 2734 non
1957 2686 2151 2735 lavisse
2192 2685 2432 2746 dicimus,
2469 2699 2501 2733 a

1437 2769 1590 2826 parte
1615 2769 1781 2813 totum
1804 2762 2174 2826 significantes.
2212 2763 2283 2812 Et
2305 2764 2498 2811 Teren-

1438 2839 1542 2889 tius
1588 2839 1804 2903 propius
1843 2839 1908 2890 ad
1941 2839 2374 2905 significationem
2413 2854 2500 2889 ac-

1436 2915 1620 2979 cessit,
1661 2916 1797 2965 istoec
1841 2915 2086 2979 dicendo,
2133 2930 2201 2965 ne
2255 2915 2503 2978 pudenda

1437 2993 1750 3042 nominaret.
1819 2993 1891 3043 Et
1928 3000 2053 3042 sunt
2088 2994 2174 3058 qui
2206 2993 2498 3042 adhuc'Ar⁴

1436 3069 1603 3120 chillis
1628 3070 2009 3134 correptionem
2031 3084 2146 3118 esse
2169 3068 2377 3117 nimium
2403 3070 2504 3117 sol·

1435 3147 1596 3198 licitae
1621 3146 1838 3197 nutricis
1863 3152 2069 3211 putent,
2091 3145 2228 3210 quod
2264 3161 2364 3209 ego
2397 3159 2502 3194 nou

1437 3224 1621 3290 probo.
1653 3225 1898 3273 Donatus.

1503 3302 1607 3351 Fac
1642 3301 1780 3350 istaec
1818 3305 1872 3349 nt
1911 3298 2059 3363 land]
2114 3299 2261 3349 Istoee
2281 3313 2397 3362 quae
2433 3312 2501 3348 ex

1437 3376 1717 3442 puerperio
1738 3375 2039 3426 sordebant.
2105 3374 2329 3428 Quidam
2351 3376 2504 3437 istac,

1436 3455 1604 3519 ipsam
1643 3468 1956 3520 puerperam
1991 3453 2198 3503 dicunt:
2249 3451 2325 3499 sic
2363 3450 2504 3500 enim

1438 3539 1494 3581 et
1516 3531 1829 3594 Menander,
1860 3529 2071 3580 λούσατε
2092 3528 2241 3589 αὐτὴν
2254 3525 2462 3590 τάχιστα
2487 3543 2501 3575 :

1439 3607 1533 3656 sed
1557 3606 1833 3670 imperitiae
1858 3613 2187 3667 accusantur,
2225 3605 2362 3669 quod
2402 3617 2504 3652 non

1438 3682 1689 3734 continno
1722 3684 1891 3732 solent
1915 3688 2033 3747 post
2056 3681 2391 3746 puerperium
2436 3680 2507 3728 la·

1438 3773 1581 3817 vare,
1598 3759 1690 3808 sed
1714 3758 1897 3809 diebus
1919 3759 2137 3808 omissis.
2171 3757 2321 3806 Idem.

1504 3837 1647 3886 Istoec
1677 3846 1734 3887 at
1769 3837 1917 3901 luvet]
1963 3836 2095 3884 Tum
2120 3846 2237 3898 qua:
2260 3846 2326 3881 ex
2352 3844 2506 3894 puer·

1438 3915 1586 3980 perio
1607 3913 1886 3964 sordebant
1911 3927 1927 3973 3
1962 3918 2071 3961 tum
2094 3911 2262 3973 ipsam
2283 3921 2505 3972 puerpe-

1438 4004 1585 4039 ram:
1643 3990 1720 4038 sic
1766 3989 1904 4038 enim
1944 3984 2259 4045 Menander,
2294 3980 2508 4032 λούσατε

1435 4065 1585 4125 ἀὐτὴν
1623 4063 1854 4126 τάχιστα.
1918 4065 1935 4092 ⁸
1959 4064 2247 4128 Postquam
2294 4059 2506 4123 peperit

1438 4158 1650 4209 pueros,
1705 4144 1882 4192 lavare
1936 4141 2098 4206 jussit
2147 4137 2276 4188 nos.’
2325 4138 2507 4186 Plaut.

1438 4220 1630 4283 Amph.
1652 4225 1758 4270 act.
1782 4234 1823 4269 1.
1844 4233 1918 4268 sc.
1939 4223 1990 4266 6.
2015 4222 2073 4267 et
2093 4215 2300 4265 Trucul.
2340 4221 2443 4264 act.
2468 4228 2507 4263 1.

1439 4311 1511 4347 sc.
1533 4299 1584 4346 Ξ.
1618 4294 1740 4345 vide
1773 4295 2063 4348 Meursium
2107 4292 2174 4344 de
2207 4292 2507 4358 puerperio.

1449 4372 1731 4423 Fur-nabin.
1761 4391 1766 4394 ·
2027 4393 2032 4399 ·
