<?xml version="1.0" encoding="UTF-8"?>
<!DOCTYPE html PUBLIC "-//W3C//DTD XHTML 1.0 Transitional//EN"
    "http://www.w3.org/TR/xhtml1/DTD/xhtml1-transitional.dtd">
<html xmlns="http://www.w3.org/1999/xhtml" xml:lang="en" lang="en">
 <head>
  <title>
</title>
<meta http-equiv="Content-Type" content="text/html;charset=utf-8" />
  <meta name='ocr-system' content='tesseract 3.04.00' />
  <meta name='ocr-capabilities' content='ocr_page ocr_carea ocr_par ocr_line ocrx_word'/>
</head>
<body>
  <div class='ocr_page' id='page_1' title='image "./comoedisexvolum00westgoog_0360.png"; bbox 0 0 3035 4941; ppageno 0'>
   <div class='ocr_carea' id='block_1_1' title="bbox 532 314 1588 536">
    <p class='ocr_par' dir='ltr' id='par_1_1' title="bbox 532 314 1588 536">
     <span class='ocr_line' id='line_1_1' title="bbox 532 314 707 381; baseline 0 0"><span class='ocrx_word' id='word_1_1' title='bbox 532 314 707 381; x_wconf 62' lang='lat'>1336</span> 
     </span>
     <span class='ocr_line' id='line_1_2' title="bbox 537 470 1588 536; baseline -0.003 -14"><span class='ocrx_word' id='word_1_2' title='bbox 537 472 730 535; x_wconf 80' lang='lat' dir='ltr'>fuerat,</span> <span class='ocrx_word' id='word_1_3' title='bbox 771 485 876 520; x_wconf 91' lang='lat' dir='ltr'>nou</span> <span class='ocrx_word' id='word_1_4' title='bbox 916 470 1223 536; x_wconf 70' lang='lat' dir='ltr'><strong>apparebat.</strong></span> <span class='ocrx_word' id='word_1_5' title='bbox 1295 471 1401 526; x_wconf 83' lang='lat' dir='ltr'>Sic,</span> <span class='ocrx_word' id='word_1_6' title='bbox 1426 470 1588 535; x_wconf 79' lang='lat' dir='ltr'>igitur</span> 
     </span>
    </p>
   </div>
   <div class='ocr_carea' id='block_1_2' title="bbox 438 546 1593 611">
    <p class='ocr_par' dir='ltr' id='par_1_2' title="bbox 438 546 1593 611">
     <span class='ocr_line' id='line_1_3' title="bbox 438 546 1593 611; baseline -0.002 -13"><span class='ocrx_word' id='word_1_7' title='bbox 438 599 447 606; x_wconf 72' lang='grc'><em>,</em></span> <span class='ocrx_word' id='word_1_8' title='bbox 541 548 725 611; x_wconf 78' lang='lat' dir='ltr'><strong>accipe</strong></span> <span class='ocrx_word' id='word_1_9' title='bbox 748 555 804 597; x_wconf 89' lang='lat' dir='ltr'>et</span> <span class='ocrx_word' id='word_1_10' title='bbox 824 547 997 600; x_wconf 84' lang='lat' dir='ltr'>crede.</span> <span class='ocrx_word' id='word_1_11' title='bbox 1046 547 1226 596; x_wconf 84' lang='lat' dir='ltr'>Unicae</span> <span class='ocrx_word' id='word_1_12' title='bbox 1242 546 1467 597; x_wconf 77' lang='lat' dir='ltr'>literulae</span> <span class='ocrx_word' id='word_1_13' title='bbox 1481 562 1593 596; x_wconf 86' lang='lat' dir='ltr'>mu·</span> 
     </span>
    </p>
   </div>
   <div class='ocr_carea' id='block_1_3' title="bbox 532 626 1611 4281">
    <p class='ocr_par' dir='ltr' id='par_1_3' title="bbox 532 626 1600 2062">
     <span class='ocr_line' id='line_1_4' title="bbox 537 626 1588 690; baseline 0.001 -14"><span class='ocrx_word' id='word_1_14' title='bbox 537 628 735 676; x_wconf 84' lang='lat' dir='ltr'>tatione</span> <span class='ocrx_word' id='word_1_15' title='bbox 755 633 866 675; x_wconf 86' lang='lat' dir='ltr'>tota</span> <span class='ocrx_word' id='word_1_16' title='bbox 888 641 967 675; x_wconf 85' lang='lat' dir='ltr'>res</span> <span class='ocrx_word' id='word_1_17' title='bbox 990 626 1202 676; x_wconf 86' lang='lat' dir='ltr'>confieri</span> <span class='ocrx_word' id='word_1_18' title='bbox 1222 635 1413 690; x_wconf 89' lang='lat' dir='ltr'>potest.</span> <span class='ocrx_word' id='word_1_19' title='bbox 1469 628 1588 678; x_wconf 87' lang='lat' dir='ltr'>Non</span> 
     </span>
     <span class='ocr_line' id='line_1_5' title="bbox 540 703 1590 769; baseline 0.004 -18"><span class='ocrx_word' id='word_1_20' title='bbox 540 710 623 753; x_wconf 84' lang='lat' dir='ltr'>est</span> <span class='ocrx_word' id='word_1_21' title='bbox 644 703 918 767; x_wconf 79' lang='lat' dir='ltr'>legendum</span> <span class='ocrx_word' id='word_1_22' title='bbox 952 704 1235 768; x_wconf 53' lang='lat' dir='ltr'>suspicata,</span> <span class='ocrx_word' id='word_1_23' title='bbox 1257 706 1349 754; x_wconf 84' lang='lat' dir='ltr'>sed</span> <span class='ocrx_word' id='word_1_24' title='bbox 1386 706 1590 769; x_wconf 74' lang='lat' dir='ltr'>suspice·</span> 
     </span>
     <span class='ocr_line' id='line_1_6' title="bbox 535 781 1591 845; baseline 0.002 -16"><span class='ocrx_word' id='word_1_25' title='bbox 535 785 636 831; x_wconf 78' lang='lat' dir='ltr'>tar.</span> <span class='ocrx_word' id='word_1_26' title='bbox 670 790 755 830; x_wconf 88' lang='lat' dir='ltr'>est</span> <span class='ocrx_word' id='word_1_27' title='bbox 791 791 964 830; x_wconf 86' lang='lat' dir='ltr'>autem</span> <span class='ocrx_word' id='word_1_28' title='bbox 1004 781 1154 845; x_wconf 81' lang='lat' dir='ltr'>longe</span> <span class='ocrx_word' id='word_1_29' title='bbox 1186 783 1408 831; x_wconf 79' lang='lat' dir='ltr'>maxima</span> <span class='ocrx_word' id='word_1_30' title='bbox 1443 781 1591 832; x_wconf 83' lang='lat' dir='ltr'>diffe-</span> 
     </span>
     <span class='ocr_line' id='line_1_7' title="bbox 541 858 1591 925; baseline 0.003 -18"><span class='ocrx_word' id='word_1_31' title='bbox 541 858 711 909; x_wconf 88' lang='lat' dir='ltr'>rentia</span> <span class='ocrx_word' id='word_1_32' title='bbox 746 859 885 908; x_wconf 85' lang='lat' dir='ltr'>inter</span> <span class='ocrx_word' id='word_1_33' title='bbox 917 859 1184 922; x_wconf 74' lang='lat' dir='ltr'>suspicatur</span> <span class='ocrx_word' id='word_1_34' title='bbox 1222 866 1276 909; x_wconf 83' lang='lat' dir='ltr'>et</span> <span class='ocrx_word' id='word_1_35' title='bbox 1314 861 1591 925; x_wconf 74' lang='lat' dir='ltr'>suspicetur.</span> 
     </span>
     <span class='ocr_line' id='line_1_8' title="bbox 540 927 1591 1000; baseline 0 -14"><span class='ocrx_word' id='word_1_36' title='bbox 540 927 676 986; x_wconf 79' lang='lat' dir='ltr'>Nam</span> <span class='ocrx_word' id='word_1_37' title='bbox 702 936 766 988; x_wconf 84' lang='lat' dir='ltr'>dc</span> <span class='ocrx_word' id='word_1_38' title='bbox 798 951 900 1000; x_wconf 87' lang='lat' dir='ltr'>quo</span> <span class='ocrx_word' id='word_1_39' title='bbox 924 935 1119 986; x_wconf 80' lang='lat' dir='ltr'>dixeris</span> <span class='ocrx_word' id='word_1_40' title='bbox 1146 936 1431 1000; x_wconf 67' lang='lat' dir='ltr'>suspicatur,</span> <span class='ocrx_word' id='word_1_41' title='bbox 1453 937 1591 986; x_wconf 88' lang='lat' dir='ltr'>illius</span> 
     </span>
     <span class='ocr_line' id='line_1_9' title="bbox 535 1013 1592 1076; baseline 0.003 -14"><span class='ocrx_word' id='word_1_42' title='bbox 535 1013 738 1063; x_wconf 84' lang='lat' dir='ltr'>animus</span> <span class='ocrx_word' id='word_1_43' title='bbox 762 1014 917 1076; x_wconf 88' lang='lat' dir='ltr'>plane</span> <span class='ocrx_word' id='word_1_44' title='bbox 938 1019 993 1062; x_wconf 92' lang='lat' dir='ltr'>et</span> <span class='ocrx_word' id='word_1_45' title='bbox 1017 1027 1110 1076; x_wconf 89' lang='lat' dir='ltr'>pro</span> <span class='ocrx_word' id='word_1_46' title='bbox 1140 1021 1287 1063; x_wconf 87' lang='lat' dir='ltr'>certo</span> <span class='ocrx_word' id='word_1_47' title='bbox 1307 1021 1592 1065; x_wconf 84' lang='lat' dir='ltr'>commotus</span> 
     </span>
     <span class='ocr_line' id='line_1_10' title="bbox 539 1089 1592 1153; baseline 0.004 -15"><span class='ocrx_word' id='word_1_48' title='bbox 539 1098 597 1139; x_wconf 88' lang='lat' dir='ltr'>et</span> <span class='ocrx_word' id='word_1_49' title='bbox 620 1089 870 1153; x_wconf 88' lang='lat' dir='ltr'>impulsus</span> <span class='ocrx_word' id='word_1_50' title='bbox 901 1090 1195 1152; x_wconf 69' lang='lat' dir='ltr'>suspicione</span> <span class='ocrx_word' id='word_1_51' title='bbox 1215 1099 1331 1152; x_wconf 83' lang='lat' dir='ltr'>est;</span> <span class='ocrx_word' id='word_1_52' title='bbox 1370 1098 1425 1141; x_wconf 87' lang='lat' dir='ltr'>at</span> <span class='ocrx_word' id='word_1_53' title='bbox 1447 1091 1492 1141; x_wconf 85' lang='lat' dir='ltr'>si</span> <span class='ocrx_word' id='word_1_54' title='bbox 1512 1091 1592 1142; x_wconf 90' lang='lat' dir='ltr'>di-</span> 
     </span>
     <span class='ocr_line' id='line_1_11' title="bbox 542 1165 1589 1230; baseline 0.005 -16"><span class='ocrx_word' id='word_1_55' title='bbox 542 1179 635 1214; x_wconf 82' lang='lat' dir='ltr'>cas</span> <span class='ocrx_word' id='word_1_56' title='bbox 660 1165 887 1228; x_wconf 75' lang='lat' dir='ltr'>Clitipho</span> <span class='ocrx_word' id='word_1_57' title='bbox 914 1166 1195 1228; x_wconf 75' lang='lat' dir='ltr'>suspicetur,</span> <span class='ocrx_word' id='word_1_58' title='bbox 1218 1170 1299 1230; x_wconf 59' lang='grc' dir='ltr'>ξε.</span> <span class='ocrx_word' id='word_1_59' title='bbox 1329 1169 1430 1218; x_wconf 88' lang='lat' dir='ltr'>erit</span> <span class='ocrx_word' id='word_1_60' title='bbox 1452 1168 1589 1219; x_wconf 85' lang='lat' dir='ltr'>istud</span> 
     </span>
     <span class='ocr_line' id='line_1_12' title="bbox 539 1241 1594 1305; baseline 0.004 -13"><span class='ocrx_word' id='word_1_61' title='bbox 539 1241 593 1292; x_wconf 90' lang='lat' dir='ltr'>in</span> <span class='ocrx_word' id='word_1_62' title='bbox 633 1241 785 1291; x_wconf 87' lang='lat' dir='ltr'>modo</span> <span class='ocrx_word' id='word_1_63' title='bbox 809 1241 1084 1304; x_wconf 87' lang='lat' dir='ltr'>potentiali</span> <span class='ocrx_word' id='word_1_64' title='bbox 1119 1243 1373 1305; x_wconf 85' lang='lat' dir='ltr'>positum;</span> <span class='ocrx_word' id='word_1_65' title='bbox 1423 1244 1499 1295; x_wconf 88' lang='lat' dir='ltr'>ita</span> <span class='ocrx_word' id='word_1_66' title='bbox 1533 1250 1594 1296; x_wconf 88' lang='lat' dir='ltr'>ut</span> 
     </span>
     <span class='ocr_line' id='line_1_13' title="bbox 536 1316 1592 1371; baseline 0.003 -3"><span class='ocrx_word' id='word_1_67' title='bbox 536 1333 645 1368; x_wconf 84' lang='lat' dir='ltr'>non</span> <span class='ocrx_word' id='word_1_68' title='bbox 665 1316 971 1368; x_wconf 83' lang='lat' dir='ltr'>affirmative</span> <span class='ocrx_word' id='word_1_69' title='bbox 991 1326 1048 1368; x_wconf 90' lang='lat' dir='ltr'>et</span> <span class='ocrx_word' id='word_1_70' title='bbox 1079 1320 1297 1370; x_wconf 82' lang='lat' dir='ltr'>theticos</span> <span class='ocrx_word' id='word_1_71' title='bbox 1317 1320 1461 1370; x_wconf 88' lang='lat' dir='ltr'>dicas</span> <span class='ocrx_word' id='word_1_72' title='bbox 1482 1337 1592 1371; x_wconf 88' lang='lat' dir='ltr'>sus·</span> 
     </span>
     <span class='ocr_line' id='line_1_14' title="bbox 532 1394 1594 1462; baseline 0.005 -19"><span class='ocrx_word' id='word_1_73' title='bbox 532 1394 726 1458; x_wconf 82' lang='lat' dir='ltr'>picari,</span> <span class='ocrx_word' id='word_1_74' title='bbox 763 1394 856 1443; x_wconf 88' lang='lat' dir='ltr'>sed</span> <span class='ocrx_word' id='word_1_75' title='bbox 899 1401 1098 1445; x_wconf 87' lang='lat' dir='ltr'>tantum</span> <span class='ocrx_word' id='word_1_76' title='bbox 1135 1411 1287 1460; x_wconf 88' lang='lat' dir='ltr'>posse</span> <span class='ocrx_word' id='word_1_77' title='bbox 1330 1397 1594 1462; x_wconf 72' lang='lat' dir='ltr'>suspicare</span> 
     </span>
     <span class='ocr_line' id='line_1_15' title="bbox 544 1470 1594 1539; baseline 0.004 -19"><span class='ocrx_word' id='word_1_78' title='bbox 544 1485 602 1520; x_wconf 84' lang='lat' dir='ltr'>se</span> <span class='ocrx_word' id='word_1_79' title='bbox 623 1484 733 1520; x_wconf 82' lang='lat' dir='ltr'>esse</span> <span class='ocrx_word' id='word_1_80' title='bbox 754 1470 1035 1533; x_wconf 83' lang='lat' dir='ltr'>subditum,</span> <span class='ocrx_word' id='word_1_81' title='bbox 1057 1486 1175 1521; x_wconf 89' lang='lat' dir='ltr'>cum</span> <span class='ocrx_word' id='word_1_82' title='bbox 1197 1473 1405 1523; x_wconf 88' lang='lat' dir='ltr'>nimiam</span> <span class='ocrx_word' id='word_1_83' title='bbox 1427 1476 1483 1524; x_wconf 90' lang='lat' dir='ltr'>in</span> <span class='ocrx_word' id='word_1_84' title='bbox 1503 1490 1594 1539; x_wconf 85' lang='lat' dir='ltr'>pa-</span> 
     </span>
     <span class='ocr_line' id='line_1_16' title="bbox 544 1549 1595 1613; baseline 0.006 -15"><span class='ocrx_word' id='word_1_85' title='bbox 544 1556 628 1610; x_wconf 80' lang='lat' dir='ltr'>tre</span> <span class='ocrx_word' id='word_1_86' title='bbox 682 1550 1023 1613; x_wconf 73' lang='lat' dir='ltr'>asperitatem</span> <span class='ocrx_word' id='word_1_87' title='bbox 1077 1549 1266 1601; x_wconf 82' lang='lat' dir='ltr'>videat.</span> <span class='ocrx_word' id='word_1_88' title='bbox 1346 1553 1595 1604; x_wconf 79' lang='lat' dir='ltr'>Lectores</span> 
     </span>
     <span class='ocr_line' id='line_1_17' title="bbox 543 1624 1598 1690; baseline 0.007 -18"><span class='ocrx_word' id='word_1_89' title='bbox 543 1624 831 1690; x_wconf 78' lang='lat' dir='ltr'>prudentes</span> <span class='ocrx_word' id='word_1_90' title='bbox 866 1640 928 1674; x_wconf 88' lang='lat' dir='ltr'>ac</span> <span class='ocrx_word' id='word_1_91' title='bbox 970 1624 1102 1674; x_wconf 88' lang='lat' dir='ltr'>bene</span> <span class='ocrx_word' id='word_1_92' title='bbox 1134 1627 1374 1677; x_wconf 80' lang='lat' dir='ltr'>cordatos</span> <span class='ocrx_word' id='word_1_93' title='bbox 1409 1642 1500 1677; x_wconf 81' lang='lat' dir='ltr'>oro</span> <span class='ocrx_word' id='word_1_94' title='bbox 1535 1644 1598 1680; x_wconf 90' lang='lat' dir='ltr'>ac</span> 
     </span>
     <span class='ocr_line' id='line_1_18' title="bbox 544 1701 1598 1766; baseline 0.006 -17"><span class='ocrx_word' id='word_1_95' title='bbox 544 1714 742 1765; x_wconf 82' lang='lat' dir='ltr'>quaeso,</span> <span class='ocrx_word' id='word_1_96' title='bbox 761 1708 819 1751; x_wconf 90' lang='lat' dir='ltr'>ut</span> <span class='ocrx_word' id='word_1_97' title='bbox 841 1701 978 1766; x_wconf 88' lang='lat' dir='ltr'>quod</span> <span class='ocrx_word' id='word_1_98' title='bbox 999 1716 1030 1750; x_wconf 83' lang='lat' dir='ltr'>a</span> <span class='ocrx_word' id='word_1_99' title='bbox 1061 1717 1141 1751; x_wconf 88' lang='lat' dir='ltr'>me</span> <span class='ocrx_word' id='word_1_100' title='bbox 1163 1702 1360 1753; x_wconf 89' lang='lat' dir='ltr'>dictum</span> <span class='ocrx_word' id='word_1_101' title='bbox 1389 1710 1471 1754; x_wconf 88' lang='lat' dir='ltr'>cst</span> <span class='ocrx_word' id='word_1_102' title='bbox 1492 1719 1598 1755; x_wconf 89' lang='lat' dir='ltr'>mo·</span> 
     </span>
     <span class='ocr_line' id='line_1_19' title="bbox 547 1774 1598 1845; baseline 0.006 -21"><span class='ocrx_word' id='word_1_103' title='bbox 547 1774 637 1838; x_wconf 90' lang='lat' dir='ltr'>do,</span> <span class='ocrx_word' id='word_1_104' title='bbox 660 1776 712 1826; x_wconf 91' lang='lat' dir='ltr'>id</span> <span class='ocrx_word' id='word_1_105' title='bbox 736 1777 1068 1828; x_wconf 82' lang='lat' dir='ltr'>considerent</span> <span class='ocrx_word' id='word_1_106' title='bbox 1089 1779 1388 1844; x_wconf 77' lang='lat' dir='ltr'>diligentins</span> <span class='ocrx_word' id='word_1_107' title='bbox 1409 1781 1598 1845; x_wconf 79' lang='lat' dir='ltr'>pau103</span> 
     </span>
     <span class='ocr_line' id='line_1_20' title="bbox 544 1852 1599 1916; baseline 0.006 -16"><span class='ocrx_word' id='word_1_108' title='bbox 544 1859 602 1901; x_wconf 89' lang='lat' dir='ltr'>et</span> <span class='ocrx_word' id='word_1_109' title='bbox 623 1852 721 1901; x_wconf 83' lang='lat' dir='ltr'>boc</span> <span class='ocrx_word' id='word_1_110' title='bbox 736 1854 1078 1916; x_wconf 85' lang='lat' dir='ltr'>meminerint,</span> <span class='ocrx_word' id='word_1_111' title='bbox 1091 1855 1251 1906; x_wconf 85' lang='lat' dir='ltr'>libros</span> <span class='ocrx_word' id='word_1_112' title='bbox 1267 1864 1471 1907; x_wconf 86' lang='lat' dir='ltr'>veteres</span> <span class='ocrx_word' id='word_1_113' title='bbox 1496 1871 1599 1907; x_wconf 92' lang='lat' dir='ltr'>non</span> 
     </span>
     <span class='ocr_line' id='line_1_21' title="bbox 542 1928 1600 1997; baseline 0.005 -20"><span class='ocrx_word' id='word_1_114' title='bbox 542 1928 655 1977; x_wconf 89' lang='lat' dir='ltr'>sine</span> <span class='ocrx_word' id='word_1_115' title='bbox 675 1929 782 1978; x_wconf 86' lang='lat' dir='ltr'>acri</span> <span class='ocrx_word' id='word_1_116' title='bbox 814 1936 871 1979; x_wconf 90' lang='lat' dir='ltr'>et</span> <span class='ocrx_word' id='word_1_117' title='bbox 895 1936 1100 1981; x_wconf 89' lang='lat' dir='ltr'>attento</span> <span class='ocrx_word' id='word_1_118' title='bbox 1127 1932 1298 1982; x_wconf 89' lang='lat' dir='ltr'>studio</span> <span class='ocrx_word' id='word_1_119' title='bbox 1320 1934 1422 1997; x_wconf 78' lang='lat' dir='ltr'>legi</span> <span class='ocrx_word' id='word_1_120' title='bbox 1446 1931 1600 1983; x_wconf 90' lang='lat' dir='ltr'>dece-</span> 
     </span>
     <span class='ocr_line' id='line_1_22' title="bbox 543 2005 823 2062; baseline 0.014 -9"><span class='ocrx_word' id='word_1_121' title='bbox 543 2019 619 2056; x_wconf 88' lang='lat' dir='ltr'>re.</span> <span class='ocrx_word' id='word_1_122' title='bbox 652 2005 823 2062; x_wconf 81' lang='lat' dir='ltr'>Faber.</span> 
     </span>
    </p>

    <p class='ocr_par' dir='ltr' id='par_1_4' title="bbox 545 2082 1604 2592">
     <span class='ocr_line' id='line_1_23' title="bbox 609 2082 1601 2150; baseline 0.007 -20"><span class='ocrx_word' id='word_1_123' title='bbox 609 2086 643 2131; x_wconf 85' lang='lat'><strong>6</strong></span> <span class='ocrx_word' id='word_1_124' title='bbox 683 2082 890 2132; x_wconf 76' lang='lat' dir='ltr'>Haecine</span> <span class='ocrx_word' id='word_1_125' title='bbox 913 2084 1123 2146; x_wconf 78' lang='lat' dir='ltr'>quoesisti</span> <span class='ocrx_word' id='word_1_126' title='bbox 1144 2084 1353 2150; x_wconf 73' lang='lat' dir='ltr'>obsecro]</span> <span class='ocrx_word' id='word_1_127' title='bbox 1376 2086 1517 2136; x_wconf 76' lang='grc' dir='ltr'><strong><em>Ποῖόν</em></strong></span> <span class='ocrx_word' id='word_1_128' title='bbox 1543 2103 1601 2137; x_wconf 80' lang='grc' dir='ltr'>σε</span> 
     </span>
     <span class='ocr_line' id='line_1_24' title="bbox 549 2157 1598 2225; baseline 0.007 -18"><span class='ocrx_word' id='word_1_129' title='bbox 549 2157 661 2208; x_wconf 68' lang='grc' dir='ltr'>ἔπος</span> <span class='ocrx_word' id='word_1_130' title='bbox 693 2157 846 2221; x_wconf 76' lang='grc' dir='ltr'><strong><em>φύγεν</em></strong></span> <span class='ocrx_word' id='word_1_131' title='bbox 877 2157 1008 2223; x_wconf 77' lang='grc' dir='ltr'><strong><em>ἕρκος</em></strong></span> <span class='ocrx_word' id='word_1_132' title='bbox 1037 2160 1258 2225; x_wconf 72' lang='grc' dir='ltr'>ὂδόηωνς</span> <span class='ocrx_word' id='word_1_133' title='bbox 1292 2163 1507 2214; x_wconf 81' lang='lat' dir='ltr'>hoccine</span> <span class='ocrx_word' id='word_1_134' title='bbox 1543 2172 1598 2214; x_wconf 77' lang='lat' dir='ltr'>tu</span> 
     </span>
     <span class='ocr_line' id='line_1_25' title="bbox 546 2236 1600 2299; baseline 0.008 -17"><span class='ocrx_word' id='word_1_135' title='bbox 546 2236 872 2299; x_wconf 82' lang='lat' dir='ltr'>interrogare</span> <span class='ocrx_word' id='word_1_136' title='bbox 913 2251 1017 2286; x_wconf 88' lang='lat' dir='ltr'>non</span> <span class='ocrx_word' id='word_1_137' title='bbox 1059 2252 1116 2287; x_wconf 88' lang='lat' dir='ltr'>es</span> <span class='ocrx_word' id='word_1_138' title='bbox 1160 2241 1393 2289; x_wconf 82' lang='lat' dir='ltr'>veritus?</span> <span class='ocrx_word' id='word_1_139' title='bbox 1451 2240 1600 2290; x_wconf 90' lang='lat' dir='ltr'>Bene</span> 
     </span>
     <span class='ocr_line' id='line_1_26' title="bbox 546 2312 1604 2379; baseline 0.004 -16"><span class='ocrx_word' id='word_1_140' title='bbox 546 2312 734 2363; x_wconf 79' lang='lat' dir='ltr'>Gallus</span> <span class='ocrx_word' id='word_1_141' title='bbox 758 2313 1094 2364; x_wconf 68' lang='lat' dir='ltr'>scholiastes:</span> <span class='ocrx_word' id='word_1_142' title='bbox 1117 2314 1221 2364; x_wconf 78' lang='lat' dir='ltr'>n&#39;as</span> <span class='ocrx_word' id='word_1_143' title='bbox 1242 2319 1296 2365; x_wconf 73' lang='lat' dir='ltr'>tu</span> <span class='ocrx_word' id='word_1_144' title='bbox 1312 2316 1447 2379; x_wconf 71' lang='lat' dir='ltr'>point</span> <span class='ocrx_word' id='word_1_145' title='bbox 1464 2318 1604 2367; x_wconf 67' lang='lat' dir='ltr'>bonu</span> 
     </span>
     <span class='ocr_line' id='line_1_27' title="bbox 547 2388 1604 2447; baseline 0.002 -7"><span class='ocrx_word' id='word_1_146' title='bbox 547 2388 729 2440; x_wconf 74' lang='lat' dir='ltr'>d&#39;avoir</span> <span class='ocrx_word' id='word_1_147' title='bbox 752 2388 859 2447; x_wconf 74' lang='lat' dir='ltr'>suit</span> <span class='ocrx_word' id='word_1_148' title='bbox 898 2403 989 2438; x_wconf 76' lang='lat' dir='ltr'>une</span> <span class='ocrx_word' id='word_1_149' title='bbox 1031 2390 1139 2438; x_wconf 81' lang='lat' dir='ltr'>telle</span> <span class='ocrx_word' id='word_1_150' title='bbox 1192 2391 1450 2441; x_wconf 73' lang='lat' dir='ltr'>demands?</span> <span class='ocrx_word' id='word_1_151' title='bbox 1500 2392 1604 2442; x_wconf 73' lang='lat' dir='ltr'>a’as</span> 
     </span>
     <span class='ocr_line' id='line_1_28' title="bbox 545 2465 1603 2528; baseline 0.004 -12"><span class='ocrx_word' id='word_1_152' title='bbox 545 2472 602 2516; x_wconf 77' lang='lat' dir='ltr'>ta</span> <span class='ocrx_word' id='word_1_153' title='bbox 634 2465 740 2516; x_wconf 69' lang='lat' dir='ltr'>bien</span> <span class='ocrx_word' id='word_1_154' title='bbox 770 2465 1005 2528; x_wconf 63' lang='lat' dir='ltr'>osefairs</span> <span class='ocrx_word' id='word_1_155' title='bbox 1031 2474 1152 2519; x_wconf 78' lang='lat' dir='ltr'>cette</span> <span class='ocrx_word' id='word_1_156' title='bbox 1182 2470 1438 2520; x_wconf 65' lang='lat' dir='ltr'>demessae?</span> <span class='ocrx_word' id='word_1_157' title='bbox 1484 2470 1603 2520; x_wconf 83' lang='lat' dir='ltr'>Boe·</span> 
     </span>
     <span class='ocr_line' id='line_1_29' title="bbox 547 2543 738 2593; baseline -0.006 -1"><span class='ocrx_word' id='word_1_158' title='bbox 547 2543 738 2593; x_wconf 88' lang='lat' dir='ltr'>clerus.</span> 
     </span>
    </p>

    <p class='ocr_par' dir='ltr' id='par_1_5' title="bbox 538 2618 1609 3448">
     <span class='ocr_line' id='line_1_30' title="bbox 610 2618 1604 2686; baseline 0.007 -20"><span class='ocrx_word' id='word_1_159' title='bbox 610 2621 645 2667; x_wconf 76' lang='lat'>7</span> <span class='ocrx_word' id='word_1_160' title='bbox 679 2618 762 2667; x_wconf 77' lang='lat' dir='ltr'>Ita</span> <span class='ocrx_word' id='word_1_161' title='bbox 787 2618 906 2667; x_wconf 64' lang='lat' dir='ltr'>milii</span> <span class='ocrx_word' id='word_1_162' title='bbox 933 2623 1075 2682; x_wconf 68' lang='lat' dir='ltr'>atque</span> <span class='ocrx_word' id='word_1_163' title='bbox 1109 2620 1218 2670; x_wconf 74' lang='lat' dir='ltr'>huic</span> <span class='ocrx_word' id='word_1_164' title='bbox 1249 2621 1320 2670; x_wconf 81' lang='lat' dir='ltr'>sis</span> <span class='ocrx_word' id='word_1_165' title='bbox 1347 2622 1604 2686; x_wconf 72' lang='lat' dir='ltr'>superstes]</span> 
     </span>
     <span class='ocr_line' id='line_1_31' title="bbox 538 2692 1603 2763; baseline 0.006 -19"><span class='ocrx_word' id='word_1_166' title='bbox 538 2692 718 2758; x_wconf 69' lang='grc' dir='ltr'><strong><em>Ὅρκος</em></strong></span> <span class='ocrx_word' id='word_1_167' title='bbox 772 2693 943 2758; x_wconf 57' lang='lat' dir='ltr'>homos,</span> <span class='ocrx_word' id='word_1_168' title='bbox 985 2710 1051 2744; x_wconf 85' lang='lat' dir='ltr'>ex</span> <span class='ocrx_word' id='word_1_169' title='bbox 1090 2699 1288 2748; x_wconf 84' lang='lat' dir='ltr'>solenni</span> <span class='ocrx_word' id='word_1_170' title='bbox 1332 2709 1603 2763; x_wconf 83' lang='lat' dir='ltr'>parentum</span> 
     </span>
     <span class='ocr_line' id='line_1_32' title="bbox 551 2750 1605 2837; baseline 0.006 -16"><span class='ocrx_word' id='word_1_171' title='bbox 551 2781 692 2823; x_wconf 83' lang='lat' dir='ltr'>voto.</span> <span class='ocrx_word' id='word_1_172' title='bbox 763 2773 847 2822; x_wconf 90' lang='lat' dir='ltr'>De</span> <span class='ocrx_word' id='word_1_173' title='bbox 887 2787 989 2837; x_wconf 89' lang='lat' dir='ltr'>quo</span> <span class='ocrx_word' id='word_1_174' title='bbox 1021 2750 1178 2825; x_wconf 73' lang='lat' dir='ltr'>etiam</span> <span class='ocrx_word' id='word_1_175' title='bbox 1207 2776 1430 2825; x_wconf 88' lang='lat' dir='ltr'>Romani</span> <span class='ocrx_word' id='word_1_176' title='bbox 1451 2777 1605 2829; x_wconf 86' lang='lat' dir='ltr'>Jure·</span> 
     </span>
     <span class='ocr_line' id='line_1_33' title="bbox 545 2848 1604 2916; baseline 0.004 -17"><span class='ocrx_word' id='word_1_177' title='bbox 545 2848 774 2899; x_wconf 83' lang='lat' dir='ltr'>consulti</span> <span class='ocrx_word' id='word_1_178' title='bbox 785 2863 886 2897; x_wconf 88' lang='lat' dir='ltr'>non</span> <span class='ocrx_word' id='word_1_179' title='bbox 898 2849 1057 2899; x_wconf 88' lang='lat' dir='ltr'>semel</span> <span class='ocrx_word' id='word_1_180' title='bbox 1071 2852 1425 2914; x_wconf 88' lang='lat' dir='ltr'>pronuntiant.</span> <span class='ocrx_word' id='word_1_181' title='bbox 1448 2851 1604 2916; x_wconf 83' lang='lat' dir='ltr'>Apud</span> 
     </span>
     <span class='ocr_line' id='line_1_34' title="bbox 552 2925 1607 2995; baseline 0.006 -20"><span class='ocrx_word' id='word_1_182' title='bbox 552 2926 929 2976; x_wconf 78' lang='lat' dir='ltr'>Quintilianum</span> <span class='ocrx_word' id='word_1_183' title='bbox 971 2925 1170 2992; x_wconf 84' lang='lat' dir='ltr'>(Instlt.</span> <span class='ocrx_word' id='word_1_184' title='bbox 1206 2928 1358 2978; x_wconf 87' lang='lat' dir='ltr'>Orat.</span> <span class='ocrx_word' id='word_1_185' title='bbox 1407 2940 1488 2980; x_wconf 72' lang='lat'>111.</span> <span class='ocrx_word' id='word_1_186' title='bbox 1531 2929 1607 2995; x_wconf 74' lang='lat'>2.)</span> 
     </span>
     <span class='ocr_line' id='line_1_35' title="bbox 550 3000 1607 3070; baseline 0.004 -18"><span class='ocrx_word' id='word_1_187' title='bbox 550 3002 629 3057; x_wconf 88' lang='lat' dir='ltr'>ita</span> <span class='ocrx_word' id='word_1_188' title='bbox 667 3000 915 3053; x_wconf 77' lang='lat' dir='ltr'>efferturz</span> <span class='ocrx_word' id='word_1_189' title='bbox 949 3003 964 3030; x_wconf 88' lang='lat'>‘</span> <span class='ocrx_word' id='word_1_190' title='bbox 986 3003 1061 3053; x_wconf 90' lang='lat' dir='ltr'>ita</span> <span class='ocrx_word' id='word_1_191' title='bbox 1082 3004 1202 3053; x_wconf 85' lang='lat' dir='ltr'>mihi</span> <span class='ocrx_word' id='word_1_192' title='bbox 1214 3006 1485 3070; x_wconf 83' lang='lat' dir='ltr'>contingat</span> <span class='ocrx_word' id='word_1_193' title='bbox 1505 3008 1607 3056; x_wconf 80' lang='lat' dir='ltr'>bae·</span> 
     </span>
     <span class='ocr_line' id='line_1_36' title="bbox 549 3078 1607 3143; baseline 0.005 -15"><span class='ocrx_word' id='word_1_194' title='bbox 549 3079 678 3129; x_wconf 88' lang='lat' dir='ltr'>rede</span> <span class='ocrx_word' id='word_1_195' title='bbox 709 3078 815 3130; x_wconf 87' lang='lat' dir='ltr'>filio</span> <span class='ocrx_word' id='word_1_196' title='bbox 850 3079 1019 3142; x_wconf 88' lang='lat' dir='ltr'>mori,&#39;</span> <span class='ocrx_word' id='word_1_197' title='bbox 1043 3080 1109 3129; x_wconf 92' lang='lat' dir='ltr'>de</span> <span class='ocrx_word' id='word_1_198' title='bbox 1133 3096 1235 3143; x_wconf 87' lang='lat' dir='ltr'>qua</span> <span class='ocrx_word' id='word_1_199' title='bbox 1257 3097 1314 3130; x_wconf 92' lang='lat' dir='ltr'>re</span> <span class='ocrx_word' id='word_1_200' title='bbox 1335 3083 1497 3133; x_wconf 86' lang='lat' dir='ltr'>multa</span> <span class='ocrx_word' id='word_1_201' title='bbox 1519 3096 1607 3132; x_wconf 87' lang='lat' dir='ltr'>an-</span> 
     </span>
     <span class='ocr_line' id='line_1_37' title="bbox 551 3156 1608 3211; baseline 0.006 -7"><span class='ocrx_word' id='word_1_202' title='bbox 551 3164 801 3205; x_wconf 83' lang='lat' dir='ltr'>notantur</span> <span class='ocrx_word' id='word_1_203' title='bbox 827 3156 893 3205; x_wconf 86' lang='lat' dir='ltr'>ad</span> <span class='ocrx_word' id='word_1_204' title='bbox 914 3157 1040 3205; x_wconf 88' lang='lat' dir='ltr'>illud</span> <span class='ocrx_word' id='word_1_205' title='bbox 1057 3158 1233 3208; x_wconf 85' lang='lat' dir='ltr'>Plaut.</span> <span class='ocrx_word' id='word_1_206' title='bbox 1259 3158 1403 3209; x_wconf 86' lang='lat' dir='ltr'>Asin.</span> <span class='ocrx_word' id='word_1_207' title='bbox 1425 3174 1463 3209; x_wconf 84' lang='lat'>1.</span> <span class='ocrx_word' id='word_1_208' title='bbox 1486 3164 1536 3210; x_wconf 92' lang='lat'>1.</span> <span class='ocrx_word' id='word_1_209' title='bbox 1561 3164 1608 3211; x_wconf 94' lang='lat' dir='ltr'>l.</span> 
     </span>
     <span class='ocr_line' id='line_1_38' title="bbox 549 3232 1608 3298; baseline 0.004 -17"><span class='ocrx_word' id='word_1_210' title='bbox 549 3232 567 3260; x_wconf 87' lang='lat'>‘</span> <span class='ocrx_word' id='word_1_211' title='bbox 588 3233 733 3282; x_wconf 88' lang='lat' dir='ltr'>Sicut</span> <span class='ocrx_word' id='word_1_212' title='bbox 760 3241 901 3282; x_wconf 89' lang='lat' dir='ltr'>tuum</span> <span class='ocrx_word' id='word_1_213' title='bbox 927 3233 1003 3281; x_wconf 82' lang='lat' dir='ltr'>vis</span> <span class='ocrx_word' id='word_1_214' title='bbox 1030 3234 1230 3284; x_wconf 89' lang='lat' dir='ltr'>unicum</span> <span class='ocrx_word' id='word_1_215' title='bbox 1266 3244 1478 3298; x_wconf 85' lang='lat' dir='ltr'>gnatum</span> <span class='ocrx_word' id='word_1_216' title='bbox 1503 3243 1608 3285; x_wconf 78' lang='lat' dir='ltr'>tuae</span> 
     </span>
     <span class='ocr_line' id='line_1_39' title="bbox 550 3308 1609 3376; baseline 0.005 -19"><span class='ocrx_word' id='word_1_217' title='bbox 550 3308 836 3373; x_wconf 69' lang='lat' dir='ltr'>Superesse</span> <span class='ocrx_word' id='word_1_218' title='bbox 877 3310 1000 3358; x_wconf 84' lang='lat' dir='ltr'>vitae</span> <span class='ocrx_word' id='word_1_219' title='bbox 1046 3310 1294 3374; x_wconf 88' lang='lat' dir='ltr'>sospitem</span> <span class='ocrx_word' id='word_1_220' title='bbox 1334 3318 1390 3360; x_wconf 84' lang='lat' dir='ltr'>et</span> <span class='ocrx_word' id='word_1_221' title='bbox 1431 3327 1609 3376; x_wconf 88' lang='lat' dir='ltr'>super·</span> 
     </span>
     <span class='ocr_line' id='line_1_40' title="bbox 548 3385 1429 3448; baseline 0.003 -14"><span class='ocrx_word' id='word_1_222' title='bbox 548 3385 750 3448; x_wconf 69' lang='lat' dir='ltr'>etitem,</span> <span class='ocrx_word' id='word_1_223' title='bbox 786 3386 872 3434; x_wconf 90' lang='lat' dir='ltr'>Ita</span> <span class='ocrx_word' id='word_1_224' title='bbox 897 3394 949 3435; x_wconf 91' lang='lat' dir='ltr'>te</span> <span class='ocrx_word' id='word_1_225' title='bbox 973 3385 1243 3436; x_wconf 86' lang='lat' dir='ltr'>obtestor.’</span> <span class='ocrx_word' id='word_1_226' title='bbox 1277 3387 1429 3437; x_wconf 64' lang='lat' dir='ltr'>Ideni.</span> 
     </span>
    </p>

    <p class='ocr_par' dir='ltr' id='par_1_6' title="bbox 549 3460 1611 4045">
     <span class='ocr_line' id='line_1_41' title="bbox 618 3460 1611 3528; baseline 0.005 -20"><span class='ocrx_word' id='word_1_227' title='bbox 618 3461 702 3509; x_wconf 80' lang='lat' dir='ltr'>Ita</span> <span class='ocrx_word' id='word_1_228' title='bbox 724 3461 858 3523; x_wconf 75' lang='lat' dir='ltr'>mihi,</span> <span class='ocrx_word' id='word_1_229' title='bbox 875 3460 983 3523; x_wconf 60' lang='lat' dir='ltr'>efen]</span> <span class='ocrx_word' id='word_1_230' title='bbox 1020 3462 1334 3525; x_wconf 77' lang='lat' dir='ltr'>Religiosum</span> <span class='ocrx_word' id='word_1_231' title='bbox 1354 3463 1531 3528; x_wconf 88' lang='lat' dir='ltr'>ntique</span> <span class='ocrx_word' id='word_1_232' title='bbox 1555 3470 1611 3513; x_wconf 84' lang='lat' dir='ltr'>et</span> 
     </span>
     <span class='ocr_line' id='line_1_42' title="bbox 553 3537 1609 3602; baseline 0.007 -19"><span class='ocrx_word' id='word_1_233' title='bbox 553 3537 765 3585; x_wconf 82' lang='lat' dir='ltr'>solenne</span> <span class='ocrx_word' id='word_1_234' title='bbox 801 3545 1071 3598; x_wconf 86' lang='lat' dir='ltr'>parentum</span> <span class='ocrx_word' id='word_1_235' title='bbox 1108 3546 1282 3587; x_wconf 86' lang='lat' dir='ltr'>votum</span> <span class='ocrx_word' id='word_1_236' title='bbox 1320 3538 1441 3602; x_wconf 83' lang='lat' dir='ltr'>fuit,</span> <span class='ocrx_word' id='word_1_237' title='bbox 1474 3538 1609 3590; x_wconf 86' lang='lat' dir='ltr'>filios</span> 
     </span>
     <span class='ocr_line' id='line_1_43' title="bbox 553 3611 1610 3677; baseline 0.006 -17"><span class='ocrx_word' id='word_1_238' title='bbox 553 3611 653 3660; x_wconf 88' lang='lat' dir='ltr'>sibi</span> <span class='ocrx_word' id='word_1_239' title='bbox 705 3614 995 3676; x_wconf 84' lang='lat' dir='ltr'>relinquere</span> <span class='ocrx_word' id='word_1_240' title='bbox 1055 3614 1382 3677; x_wconf 81' lang='lat' dir='ltr'>superstites.</span> <span class='ocrx_word' id='word_1_241' title='bbox 1432 3616 1610 3666; x_wconf 87' lang='lat' dir='ltr'>Plaut.</span> 
     </span>
     <span class='ocr_line' id='line_1_44' title="bbox 552 3689 1609 3744; baseline 0.004 -4"><span class='ocrx_word' id='word_1_242' title='bbox 552 3689 762 3740; x_wconf 90' lang='lat' dir='ltr'>Asinar.</span> <span class='ocrx_word' id='word_1_243' title='bbox 787 3698 888 3739; x_wconf 86' lang='lat' dir='ltr'>act.</span> <span class='ocrx_word' id='word_1_244' title='bbox 915 3702 953 3739; x_wconf 86' lang='grc' dir='ltr'>ῐ.</span> <span class='ocrx_word' id='word_1_245' title='bbox 976 3705 1049 3741; x_wconf 80' lang='lat' dir='ltr'>sc.</span> <span class='ocrx_word' id='word_1_246' title='bbox 1073 3696 1120 3741; x_wconf 94' lang='lat'>1.</span> <span class='ocrx_word' id='word_1_247' title='bbox 1154 3692 1169 3718; x_wconf 95' lang='lat'>‘</span> <span class='ocrx_word' id='word_1_248' title='bbox 1193 3692 1339 3742; x_wconf 90' lang='lat' dir='ltr'>Sicut</span> <span class='ocrx_word' id='word_1_249' title='bbox 1360 3700 1503 3742; x_wconf 88' lang='lat' dir='ltr'>tuum</span> <span class='ocrx_word' id='word_1_250' title='bbox 1533 3695 1609 3744; x_wconf 81' lang='lat' dir='ltr'>vis</span> 
     </span>
     <span class='ocr_line' id='line_1_45' title="bbox 554 3766 1608 3830; baseline 0.006 -15"><span class='ocrx_word' id='word_1_251' title='bbox 554 3766 760 3815; x_wconf 86' lang='lat' dir='ltr'>unicum</span> <span class='ocrx_word' id='word_1_252' title='bbox 794 3774 1006 3829; x_wconf 79' lang='lat' dir='ltr'>gnatum</span> <span class='ocrx_word' id='word_1_253' title='bbox 1042 3773 1144 3815; x_wconf 84' lang='lat' dir='ltr'>tuae</span> <span class='ocrx_word' id='word_1_254' title='bbox 1178 3767 1463 3830; x_wconf 82' lang='lat' dir='ltr'>Superesse</span> <span class='ocrx_word' id='word_1_255' title='bbox 1488 3770 1608 3821; x_wconf 71' lang='lat' dir='ltr'>vitae</span> 
     </span>
     <span class='ocr_line' id='line_1_46' title="bbox 549 3842 1608 3906; baseline 0.003 -13"><span class='ocrx_word' id='word_1_256' title='bbox 549 3842 801 3905; x_wconf 85' lang='lat' dir='ltr'>sospitem</span> <span class='ocrx_word' id='word_1_257' title='bbox 850 3850 905 3892; x_wconf 89' lang='lat' dir='ltr'>et</span> <span class='ocrx_word' id='word_1_258' title='bbox 953 3844 1324 3906; x_wconf 56' lang='lat' dir='ltr'>superstitem!</span> <span class='ocrx_word' id='word_1_259' title='bbox 1376 3846 1608 3899; x_wconf 86' lang='lat' dir='ltr'>Martial.</span> 
     </span>
     <span class='ocr_line' id='line_1_47' title="bbox 550 3920 1608 4016; baseline 0.007 -48"><span class='ocrx_word' id='word_1_260' title='bbox 550 3921 589 3968; x_wconf 83' lang='lat'>1.</span> <span class='ocrx_word' id='word_1_261' title='bbox 627 3932 722 3970; x_wconf 84' lang='lat' dir='ltr'>vn.</span> <span class='ocrx_word' id='word_1_262' title='bbox 756 3933 841 3982; x_wconf 88' lang='lat' dir='ltr'>ep.</span> <span class='ocrx_word' id='word_1_263' title='bbox 865 3923 950 3970; x_wconf 86' lang='grc'>95.</span> <span class='ocrx_word' id='word_1_264' title='bbox 981 3920 1106 3970; x_wconf 85' lang='lat' dir='ltr'>‘Sic</span> <span class='ocrx_word' id='word_1_265' title='bbox 1128 3922 1192 4016; x_wconf 80' lang='lat' dir='ltr'>ad</span> <span class='ocrx_word' id='word_1_266' title='bbox 1216 3922 1486 3983; x_wconf 58' lang='lat' dir='ltr'>Letltaeasss</span> <span class='ocrx_word' id='word_1_267' title='bbox 1505 3927 1608 3977; x_wconf 68' lang='grc' dir='ltr'>ἃς.</span> 
     </span>
     <span class='ocr_line' id='line_1_48' title="bbox 552 3995 983 4046; baseline 0 -1"><span class='ocrx_word' id='word_1_268' title='bbox 552 3996 662 4045; x_wconf 89' lang='lat' dir='ltr'>alii.</span> <span class='ocrx_word' id='word_1_269' title='bbox 698 3995 983 4046; x_wconf 77' lang='lat' dir='ltr'>Famabius.</span> 
     </span>
    </p>

    <p class='ocr_par' dir='ltr' id='par_1_7' title="bbox 546 4073 1608 4280">
     <span class='ocr_line' id='line_1_49' title="bbox 546 4073 1608 4138; baseline 0.012 -21"><span class='ocrx_word' id='word_1_270' title='bbox 546 4076 724 4121; x_wconf 84' lang='grc'>,89</span> <span class='ocrx_word' id='word_1_271' title='bbox 774 4073 844 4121; x_wconf 84' lang='lat' dir='ltr'>Et</span> <span class='ocrx_word' id='word_1_272' title='bbox 885 4076 1240 4138; x_wconf 75' lang='lat' dir='ltr'>cuveposthac,</span> <span class='ocrx_word' id='word_1_273' title='bbox 1276 4078 1608 4130; x_wconf 80' lang='lat' dir='ltr'>simeamas.</span> 
     </span>
     <span class='ocr_line' id='line_1_50' title="bbox 553 4152 1609 4215; baseline 0.008 -16"><span class='ocrx_word' id='word_1_274' title='bbox 553 4152 625 4199; x_wconf 78' lang='lat' dir='ltr'>At</span> <span class='ocrx_word' id='word_1_275' title='bbox 654 4164 762 4212; x_wconf 73' lang='lat' dir='ltr'>ego,</span> <span class='ocrx_word' id='word_1_276' title='bbox 796 4152 843 4200; x_wconf 81' lang='lat' dir='ltr'>si</span> <span class='ocrx_word' id='word_1_277' title='bbox 877 4167 949 4200; x_wconf 81' lang='lat' dir='ltr'>me</span> <span class='ocrx_word' id='word_1_278' title='bbox 975 4153 1167 4215; x_wconf 63' lang='lat' dir='ltr'>ulands]</span> <span class='ocrx_word' id='word_1_279' title='bbox 1200 4152 1332 4208; x_wconf 86' lang='lat' dir='ltr'>Vide</span> <span class='ocrx_word' id='word_1_280' title='bbox 1366 4155 1609 4209; x_wconf 80' lang='lat' dir='ltr'>Chresto·</span> 
     </span>
     <span class='ocr_line' id='line_1_51' title="bbox 552 4227 1401 4281; baseline 0.007 -7"><span class='ocrx_word' id='word_1_281' title='bbox 552 4227 713 4277; x_wconf 71' lang='lat' dir='ltr'>nuath.</span> <span class='ocrx_word' id='word_1_282' title='bbox 737 4240 861 4278; x_wconf 82' lang='lat' dir='ltr'>voce</span> <span class='ocrx_word' id='word_1_283' title='bbox 882 4227 1105 4278; x_wconf 86' lang='lat' dir='ltr'>Denunt.</span> <span class='ocrx_word' id='word_1_284' title='bbox 1143 4229 1401 4281; x_wconf 72' lang='lat' dir='ltr'>Boeoleras.</span> 
     </span>
    </p>
   </div>
   <div class='ocr_carea' id='block_1_4' title="bbox 1206 330 1998 379">
    <p class='ocr_par' dir='ltr' id='par_1_8' title="bbox 1206 330 1998 379">
     <span class='ocr_line' id='line_1_52' title="bbox 1206 330 1998 379; baseline 0.001 -1"><span class='ocrx_word' id='word_1_285' title='bbox 1206 330 1423 378; x_wconf 76' lang='lat' dir='ltr'>NOTAE</span> <span class='ocrx_word' id='word_1_286' title='bbox 1471 330 1870 379; x_wconf 59' lang='lat' dir='ltr'>vammum</span> <span class='ocrx_word' id='word_1_287' title='bbox 1923 332 1998 379; x_wconf 77' lang='lat' dir='ltr'>m</span> 
     </span>
    </p>
   </div>
   <div class='ocr_carea' id='block_1_5' title="bbox 1662 471 2746 4295">
    <p class='ocr_par' dir='ltr' id='par_1_9' title="bbox 1662 471 2722 845">
     <span class='ocr_line' id='line_1_53' title="bbox 1727 471 2707 538; baseline 0.001 -17"><span class='ocrx_word' id='word_1_288' title='bbox 1727 475 1791 521; x_wconf 85' lang='lat' dir='ltr'>lt)</span> <span class='ocrx_word' id='word_1_289' title='bbox 1823 471 1917 523; x_wconf 76' lang='lat' dir='ltr'>Cr..</span> <span class='ocrx_word' id='word_1_290' title='bbox 1956 474 2109 538; x_wconf 71' lang='lat' dir='ltr'>Quos]</span> <span class='ocrx_word' id='word_1_291' title='bbox 2139 471 2371 536; x_wconf 80' lang='lat' dir='ltr'>Clitipho</span> <span class='ocrx_word' id='word_1_292' title='bbox 2391 471 2458 522; x_wconf 88' lang='lat' dir='ltr'>ad</span> <span class='ocrx_word' id='word_1_293' title='bbox 2475 476 2707 522; x_wconf 80' lang='lat' dir='ltr'>extenua·</span> 
     </span>
     <span class='ocr_line' id='line_1_54' title="bbox 1662 549 2710 614; baseline 0 -15"><span class='ocrx_word' id='word_1_294' title='bbox 1662 550 1859 602; x_wconf 79' lang='lat' dir='ltr'>tionem</span> <span class='ocrx_word' id='word_1_295' title='bbox 1883 552 1994 600; x_wconf 78' lang='lat' dir='ltr'>vult</span> <span class='ocrx_word' id='word_1_296' title='bbox 2017 549 2318 614; x_wconf 71' lang='lat' dir='ltr'>confugere,</span> <span class='ocrx_word' id='word_1_297' title='bbox 2340 551 2484 614; x_wconf 77' lang='lat' dir='ltr'>quali</span> <span class='ocrx_word' id='word_1_298' title='bbox 2512 558 2710 606; x_wconf 84' lang='lat' dir='ltr'>senten-</span> 
     </span>
     <span class='ocr_line' id='line_1_55' title="bbox 1664 626 2712 680; baseline -0.002 -4"><span class='ocrx_word' id='word_1_299' title='bbox 1664 626 1739 676; x_wconf 84' lang='lat' dir='ltr'>tia</span> <span class='ocrx_word' id='word_1_300' title='bbox 1758 640 1833 677; x_wconf 90' lang='lat' dir='ltr'>sc.</span> <span class='ocrx_word' id='word_1_301' title='bbox 1870 631 1919 677; x_wconf 78' lang='lat'>2.</span> <span class='ocrx_word' id='word_1_302' title='bbox 1955 636 2077 677; x_wconf 84' lang='lat' dir='ltr'>ante</span> <span class='ocrx_word' id='word_1_303' title='bbox 2109 627 2281 677; x_wconf 84' lang='lat' dir='ltr'>dixit:</span> <span class='ocrx_word' id='word_1_304' title='bbox 2313 627 2628 680; x_wconf 81' lang='lat' dir='ltr'>‘Quodnam</span> <span class='ocrx_word' id='word_1_305' title='bbox 2652 626 2712 675; x_wconf 88' lang='lat' dir='ltr'>ob</span> 
     </span>
     <span class='ocr_line' id='line_1_56' title="bbox 1662 702 2722 769; baseline -0.002 -16"><span class='ocrx_word' id='word_1_306' title='bbox 1662 702 1896 754; x_wconf 80' lang='lat' dir='ltr'>facinus?</span> <span class='ocrx_word' id='word_1_307' title='bbox 1919 704 2042 769; x_wconf 87' lang='lat' dir='ltr'>quid</span> <span class='ocrx_word' id='word_1_308' title='bbox 2065 719 2164 769; x_wconf 73' lang='lat' dir='ltr'>ego</span> <span class='ocrx_word' id='word_1_309' title='bbox 2184 710 2387 754; x_wconf 82' lang='lat' dir='ltr'>tantum</span> <span class='ocrx_word' id='word_1_310' title='bbox 2404 703 2622 753; x_wconf 85' lang='lat' dir='ltr'>sceleris</span> <span class='ocrx_word' id='word_1_311' title='bbox 2640 702 2722 752; x_wconf 83' lang='lat' dir='ltr'>ad-</span> 
     </span>
     <span class='ocr_line' id='line_1_57' title="bbox 1664 780 2475 845; baseline -0.001 -15"><span class='ocrx_word' id='word_1_312' title='bbox 1664 781 1817 830; x_wconf 85' lang='lat' dir='ltr'>misi?</span> <span class='ocrx_word' id='word_1_313' title='bbox 1851 781 2025 845; x_wconf 78' lang='lat' dir='ltr'>Vulgo</span> <span class='ocrx_word' id='word_1_314' title='bbox 2045 780 2283 832; x_wconf 65' lang='lat' dir='ltr'>faciunt!</span> <span class='ocrx_word' id='word_1_315' title='bbox 2319 780 2475 829; x_wconf 71' lang='lat' dir='ltr'>Idem.</span> 
     </span>
    </p>

    <p class='ocr_par' dir='ltr' id='par_1_10' title="bbox 1662 856 2727 1461">
     <span class='ocr_line' id='line_1_58' title="bbox 1733 856 2721 923; baseline -0.003 -15"><span class='ocrx_word' id='word_1_316' title='bbox 1733 860 1907 916; x_wconf 76' lang='lat' dir='ltr'>Gerr-0,</span> <span class='ocrx_word' id='word_1_317' title='bbox 1947 859 2098 923; x_wconf 75' lang='lat' dir='ltr'>iners]</span> <span class='ocrx_word' id='word_1_318' title='bbox 2152 860 2170 888; x_wconf 89' lang='lat'>‘</span> <span class='ocrx_word' id='word_1_319' title='bbox 2189 858 2388 910; x_wconf 83' lang='lat' dir='ltr'>Gerro’</span> <span class='ocrx_word' id='word_1_320' title='bbox 2434 864 2521 908; x_wconf 87' lang='lat' dir='ltr'>est</span> <span class='ocrx_word' id='word_1_321' title='bbox 2566 856 2721 922; x_wconf 85' lang='lat' dir='ltr'>piscis</span> 
     </span>
     <span class='ocr_line' id='line_1_59' title="bbox 1664 933 2724 999; baseline -0.003 -13"><span class='ocrx_word' id='word_1_322' title='bbox 1664 939 1855 987; x_wconf 89' lang='lat' dir='ltr'>nullius</span> <span class='ocrx_word' id='word_1_323' title='bbox 1898 938 2098 999; x_wconf 81' lang='lat' dir='ltr'>saporis</span> <span class='ocrx_word' id='word_1_324' title='bbox 2143 938 2226 987; x_wconf 81' lang='lat' dir='ltr'>vel</span> <span class='ocrx_word' id='word_1_325' title='bbox 2279 936 2552 987; x_wconf 86' lang='lat' dir='ltr'>momenti.</span> <span class='ocrx_word' id='word_1_326' title='bbox 2618 933 2724 984; x_wconf 83' lang='lat' dir='ltr'>Ant</span> 
     </span>
     <span class='ocr_line' id='line_1_60' title="bbox 1664 1011 2723 1077; baseline -0.005 -15"><span class='ocrx_word' id='word_1_327' title='bbox 1664 1019 1680 1042; x_wconf 77' lang='lat'>⁸</span> <span class='ocrx_word' id='word_1_328' title='bbox 1697 1027 1849 1077; x_wconf 82' lang='lat' dir='ltr'>gerru</span> <span class='ocrx_word' id='word_1_329' title='bbox 1862 1011 1877 1034; x_wconf 85' lang='lat'><em>’</em></span> <span class='ocrx_word' id='word_1_330' title='bbox 1899 1012 2140 1062; x_wconf 85' lang='lat' dir='ltr'>dicuntur</span> <span class='ocrx_word' id='word_1_331' title='bbox 2159 1012 2596 1073; x_wconf 79' lang='lat' dir='ltr'>machinamenta,</span> <span class='ocrx_word' id='word_1_332' title='bbox 2612 1023 2723 1074; x_wconf 70' lang='lat' dir='ltr'>quae</span> 
     </span>
     <span class='ocr_line' id='line_1_61' title="bbox 1664 1086 2727 1152; baseline -0.006 -12"><span class='ocrx_word' id='word_1_333' title='bbox 1664 1091 1909 1140; x_wconf 83' lang='lat' dir='ltr'>adversus</span> <span class='ocrx_word' id='word_1_334' title='bbox 1930 1090 2170 1140; x_wconf 78' lang='lat' dir='ltr'>civitates</span> <span class='ocrx_word' id='word_1_335' title='bbox 2192 1088 2409 1146; x_wconf 83' lang='lat' dir='ltr'>fiebant,</span> <span class='ocrx_word' id='word_1_336' title='bbox 2423 1099 2616 1152; x_wconf 76' lang='lat' dir='ltr'>magno</span> <span class='ocrx_word' id='word_1_337' title='bbox 2637 1086 2727 1135; x_wconf 82' lang='lat' dir='ltr'>ltn-</span> 
     </span>
     <span class='ocr_line' id='line_1_62' title="bbox 1666 1160 2727 1231; baseline -0.006 -14"><span class='ocrx_word' id='word_1_338' title='bbox 1666 1173 1788 1231; x_wconf 81' lang='lat' dir='ltr'>petu</span> <span class='ocrx_word' id='word_1_339' title='bbox 1812 1181 1927 1216; x_wconf 89' lang='lat' dir='ltr'>cum</span> <span class='ocrx_word' id='word_1_340' title='bbox 1947 1165 1977 1195; x_wconf 72' lang='lat'>⁸*</span> <span class='ocrx_word' id='word_1_341' title='bbox 1995 1166 2278 1230; x_wconf 85' lang='lat' dir='ltr'>dejicerent</span> <span class='ocrx_word' id='word_1_342' title='bbox 2293 1165 2479 1215; x_wconf 86' lang='lat' dir='ltr'>eadem</span> <span class='ocrx_word' id='word_1_343' title='bbox 2494 1165 2510 1193; x_wconf 88' lang='lat'>‘</span> <span class='ocrx_word' id='word_1_344' title='bbox 2527 1160 2727 1228; x_wconf 74' lang='lat' dir='ltr'>gerras&#39;</span> 
     </span>
     <span class='ocr_line' id='line_1_63' title="bbox 1667 1241 2727 1308; baseline -0.005 -16"><span class='ocrx_word' id='word_1_345' title='bbox 1667 1244 2018 1308; x_wconf 80' lang='lat' dir='ltr'>appellabant.</span> <span class='ocrx_word' id='word_1_346' title='bbox 2072 1243 2299 1305; x_wconf 87' lang='lat' dir='ltr'>‘Helluo</span> <span class='ocrx_word' id='word_1_347' title='bbox 2319 1241 2335 1263; x_wconf 88' lang='lat'><em>&#39;</em></span> <span class='ocrx_word' id='word_1_348' title='bbox 2378 1248 2464 1291; x_wconf 89' lang='lat' dir='ltr'>est</span> <span class='ocrx_word' id='word_1_349' title='bbox 2506 1241 2727 1301; x_wconf 68' lang='lat' dir='ltr'>invasor,</span> 
     </span>
     <span class='ocr_line' id='line_1_64' title="bbox 1667 1318 2727 1384; baseline -0.005 -15"><span class='ocrx_word' id='word_1_350' title='bbox 1667 1326 1724 1369; x_wconf 86' lang='lat' dir='ltr'>et</span> <span class='ocrx_word' id='word_1_351' title='bbox 1768 1320 1857 1384; x_wconf 87' lang='lat' dir='ltr'>qui</span> <span class='ocrx_word' id='word_1_352' title='bbox 1893 1319 2169 1384; x_wconf 87' lang='lat' dir='ltr'>plurimum</span> <span class='ocrx_word' id='word_1_353' title='bbox 2213 1318 2492 1369; x_wconf 77' lang='lat' dir='ltr'>consumit.</span> <span class='ocrx_word' id='word_1_354' title='bbox 2537 1318 2727 1379; x_wconf 70' lang='lat' dir='ltr'>Bag-rc·</span> 
     </span>
     <span class='ocr_line' id='line_1_65' title="bbox 1662 1398 1823 1461; baseline -0.006 -14"><span class='ocrx_word' id='word_1_355' title='bbox 1662 1398 1823 1461; x_wconf 69' lang='lat' dir='ltr'>pitius.</span> 
     </span>
    </p>

    <p class='ocr_par' dir='ltr' id='par_1_11' title="bbox 1670 1468 2728 1677">
     <span class='ocr_line' id='line_1_66' title="bbox 1734 1468 2728 1536; baseline -0.006 -13"><span class='ocrx_word' id='word_1_356' title='bbox 1734 1473 1912 1536; x_wconf 69' lang='lat' dir='ltr'>Fraus,</span> <span class='ocrx_word' id='word_1_357' title='bbox 1932 1471 2090 1535; x_wconf 69' lang='lat' dir='ltr'>heluo]</span> <span class='ocrx_word' id='word_1_358' title='bbox 2138 1472 2204 1523; x_wconf 87' lang='lat' dir='ltr'>In</span> <span class='ocrx_word' id='word_1_359' title='bbox 2237 1471 2372 1522; x_wconf 89' lang='lat' dir='ltr'>libro</span> <span class='ocrx_word' id='word_1_360' title='bbox 2391 1468 2657 1520; x_wconf 88' lang='lat' dir='ltr'>Bembino</span> <span class='ocrx_word' id='word_1_361' title='bbox 2675 1473 2728 1517; x_wconf 88' lang='lat' dir='ltr'>et</span> 
     </span>
     <span class='ocr_line' id='line_1_67' title="bbox 1670 1544 2726 1617; baseline -0.006 -18"><span class='ocrx_word' id='word_1_362' title='bbox 1670 1549 1784 1600; x_wconf 84' lang='lat' dir='ltr'>aliis</span> <span class='ocrx_word' id='word_1_363' title='bbox 1806 1549 2028 1617; x_wconf 63' lang='lat' dir='ltr'>antiquis</span> <span class='ocrx_word' id='word_1_364' title='bbox 2048 1550 2219 1612; x_wconf 72' lang='lat' dir='ltr'>helluo,</span> <span class='ocrx_word' id='word_1_365' title='bbox 2240 1560 2336 1613; x_wconf 86' lang='lat' dir='ltr'>per</span> <span class='ocrx_word' id='word_1_366' title='bbox 2367 1547 2475 1597; x_wconf 89' lang='lat' dir='ltr'>duo</span> <span class='ocrx_word' id='word_1_367' title='bbox 2497 1547 2537 1609; x_wconf 89' lang='lat' dir='ltr'>l,</span> <span class='ocrx_word' id='word_1_368' title='bbox 2570 1544 2726 1608; x_wconf 83' lang='lat' dir='ltr'>scrip-</span> 
     </span>
     <span class='ocr_line' id='line_1_68' title="bbox 1677 1625 2288 1677; baseline -0.003 -1"><span class='ocrx_word' id='word_1_369' title='bbox 1677 1634 1787 1676; x_wconf 84' lang='lat' dir='ltr'>tum</span> <span class='ocrx_word' id='word_1_370' title='bbox 1810 1631 1909 1676; x_wconf 86' lang='lat' dir='ltr'>est.</span> <span class='ocrx_word' id='word_1_371' title='bbox 1943 1625 2187 1677; x_wconf 69' lang='lat' dir='ltr'>Fa‘e‘rnas.</span> <span class='ocrx_word' id='word_1_372' title='bbox 2287 1647 2288 1650; x_wconf 40' lang='lat'>¹</span> 
     </span>
    </p>

    <p class='ocr_par' dir='ltr' id='par_1_12' title="bbox 1672 1699 2731 2222">
     <span class='ocr_line' id='line_1_69' title="bbox 1740 1699 2730 1765; baseline -0.005 -14"><span class='ocrx_word' id='word_1_373' title='bbox 1740 1700 2247 1765; x_wconf 70' lang='lat' dir='ltr'>Gerro‚iners,frcas,</span> <span class='ocrx_word' id='word_1_374' title='bbox 2265 1699 2446 1762; x_wconf 70' lang='lat' dir='ltr'>helluo]</span> <span class='ocrx_word' id='word_1_375' title='bbox 2471 1700 2730 1764; x_wconf 81' lang='lat' dir='ltr'>Frequen-</span> 
     </span>
     <span class='ocr_line' id='line_1_70' title="bbox 1672 1774 2731 1842; baseline -0.008 -13"><span class='ocrx_word' id='word_1_376' title='bbox 1672 1779 1884 1830; x_wconf 86' lang='lat' dir='ltr'>tationis</span> <span class='ocrx_word' id='word_1_377' title='bbox 1922 1792 2105 1842; x_wconf 80' lang='lat' dir='ltr'>genus,</span> <span class='ocrx_word' id='word_1_378' title='bbox 2138 1776 2371 1841; x_wconf 87' lang='lat' dir='ltr'>inprimis</span> <span class='ocrx_word' id='word_1_379' title='bbox 2410 1774 2642 1825; x_wconf 80' lang='lat' dir='ltr'>validum</span> <span class='ocrx_word' id='word_1_380' title='bbox 2680 1779 2731 1822; x_wconf 88' lang='lat' dir='ltr'>et</span> 
     </span>
     <span class='ocr_line' id='line_1_71' title="bbox 1674 1853 2729 1920; baseline -0.006 -13"><span class='ocrx_word' id='word_1_381' title='bbox 1674 1855 1952 1907; x_wconf 81' lang='lat' dir='ltr'>affectibus</span> <span class='ocrx_word' id='word_1_382' title='bbox 1974 1864 2170 1920; x_wconf 90' lang='lat' dir='ltr'>aptum.</span> <span class='ocrx_word' id='word_1_383' title='bbox 2214 1857 2231 1885; x_wconf 91' lang='lat'>‘</span> <span class='ocrx_word' id='word_1_384' title='bbox 2248 1853 2435 1916; x_wconf 88' lang='lat' dir='ltr'>Iners,’</span> <span class='ocrx_word' id='word_1_385' title='bbox 2459 1854 2578 1903; x_wconf 87' lang='lat' dir='ltr'>sine</span> <span class='ocrx_word' id='word_1_386' title='bbox 2599 1861 2729 1912; x_wconf 81' lang='lat' dir='ltr'>arte,</span> 
     </span>
     <span class='ocr_line' id='line_1_72' title="bbox 1673 1928 2731 1997; baseline -0.005 -15"><span class='ocrx_word' id='word_1_387' title='bbox 1673 1932 1708 1982; x_wconf 85' lang='lat' dir='ltr'>i.</span> <span class='ocrx_word' id='word_1_388' title='bbox 1729 1948 1778 1983; x_wconf 87' lang='lat' dir='ltr'>e.</span> <span class='ocrx_word' id='word_1_389' title='bbox 1809 1933 1969 1997; x_wconf 75' lang='grc' dir='ltr'>ἆρει-ᾒ,</span> <span class='ocrx_word' id='word_1_390' title='bbox 2004 1934 2211 1981; x_wconf 79' lang='lat' dir='ltr'>Donato</span> <span class='ocrx_word' id='word_1_391' title='bbox 2235 1930 2289 1979; x_wconf 89' lang='lat' dir='ltr'>in</span> <span class='ocrx_word' id='word_1_392' title='bbox 2312 1929 2484 1980; x_wconf 87' lang='lat' dir='ltr'>Andr.</span> <span class='ocrx_word' id='word_1_393' title='bbox 2509 1934 2569 1977; x_wconf 91' lang='lat' dir='ltr'>et</span> <span class='ocrx_word' id='word_1_394' title='bbox 2587 1928 2731 1979; x_wconf 84' lang='lat' dir='ltr'>Cice·</span> 
     </span>
     <span class='ocr_line' id='line_1_73' title="bbox 1675 2004 2731 2068; baseline -0.005 -11"><span class='ocrx_word' id='word_1_395' title='bbox 1675 2009 1787 2058; x_wconf 87' lang='lat' dir='ltr'>roni</span> <span class='ocrx_word' id='word_1_396' title='bbox 1805 2022 1869 2059; x_wconf 81' lang='lat'>11.</span> <span class='ocrx_word' id='word_1_397' title='bbox 1892 2008 1958 2057; x_wconf 91' lang='lat' dir='ltr'>de</span> <span class='ocrx_word' id='word_1_398' title='bbox 1979 2009 2088 2057; x_wconf 89' lang='lat' dir='ltr'>Fiu.</span> <span class='ocrx_word' id='word_1_399' title='bbox 2107 2011 2189 2057; x_wconf 75' lang='grc'>34.</span> <span class='ocrx_word' id='word_1_400' title='bbox 2221 2009 2237 2034; x_wconf 88' lang='lat'>‘</span> <span class='ocrx_word' id='word_1_401' title='bbox 2259 2004 2466 2066; x_wconf 83' lang='lat' dir='ltr'>Fraus,&#39;</span> <span class='ocrx_word' id='word_1_402' title='bbox 2483 2019 2666 2068; x_wconf 74' lang='lat' dir='ltr'>magna</span> <span class='ocrx_word' id='word_1_403' title='bbox 2681 2010 2731 2052; x_wconf 88' lang='lat' dir='ltr'>et</span> 
     </span>
     <span class='ocr_line' id='line_1_74' title="bbox 1676 2080 2730 2147; baseline -0.004 -15"><span class='ocrx_word' id='word_1_404' title='bbox 1676 2098 1790 2133; x_wconf 88' lang='lat' dir='ltr'>rara</span> <span class='ocrx_word' id='word_1_405' title='bbox 1820 2082 2025 2146; x_wconf 72' lang='grc' dir='ltr'>αὐξήιηι,</span> <span class='ocrx_word' id='word_1_406' title='bbox 2045 2097 2139 2147; x_wconf 91' lang='lat' dir='ltr'>pro</span> <span class='ocrx_word' id='word_1_407' title='bbox 2157 2081 2509 2141; x_wconf 80' lang='lat' dir='ltr'>fraudulento,</span> <span class='ocrx_word' id='word_1_408' title='bbox 2528 2081 2620 2145; x_wconf 88' lang='lat' dir='ltr'>qui</span> <span class='ocrx_word' id='word_1_409' title='bbox 2640 2080 2730 2129; x_wconf 81' lang='lat' dir='ltr'>fal·</span> 
     </span>
     <span class='ocr_line' id='line_1_75' title="bbox 1675 2159 2672 2222; baseline -0.001 -13"><span class='ocrx_word' id='word_1_410' title='bbox 1675 2161 1782 2210; x_wconf 87' lang='lat' dir='ltr'>lere</span> <span class='ocrx_word' id='word_1_411' title='bbox 1803 2161 2132 2210; x_wconf 79' lang='lat' dir='ltr'>consueverit</span> <span class='ocrx_word' id='word_1_412' title='bbox 2153 2168 2374 2222; x_wconf 86' lang='lat' dir='ltr'>patrem.</span> <span class='ocrx_word' id='word_1_413' title='bbox 2408 2159 2672 2208; x_wconf 73' lang='lat' dir='ltr'>Boeclerus.</span> 
     </span>
    </p>

    <p class='ocr_par' dir='ltr' id='par_1_13' title="bbox 1677 2236 2731 2364">
     <span class='ocr_line' id='line_1_76' title="bbox 1746 2236 2731 2300; baseline -0.002 -15"><span class='ocrx_word' id='word_1_414' title='bbox 1746 2237 1924 2300; x_wconf 76' lang='lat' dir='ltr'>Gerre]</span> <span class='ocrx_word' id='word_1_415' title='bbox 1949 2236 1996 2286; x_wconf 87' lang='lat' dir='ltr'>N</span> <span class='ocrx_word' id='word_1_416' title='bbox 2003 2243 2204 2300; x_wconf 84' lang='lat' dir='ltr'>ugator,</span> <span class='ocrx_word' id='word_1_417' title='bbox 2226 2250 2391 2299; x_wconf 70' lang='lat' dir='ltr'>genzae</span> <span class='ocrx_word' id='word_1_418' title='bbox 2410 2236 2552 2283; x_wconf 89' lang='lat' dir='ltr'>enim</span> <span class='ocrx_word' id='word_1_419' title='bbox 2572 2250 2731 2298; x_wconf 80' lang='lat' dir='ltr'>nugae.</span> 
     </span>
     <span class='ocr_line' id='line_1_77' title="bbox 1677 2312 1959 2364; baseline -0.011 0"><span class='ocrx_word' id='word_1_420' title='bbox 1677 2312 1959 2364; x_wconf 72' lang='lat' dir='ltr'>Famabius.</span> 
     </span>
    </p>

    <p class='ocr_par' dir='ltr' id='par_1_14' title="bbox 1742 2388 2734 2453">
     <span class='ocr_line' id='line_1_78' title="bbox 1742 2388 2734 2453; baseline 0 -14"><span class='ocrx_word' id='word_1_421' title='bbox 1742 2389 1920 2452; x_wconf 73' lang='lat' dir='ltr'>Fraus]</span> <span class='ocrx_word' id='word_1_422' title='bbox 1947 2388 2349 2453; x_wconf 81' lang='lat' dir='ltr'>Fraudulentus,</span> <span class='ocrx_word' id='word_1_423' title='bbox 2367 2388 2554 2442; x_wconf 83' lang='lat' dir='ltr'>fallax.</span> <span class='ocrx_word' id='word_1_424' title='bbox 2588 2390 2734 2440; x_wconf 69' lang='lat' dir='ltr'>Iden.</span> 
     </span>
    </p>

    <p class='ocr_par' dir='ltr' id='par_1_15' title="bbox 1682 2464 2739 2610">
     <span class='ocr_line' id='line_1_79' title="bbox 1745 2464 2735 2532; baseline 0 -15"><span class='ocrx_word' id='word_1_425' title='bbox 1745 2470 1807 2517; x_wconf 89' lang='lat' dir='ltr'>ll</span> <span class='ocrx_word' id='word_1_426' title='bbox 1844 2464 2033 2529; x_wconf 74' lang='lat' dir='ltr'>Gnaeo]</span> <span class='ocrx_word' id='word_1_427' title='bbox 2061 2465 2315 2517; x_wconf 80' lang='lat' dir='ltr'>Tabernis</span> <span class='ocrx_word' id='word_1_428' title='bbox 2352 2481 2574 2532; x_wconf 79' lang='lat' dir='ltr'>operam</span> <span class='ocrx_word' id='word_1_429' title='bbox 2615 2467 2735 2517; x_wconf 82' lang='lat' dir='ltr'>dans</span> 
     </span>
     <span class='ocr_line' id='line_1_80' title="bbox 1682 2545 2739 2610; baseline 0 -15"><span class='ocrx_word' id='word_1_430' title='bbox 1682 2552 1739 2595; x_wconf 91' lang='lat' dir='ltr'>et</span> <span class='ocrx_word' id='word_1_431' title='bbox 1759 2545 2006 2595; x_wconf 78' lang='lat' dir='ltr'>conviviis</span> <span class='ocrx_word' id='word_1_432' title='bbox 2029 2545 2362 2609; x_wconf 83' lang='lat' dir='ltr'>turpioribus.</span> <span class='ocrx_word' id='word_1_433' title='bbox 2412 2547 2739 2610; x_wconf 68' lang='lat' dir='ltr'>Eugruphius.</span> 
     </span>
    </p>

    <p class='ocr_par' dir='ltr' id='par_1_16' title="bbox 1678 2622 2741 2978">
     <span class='ocr_line' id='line_1_81' title="bbox 1744 2622 2736 2686; baseline -0.003 -13"><span class='ocrx_word' id='word_1_434' title='bbox 1744 2622 2036 2686; x_wconf 67' lang='grc' dir='ltr'>Βωκιιοω]</span> <span class='ocrx_word' id='word_1_435' title='bbox 2073 2623 2190 2672; x_wconf 83' lang='lat' dir='ltr'>Hoc</span> <span class='ocrx_word' id='word_1_436' title='bbox 2221 2622 2274 2671; x_wconf 88' lang='lat' dir='ltr'>in</span> <span class='ocrx_word' id='word_1_437' title='bbox 2310 2628 2638 2686; x_wconf 79' lang='lat' dir='ltr'>postremum</span> <span class='ocrx_word' id='word_1_438' title='bbox 2662 2635 2736 2670; x_wconf 88' lang='lat' dir='ltr'>re·</span> 
     </span>
     <span class='ocr_line' id='line_1_82' title="bbox 1680 2697 2741 2762; baseline 0 -15"><span class='ocrx_word' id='word_1_439' title='bbox 1680 2697 1923 2759; x_wconf 81' lang='lat' dir='ltr'>servavit,</span> <span class='ocrx_word' id='word_1_440' title='bbox 1962 2702 2020 2746; x_wconf 91' lang='lat' dir='ltr'>ut</span> <span class='ocrx_word' id='word_1_441' title='bbox 2051 2697 2190 2762; x_wconf 88' lang='lat' dir='ltr'>quod</span> <span class='ocrx_word' id='word_1_442' title='bbox 2228 2697 2365 2747; x_wconf 85' lang='lat' dir='ltr'>intus</span> <span class='ocrx_word' id='word_1_443' title='bbox 2401 2698 2539 2748; x_wconf 87' lang='lat' dir='ltr'>male</span> <span class='ocrx_word' id='word_1_444' title='bbox 2561 2697 2741 2747; x_wconf 80' lang='lat' dir='ltr'>urebat</span> 
     </span>
     <span class='ocr_line' id='line_1_83' title="bbox 1678 2773 2740 2838; baseline -0.001 -15"><span class='ocrx_word' id='word_1_445' title='bbox 1678 2788 1856 2823; x_wconf 87' lang='lat' dir='ltr'>senem</span> <span class='ocrx_word' id='word_1_446' title='bbox 1876 2788 1933 2823; x_wconf 79' lang='lat' dir='ltr'>x.</span> <span class='ocrx_word' id='word_1_447' title='bbox 1949 2774 2103 2822; x_wconf 87' lang='lat' dir='ltr'>minis</span> <span class='ocrx_word' id='word_1_448' title='bbox 2120 2773 2237 2838; x_wconf 81' lang='lat' dir='ltr'>Syri</span> <span class='ocrx_word' id='word_1_449' title='bbox 2269 2773 2391 2824; x_wconf 90' lang='lat' dir='ltr'>dolo</span> <span class='ocrx_word' id='word_1_450' title='bbox 2422 2782 2740 2834; x_wconf 85' lang='lat' dir='ltr'>emunctum,</span> 
     </span>
     <span class='ocr_line' id='line_1_84' title="bbox 1679 2850 2739 2941; baseline -0.002 -41"><span class='ocrx_word' id='word_1_451' title='bbox 1679 2859 1838 2916; x_wconf 81' lang='lat' dir='ltr'>atque</span> <span class='ocrx_word' id='word_1_452' title='bbox 1881 2850 2134 2941; x_wconf 82' lang='lat' dir='ltr'>Bacchidi</span> <span class='ocrx_word' id='word_1_453' title='bbox 2170 2867 2202 2900; x_wconf 89' lang='lat' dir='ltr'>a</span> <span class='ocrx_word' id='word_1_454' title='bbox 2246 2850 2545 2915; x_wconf 84' lang='lat' dir='ltr'>Clitiphone</span> <span class='ocrx_word' id='word_1_455' title='bbox 2591 2850 2739 2901; x_wconf 83' lang='lat' dir='ltr'>datis.-</span> 
     </span>
     <span class='ocr_line' id='line_1_85' title="bbox 1680 2927 1890 2978; baseline 0 -1"><span class='ocrx_word' id='word_1_456' title='bbox 1680 2927 1890 2978; x_wconf 69' lang='lat' dir='ltr'>Fur-nab.</span> 
     </span>
    </p>

    <p class='ocr_par' dir='ltr' id='par_1_17' title="bbox 1680 3002 2746 4295">
     <span class='ocr_line' id='line_1_86' title="bbox 1731 3002 2741 3068; baseline 0 -16"><span class='ocrx_word' id='word_1_457' title='bbox 1731 3005 1900 3066; x_wconf 81' lang='lat' dir='ltr'>Crede,</span> <span class='ocrx_word' id='word_1_458' title='bbox 1912 3009 1962 3054; x_wconf 76' lang='lat' dir='ltr'>et</span> <span class='ocrx_word' id='word_1_459' title='bbox 1979 3008 2192 3054; x_wconf 62' lang='lat' dir='ltr'>nstrum</span> <span class='ocrx_word' id='word_1_460' title='bbox 2202 3008 2252 3052; x_wconf 79' lang='lat' dir='ltr'>te</span> <span class='ocrx_word' id='word_1_461' title='bbox 2263 3018 2367 3053; x_wconf 82' lang='lat' dir='ltr'>esse</span> <span class='ocrx_word' id='word_1_462' title='bbox 2375 3003 2586 3067; x_wconf 73' lang='lat' dir='ltr'>credito]</span> <span class='ocrx_word' id='word_1_463' title='bbox 2603 3002 2741 3068; x_wconf 70' lang='grc' dir='ltr'><strong><em>Εἴρω-</em></strong></span> 
     </span>
     <span class='ocr_line' id='line_1_87' title="bbox 1680 3077 2740 3144; baseline -0.006 -11"><span class='ocrx_word' id='word_1_464' title='bbox 1680 3085 1815 3132; x_wconf 72' lang='grc' dir='ltr'>νικῦς</span> <span class='ocrx_word' id='word_1_465' title='bbox 1835 3088 1891 3132; x_wconf 90' lang='lat' dir='ltr'>et</span> <span class='ocrx_word' id='word_1_466' title='bbox 1913 3096 2029 3131; x_wconf 89' lang='lat' dir='ltr'>cum</span> <span class='ocrx_word' id='word_1_467' title='bbox 2048 3077 2248 3144; x_wconf 75' lang='grc' dir='ltr'>ἑμφάσει</span> <span class='ocrx_word' id='word_1_468' title='bbox 2267 3081 2382 3130; x_wconf 83' lang='lat' dir='ltr'>baec</span> <span class='ocrx_word' id='word_1_469' title='bbox 2404 3080 2549 3130; x_wconf 88' lang='lat' dir='ltr'>dicta</span> <span class='ocrx_word' id='word_1_470' title='bbox 2575 3080 2740 3142; x_wconf 88' lang='lat' dir='ltr'>accipi</span> 
     </span>
     <span class='ocr_line' id='line_1_88' title="bbox 1680 3158 2746 3222; baseline -0.004 -13"><span class='ocrx_word' id='word_1_471' title='bbox 1680 3159 1894 3222; x_wconf 87' lang='lat' dir='ltr'>debent,</span> <span class='ocrx_word' id='word_1_472' title='bbox 1938 3166 1995 3208; x_wconf 91' lang='lat' dir='ltr'>ut</span> <span class='ocrx_word' id='word_1_473' title='bbox 2035 3159 2185 3222; x_wconf 84' lang='lat' dir='ltr'>plura</span> <span class='ocrx_word' id='word_1_474' title='bbox 2228 3158 2536 3208; x_wconf 80' lang='lat' dir='ltr'>Chremetis.</span> <span class='ocrx_word' id='word_1_475' title='bbox 2598 3158 2746 3206; x_wconf 78' lang='lat' dir='ltr'>Crede</span> 
     </span>
     <span class='ocr_line' id='line_1_89' title="bbox 1681 3233 2742 3301; baseline -0.006 -14"><span class='ocrx_word' id='word_1_476' title='bbox 1681 3237 1781 3287; x_wconf 84' lang='lat' dir='ltr'>hoc</span> <span class='ocrx_word' id='word_1_477' title='bbox 1801 3235 1938 3301; x_wconf 83' lang='lat' dir='ltr'>quod</span> <span class='ocrx_word' id='word_1_478' title='bbox 1962 3235 2102 3284; x_wconf 78' lang='lat' dir='ltr'>dixi:</span> <span class='ocrx_word' id='word_1_479' title='bbox 2141 3234 2461 3283; x_wconf 82' lang='lat' dir='ltr'>verissimum</span> <span class='ocrx_word' id='word_1_480' title='bbox 2498 3237 2582 3283; x_wconf 88' lang='lat' dir='ltr'>est</span> <span class='ocrx_word' id='word_1_481' title='bbox 2607 3233 2742 3283; x_wconf 87' lang='lat' dir='ltr'>scili·</span> 
     </span>
     <span class='ocr_line' id='line_1_90' title="bbox 1683 3312 2743 3377; baseline -0.005 -12"><span class='ocrx_word' id='word_1_482' title='bbox 1683 3320 1790 3377; x_wconf 87' lang='lat' dir='ltr'>cet,</span> <span class='ocrx_word' id='word_1_483' title='bbox 1809 3321 1865 3364; x_wconf 88' lang='lat' dir='ltr'>te</span> <span class='ocrx_word' id='word_1_484' title='bbox 1888 3328 1999 3363; x_wconf 80' lang='lat' dir='ltr'>esse</span> <span class='ocrx_word' id='word_1_485' title='bbox 2023 3313 2225 3377; x_wconf 88' lang='lat' dir='ltr'>qualem</span> <span class='ocrx_word' id='word_1_486' title='bbox 2247 3312 2520 3375; x_wconf 89' lang='lat' dir='ltr'>descripsi.</span> <span class='ocrx_word' id='word_1_487' title='bbox 2576 3313 2743 3372; x_wconf 84' lang='lat' dir='ltr'>Crede,</span> 
     </span>
     <span class='ocr_line' id='line_1_91' title="bbox 1682 3387 2745 3454; baseline -0.005 -15"><span class='ocrx_word' id='word_1_488' title='bbox 1682 3390 1911 3454; x_wconf 86' lang='lat' dir='ltr'>inquam,</span> <span class='ocrx_word' id='word_1_489' title='bbox 1942 3390 2062 3451; x_wconf 87' lang='lat' dir='ltr'>hoc,</span> <span class='ocrx_word' id='word_1_490' title='bbox 2083 3390 2149 3437; x_wconf 89' lang='lat' dir='ltr'>de</span> <span class='ocrx_word' id='word_1_491' title='bbox 2172 3402 2273 3452; x_wconf 84' lang='lat' dir='ltr'>quo</span> <span class='ocrx_word' id='word_1_492' title='bbox 2308 3387 2454 3436; x_wconf 89' lang='lat' dir='ltr'>nulla</span> <span class='ocrx_word' id='word_1_493' title='bbox 2477 3387 2576 3437; x_wconf 89' lang='lat' dir='ltr'>tibi</span> <span class='ocrx_word' id='word_1_494' title='bbox 2601 3387 2745 3436; x_wconf 86' lang='lat' dir='ltr'>dubi·</span> 
     </span>
     <span class='ocr_line' id='line_1_92' title="bbox 1684 3462 2743 3528; baseline -0.001 -13"><span class='ocrx_word' id='word_1_495' title='bbox 1684 3466 1833 3516; x_wconf 85' lang='lat' dir='ltr'>tandi</span> <span class='ocrx_word' id='word_1_496' title='bbox 1869 3479 2056 3515; x_wconf 85' lang='lat' dir='ltr'>caussa</span> <span class='ocrx_word' id='word_1_497' title='bbox 2091 3472 2203 3525; x_wconf 81' lang='lat' dir='ltr'>est3</span> <span class='ocrx_word' id='word_1_498' title='bbox 2236 3472 2292 3513; x_wconf 89' lang='lat' dir='ltr'>et</span> <span class='ocrx_word' id='word_1_499' title='bbox 2335 3462 2524 3512; x_wconf 88' lang='lat' dir='ltr'>eadem</span> <span class='ocrx_word' id='word_1_500' title='bbox 2562 3479 2743 3528; x_wconf 85' lang='lat' dir='ltr'>opera,</span> 
     </span>
     <span class='ocr_line' id='line_1_93' title="bbox 1684 3540 2746 3605; baseline -0.003 -14"><span class='ocrx_word' id='word_1_501' title='bbox 1684 3542 1729 3591; x_wconf 90' lang='lat' dir='ltr'>si</span> <span class='ocrx_word' id='word_1_502' title='bbox 1755 3549 1921 3605; x_wconf 85' lang='lat' dir='ltr'>potes,</span> <span class='ocrx_word' id='word_1_503' title='bbox 1933 3541 2131 3597; x_wconf 75' lang='lat' dir='ltr'>credito,</span> <span class='ocrx_word' id='word_1_504' title='bbox 2151 3545 2200 3589; x_wconf 78' lang='lat' dir='ltr'>te</span> <span class='ocrx_word' id='word_1_505' title='bbox 2218 3546 2431 3589; x_wconf 73' lang='lat' dir='ltr'>nostrum</span> <span class='ocrx_word' id='word_1_506' title='bbox 2447 3555 2552 3590; x_wconf 79' lang='lat' dir='ltr'>esse</span> <span class='ocrx_word' id='word_1_507' title='bbox 2564 3540 2746 3590; x_wconf 81' lang='lat' dir='ltr'>filium.</span> 
     </span>
     <span class='ocr_line' id='line_1_94' title="bbox 1684 3617 2744 3680; baseline -0.001 -12"><span class='ocrx_word' id='word_1_508' title='bbox 1684 3618 1865 3668; x_wconf 87' lang='lat' dir='ltr'>Innuit</span> <span class='ocrx_word' id='word_1_509' title='bbox 1912 3618 2075 3668; x_wconf 80' lang='lat' dir='ltr'>tacita</span> <span class='ocrx_word' id='word_1_510' title='bbox 2120 3617 2172 3667; x_wconf 78' lang='lat' dir='ltr'>vi</span> <span class='ocrx_word' id='word_1_511' title='bbox 2217 3618 2598 3680; x_wconf 83' lang='lat' dir='ltr'>castigationis,</span> <span class='ocrx_word' id='word_1_512' title='bbox 2644 3630 2744 3667; x_wconf 89' lang='lat' dir='ltr'>non</span> 
     </span>
     <span class='ocr_line' id='line_1_95' title="bbox 1686 3693 2743 3759; baseline 0 -14"><span class='ocrx_word' id='word_1_513' title='bbox 1686 3703 1791 3745; x_wconf 88' lang='lat' dir='ltr'>tam</span> <span class='ocrx_word' id='word_1_514' title='bbox 1814 3695 1881 3745; x_wconf 91' lang='lat' dir='ltr'>de</span> <span class='ocrx_word' id='word_1_515' title='bbox 1907 3694 2199 3757; x_wconf 80' lang='lat' dir='ltr'>nativitate,</span> <span class='ocrx_word' id='word_1_516' title='bbox 2234 3709 2384 3759; x_wconf 82' lang='lat' dir='ltr'>quam</span> <span class='ocrx_word' id='word_1_517' title='bbox 2409 3693 2477 3744; x_wconf 90' lang='lat' dir='ltr'>de</span> <span class='ocrx_word' id='word_1_518' title='bbox 2517 3695 2743 3745; x_wconf 83' lang='lat' dir='ltr'>moribus</span> 
     </span>
     <span class='ocr_line' id='line_1_96' title="bbox 1684 3771 2741 3836; baseline -0.001 -14"><span class='ocrx_word' id='word_1_519' title='bbox 1684 3773 1787 3836; x_wconf 82' lang='lat' dir='ltr'>agi.</span> <span class='ocrx_word' id='word_1_520' title='bbox 1858 3773 1988 3824; x_wconf 83' lang='lat' dir='ltr'>Quis</span> <span class='ocrx_word' id='word_1_521' title='bbox 2026 3773 2163 3821; x_wconf 92' lang='lat' dir='ltr'>enim</span> <span class='ocrx_word' id='word_1_522' title='bbox 2202 3771 2312 3820; x_wconf 79' lang='lat' dir='ltr'>vult</span> <span class='ocrx_word' id='word_1_523' title='bbox 2350 3771 2549 3832; x_wconf 82' lang='lat' dir='ltr'>dicere,</span> <span class='ocrx_word' id='word_1_524' title='bbox 2586 3772 2741 3821; x_wconf 87' lang='lat' dir='ltr'>talem</span> 
     </span>
     <span class='ocr_line' id='line_1_97' title="bbox 1681 3847 2745 3912; baseline -0.001 -16"><span class='ocrx_word' id='word_1_525' title='bbox 1681 3847 1841 3897; x_wconf 84' lang='lat' dir='ltr'>filium</span> <span class='ocrx_word' id='word_1_526' title='bbox 1878 3863 1975 3911; x_wconf 87' lang='lat' dir='ltr'>pro</span> <span class='ocrx_word' id='word_1_527' title='bbox 1998 3862 2093 3896; x_wconf 88' lang='lat' dir='ltr'>suo</span> <span class='ocrx_word' id='word_1_528' title='bbox 2116 3849 2460 3911; x_wconf 83' lang='lat' dir='ltr'>agnosceret?</span> <span class='ocrx_word' id='word_1_529' title='bbox 2500 3855 2745 3912; x_wconf 81' lang='lat' dir='ltr'>parentes</span> 
     </span>
     <span class='ocr_line' id='line_1_98' title="bbox 1681 3923 2744 3981; baseline 0 -7"><span class='ocrx_word' id='word_1_530' title='bbox 1681 3925 1886 3974; x_wconf 86' lang='lat' dir='ltr'>scilicet</span> <span class='ocrx_word' id='word_1_531' title='bbox 1908 3925 1981 3973; x_wconf 88' lang='lat' dir='ltr'>ita</span> <span class='ocrx_word' id='word_1_532' title='bbox 2014 3924 2261 3981; x_wconf 77' lang='lat' dir='ltr'>sentiunt,</span> <span class='ocrx_word' id='word_1_533' title='bbox 2297 3930 2355 3972; x_wconf 88' lang='lat' dir='ltr'>ut</span> <span class='ocrx_word' id='word_1_534' title='bbox 2386 3924 2455 3974; x_wconf 84' lang='lat' dir='ltr'>ab</span> <span class='ocrx_word' id='word_1_535' title='bbox 2484 3924 2640 3974; x_wconf 88' lang='lat' dir='ltr'>initio</span> <span class='ocrx_word' id='word_1_536' title='bbox 2672 3923 2744 3973; x_wconf 82' lang='lat' dir='ltr'>fa·</span> 
     </span>
     <span class='ocr_line' id='line_1_99' title="bbox 1680 4000 2744 4057; baseline -0.001 -7"><span class='ocrx_word' id='word_1_537' title='bbox 1680 4001 1817 4051; x_wconf 80' lang='lat' dir='ltr'>bulae</span> <span class='ocrx_word' id='word_1_538' title='bbox 1862 4000 2198 4048; x_wconf 84' lang='lat' dir='ltr'>Menedemus</span> <span class='ocrx_word' id='word_1_539' title='bbox 2234 4001 2402 4057; x_wconf 75' lang='grc' dir='ltr'><strong><em>ἠθικῶς</em></strong></span> <span class='ocrx_word' id='word_1_540' title='bbox 2436 4000 2744 4049; x_wconf 80' lang='lat' dir='ltr'>enuntiavit.</span> 
     </span>
     <span class='ocr_line' id='line_1_100' title="bbox 1680 4077 2744 4142; baseline -0.003 -15"><span class='ocrx_word' id='word_1_541' title='bbox 1680 4079 1698 4109; x_wconf 82' lang='lat'>‘</span> <span class='ocrx_word' id='word_1_542' title='bbox 1724 4079 1839 4142; x_wconf 80' lang='lat' dir='ltr'>Ego</span> <span class='ocrx_word' id='word_1_543' title='bbox 1877 4085 1932 4125; x_wconf 90' lang='lat' dir='ltr'>te</span> <span class='ocrx_word' id='word_1_544' title='bbox 1970 4091 2141 4125; x_wconf 87' lang='lat' dir='ltr'>meum</span> <span class='ocrx_word' id='word_1_545' title='bbox 2185 4091 2299 4125; x_wconf 88' lang='lat' dir='ltr'>esse</span> <span class='ocrx_word' id='word_1_546' title='bbox 2336 4077 2443 4124; x_wconf 85' lang='lat' dir='ltr'>dici</span> <span class='ocrx_word' id='word_1_547' title='bbox 2489 4078 2744 4138; x_wconf 80' lang='lat' dir='ltr'>tantisper</span> 
     </span>
     <span class='ocr_line' id='line_1_101' title="bbox 1680 4152 2740 4217; baseline -0.003 -14"><span class='ocrx_word' id='word_1_548' title='bbox 1680 4155 1819 4217; x_wconf 76' lang='lat' dir='ltr'>volo,</span> <span class='ocrx_word' id='word_1_549' title='bbox 1855 4154 2017 4214; x_wconf 90' lang='lat' dir='ltr'>Dum,</span> <span class='ocrx_word' id='word_1_550' title='bbox 2049 4152 2187 4216; x_wconf 86' lang='lat' dir='ltr'>quod</span> <span class='ocrx_word' id='word_1_551' title='bbox 2220 4160 2274 4202; x_wconf 81' lang='lat' dir='ltr'>te</span> <span class='ocrx_word' id='word_1_552' title='bbox 2295 4152 2514 4216; x_wconf 83' lang='lat' dir='ltr'>dignum</span> <span class='ocrx_word' id='word_1_553' title='bbox 2538 4162 2639 4215; x_wconf 89' lang='lat' dir='ltr'>est,</span> <span class='ocrx_word' id='word_1_554' title='bbox 2669 4152 2740 4201; x_wconf 80' lang='lat' dir='ltr'>sa·</span> 
     </span>
     <span class='ocr_line' id='line_1_102' title="bbox 1682 4227 2737 4295; baseline -0.004 -15"><span class='ocrx_word' id='word_1_555' title='bbox 1682 4231 1820 4280; x_wconf 81' lang='lat' dir='ltr'>cies:</span> <span class='ocrx_word' id='word_1_556' title='bbox 1857 4229 1953 4279; x_wconf 86' lang='lat' dir='ltr'>sed</span> <span class='ocrx_word' id='word_1_557' title='bbox 1986 4229 2030 4279; x_wconf 87' lang='lat' dir='ltr'>si</span> <span class='ocrx_word' id='word_1_558' title='bbox 2057 4229 2110 4279; x_wconf 90' lang='lat' dir='ltr'>id</span> <span class='ocrx_word' id='word_1_559' title='bbox 2131 4244 2236 4280; x_wconf 88' lang='lat' dir='ltr'>non</span> <span class='ocrx_word' id='word_1_560' title='bbox 2258 4227 2409 4291; x_wconf 81' lang='lat' dir='ltr'>facis,</span> <span class='ocrx_word' id='word_1_561' title='bbox 2435 4230 2568 4295; x_wconf 76' lang='lat' dir='ltr'>Ego,</span> <span class='ocrx_word' id='word_1_562' title='bbox 2605 4229 2737 4295; x_wconf 80' lang='lat' dir='ltr'>quod</span> 
     </span>
    </p>
   </div>
  </div>
 </body>
</html>
