3035 4941
507 398 863 449 TERENTH
911 397 1542 449 HEAUTON'HMOR.
1588 398 1755 447 AO‘r.
1805 398 1871 445 V.
1915 397 2019 448 SC.
2068 398 2116 446 1.

309 542 421 599 Quot
459 542 763 607 inmunda]
806 542 909 593 Ita·
933 541 1089 592 etiam
1134 532 1279 590 Mss.'

255 619 412 680 nostri,
441 619 630 685 Guyeti
652 618 1059 674 emendationem
1080 616 1265 667 confir-

249 697 448 744 mantes.
479 696 732 746 Boeclerus.

304 774 361 820 60
390 771 633 835 Difficilem
653 770 891 834 ostendis]
917 768 1089 834 Aliqui
1130 768 1265 826 libri,

252 845 370 895 inter
389 862 509 910 quos
529 847 805 898 Bembiuus
841 854 897 898 et
918 846 1266 906 Victorianus,

248 920 421 971 liabent
455 925 686 973 ostendes.-
719 931 780 975 ut
816 921 1077 973 referatur
1112 922 1180 971 ad
1209 921 1265 971 id

250 1001 443 1062 tempus,
462 1014 557 1063 quo
575 1000 724 1049 venia
756 1006 970 1064 petetur
988 1012 1098 1063 ,per
1119 997 1265 1049 Cliti-

249 1073 442 1137 phonem
462 1089 491 1124 a
512 1076 803 1126 Chremete.
843 1076 1073 1126 Faernus.

246 1190 259 1197 ,
304 1153 360 1199 61
397 1151 457 1200 Et
477 1151 526 1201 ia
546 1152 813 1216 ingratum]
844 1153 980 1204 Gall.
1020 1154 1091 1202 Et
1120 1166 1180 1203 on
1208 1167 1268 1202 ne

253 1241 350 1275 vous
367 1243 420 1276 ea
438 1227 576 1278 saura
594 1245 744 1279 ουσιαι
761 1229 868 1292 gre.
888 1229 1076 1293 Faber.

308 1302 369 1351 Ut
386 1304 526 1368 Iubet]
561 1306 693 1357 Haec
732 1319 934 1371 quoque
954 1303 1271 1371 respondent

247 1381 566 1443 superioribus
599 1397 642 1433 1.
687 1387 732 1433 l.
775 1386 890 1433 114.
935 1386 1047 1433 115.
1104 1382 1121 1411 ‘
1161 1382 1267 1434 Cn.

246 1455 415 1506 siccine
445 1466 524 1508 est
554 1460 845 1511 sententia?
878 1459 991 1509 Mt.
1024 1459 1129 1509 Sic.
1162 1457 1269 1509 Cn.

246 1531 358 1583 bene
375 1535 513 1585 vale?
573 1536 917 1586 Menedemus
948 1535 1032 1585 hic
1052 1550 1169 1585 cum
1188 1548 1269 1584 ra-

242 1608 366 1659 tione
387 1611 447 1660 ad
481 1627 630 1662 suum
668 1612 947 1676 negotium,
981 1611 1047 1662 de
1088 1610 1269 1662 Clinioe

240 1686 556 1753 matrimonio,
602 1694 857 1753 properat
900 1687 1112 1740 reverti.
1152 1686 1267 1737 Βω-

244 1881 251 1886 ,
295 1843 352 1889 84
384 1842 507 1897 Quid
524 1842 655 1892 dotis
683 1841 837 1892 dicam
858 1846 913 1903 te,
925 1841 1127 1906 dixisse]
1141 1842 1269 1891 Pro-

240 1915 386 1977 prium
411 1917 539 1981 juris
574 1925 660 1969 est
683 1916 917 1977 verbum,
937 1933 1054 1970 cum
1076 1918 1270 1968 dicitur

243 1990 336 2051 dos,
355 1995 483 2056 quod
500 1994 829 2058 exprimitur.
868 1994 1187 2057 Engo-aphau.

295 2073 349 2118 65
382 2070 504 2127 Quid
517 2070 782 2133 obticet-sti]
805 2070 999 2119 Postea
1018 2070 1154 2134 quod
1177 2070 1268 2120 dos

240 2145 385 2206 petita
421 2153 516 2210 est,
552 2148 799 2197 Chremes
834 2145 923 2194 diu
957 2144 1270 2197 deliberavit

242 2222 479 2272 ‚consilium
497 2237 756 2288 quaereus,
776 2237 880 2273 non
897 2237 998 2286 quo
1021 2236 1268 2272 summam

240 2307 475 2357 ,quaereret
495 2297 679 2350 dotis‘
713 2299 851 2364 quod
877 2298 1097 2363 intelligi
1119 2298 1272 2348 datur

238 2385 296 2424 ex
319 2378 665 2440 sequentibus.
731 2376 1111 2440 Compromissa
1145 2376 1271 2427 dote

237 2449 468 2518 adiungit,
488 2456 530 2505 si
551 2468 627 2504 me
650 2453 944 2503 vissazvum:
967 2453 1116 2504 aliter
1132 2454 1271 2504 enim

239 2527 376 2579 filium
414 2533 604 2596 corrigi
646 2546 748 2581 non
783 2545 932 2599 posse
963 2532 1152 2595 credit,
1172 2531 1272 2581 nisi

240 2602 353 2654 dotis
375 2608 572 2657 nomine
591 2607 765 2658 omnia
786 2607 917 2656 bona
942 2605 1060 2655 filiae
1083 2607 1270 2671 promi-

236 2680 346 2732 sisse
385 2685 645 2748 videatur,
692 2684 831 2734 unde
867 2684 1109 2734 crederet
1138 2685 1272 2737 filius

238 2760 538 2814 exhaeredem
562 2778 640 2815 se.
709 2762 964 2827 Denique,
996 2763 1065 2826 id,
1089 2763 1275 2829 inquit,

236 2838 385 2888 ’mirari
401 2845 448 2890 te
467 2841 712 2902 simulato,
745 2844 804 2890 ut
825 2839 888 2889 ad
912 2840 1020 2903 ejus
1040 2841 1274 2890 notitiam

240 2917 414 2968 veniat.
511 2923 684 2973 Quam
738 2918 948 2984 quidem
995 2933 1103 2969 rem
1158 2934 1274 2970 cum

239 2988 560 3047 intellexisset
610 2997 974 3058 Menedemus,
1015 2998 1280 3061 explanat,

237 3081 286 3116 se
326 3070 514 3122 idcirco
566 3072 887 3136 promisisse,
942 3079 1002 3122 ut
1053 3075 1276 3123 animum

239 3143 560 3199 adolescentis
602 3150 806 3199 luxuria
843 3157 899 3200 et
934 3149 1147 3200 lascivia
1177 3150 1276 3201 dif-

235 3215 462 3274 fluentem
515 3226 694 3289 inopia
746 3225 1089 3288 retunderet,
1114 3232 1168 3274 et
1209 3226 1277 3276 ad

237 3294 470 3362 integram
493 3301 700 3367 frugem
734 3301 1044 3353 necessitate
1065 3315 1276 3352 revoca-

238 3379 324 3422 ret.
354 3376 503 3429 Idem.

238 3494 243 3495 γ
287 3449 388 3501 Cu.
423 3452 509 3517 alt]
545 3453 994 3504 Deliberationem
1018 3452 1277 3517 significat

235 3523 338 3575 hoec
386 3530 674 3592 cunctatio,
721 3544 823 3580 nou
871 3537 975 3580 tam
1019 3531 1086 3580 de
1136 3530 1278 3595 dote,

237 3614 374 3664 quam
415 3605 480 3655 de
525 3607 725 3657 ratione
768 3607 1079 3658 emendandi
1121 3615 1180 3659 et
1210 3609 1276 3658 ad

234 3675 419 3743 frugem
475 3678 757 3732 revocandi
809 3683 918 3733 filii.
981 3683 1086 3735 Hic
1140 3685 1277 3735 euim

230 3758 488 3809 consilium
528 3760 661 3811 illud
711 3760 777 3810 ad
817 3759 1081 3822 οἰκονομίαν
1127 3761 1278 3813 unice

228 3828 433 3899 factum,
452 3837 624 3887 veluti
644 3851 710 3886 ex
736 3851 791 3887 re
815 3837 1063 3902 praesenti
1094 3837 1278 3901 arripi·

233 3913 340 3960 tur:
374 3920 452 3977 ut,
490 3914 617 3964 dum
655 3913 820 3964 turbae
856 3915 909 3963 in
932 3913 1278 3977 Clitiphonem

233 3988 400 4050 augeri
422 3990 688 4054 videntur,
725 3990 790 4042 ad
821 3989 1159 4054 καταστροφὴν
1191 4006 1279 4054 pa-

236 4071 370 4114 retur
416 4067 515 4117 via.
599 4065 798 4118 Differt
852 4068 986 4117 enim
1042 4069 1152 4117 baec
1201 4067 1281 4117 ira

2219 380 2391 449 1377

1340 554 1395 589 se
1431 541 1723 603 composuit
1758 538 1992 599 affectus,
2025 556 2134 592 nec
2169 540 2389 605 impedi-

1342 623 1428 665 tur
1460 617 1550 666 sed
1590 617 1788 679 tegitur
1819 617 2088 668 iracundia
2106 619 2392 669 consilium.

1340 691 1495 746 Quod
1535 700 1594 743 ut
1635 694 1962 757 conspectius
2001 701 2161 758 esset,
2191 696 2393 760 adjecit

1340 766 1509 816 Poeta
1530 774 1586 817 et
1604 769 1926 832 comparavit
1948 770 2084 819 senis
2107 771 2160 819 iu
2183 784 2388 823 servum

1336 843 1777 908 indignationem:
1812 859 1925 909 quai
1950 846 2198 898 ultionem
2221 855 2277 897 et
2296 850 2390 898 mi-

1339 933 1432 969 nas
1454 920 1634 984 spirat.
1701 920 1860 970 Filius
1882 920 2023 971 dictis
2049 921 2391 987 oensutabitur,

1341 996 1408 1046 ad
1450 986 1889 1047 emendationem:
1938 1011 2115 1048 servus
2165 998 2391 1049 verberi-

1342 1073 1435 1124 bus
1471 1074 1610 1130 male,
1644 1074 1963 1132 multabitur,
2007 1075 2073 1125 ob
2114 1074 2390 1127 vindictam

1338 1148 1641 1208 facinorum.
1671 1152 1926 1205 Boeekm.

1405 1233 1470 1278 66
1488 1229 1629 1279 Nihil
1645 1230 1729 1278 dos
1748 1244 1833 1278 nos
1852 1230 2027 1294 movet]
2052 1231 2122 1281 O.
2145 1231 2181 1281 l.
2206 1247 2248 1281 s.
2272 1233 2397 1282 nihil

1340 1320 1424 1355 nos
1444 1306 1529 1354 dos
1546 1308 1713 1355 mouet.
1745 1304 1992 1356 Faernus.

1405 1387 1469 1434 6⁷
1502 1384 1605 1434 Pro
1625 1398 1679 1434 re
1696 1383 1883 1447 nostru]
1918 1384 2024 1434 Pro
2055 1382 2394 1436 facultatibus

1341 1458 1487 1509 meis.
1520 1458 1803 1509 Far-nabina-

1406 1539 1471 1585 70
1519 1537 1589 1587 Et
1622 1536 1762 1588 illum
1784 1535 1992 1597 rogitato
2029 1537 2191 1601 simul]
2234 1538 2397 1588 Liber

1341 1612 1645 1677 Bembiuus,
1669 1619 1717 1663 et
1736 1612 1871 1663 illam
1906 1613 1991 1663 Ιιοο
2012 1614 2221 1676 rogitato
2240 1615 2395 1665 εἰπιιιί.

1340 1689 1586 1740 Faernus.

1405 1772 1466 1817 ⁷1
1506 1768 1636 1824 Quia
1670 1783 1757 1830 ego
1776 1781 1904 1831 om,
1923 1769 2218 1832 quamobrem
2236 1770 2289 1819 ia
2311 1770 2395 1831 sa-

1340 1845 1441 1895 cias
1459 1845 1638 1909 nescio]
1660 1846 1782 1895 Duo
1814 1845 1925 1910 egit
1957 1845 2144 1910 poe’ta3
2185 1853 2315 1909 tum,
2336 1853 2398 1896 ut

1343 1920 1624 1972 eliceretur
1666 1919 1957 1982 consilium,
1994 1920 2060 1969 de
2103 1936 2206 1985 quo
2244 1922 2398 1972 modo

1343 1996 1538 2047 dictum
1561 2002 1658 2060 est,
1680 2002 1838 2061 atque
1855 1997 2150 2061 expressius
2174 1999 2399 2062 signare·

1344 2079 1431 2122 tur
1466 2089 1480 2121 ε
1528 2083 1638 2123 tum
1675 2080 1734 2123 ut
1778 2072 2055 2123 discrimen
2099 2074 2292 2138 ingenii
2336 2089 2397 2125 ac

1343 2166 1538 2201 morum
1560 2152 1698 2202 senis
1733 2153 2161 2215 consignat-etun
2193 2151 2260 2201 de
2296 2166 2397 2217 quo

1342 2230 1394 2280 iu
1420 2228 1742 2294 praefatione.
1776 2230 2035 2280 Βαναῖον-ιιι.

1348 2345 1355 2350 .
1406 2310 1471 2356 ⁷4
1506 2307 1687 2358 Gerere
1706 2308 1824 2356 milii
1845 2308 2039 2372 morem]
2075 2306 2259 2357 Animo
2282 2321 2398 2358 meo

1343 2384 1470 2434 satis
1514 2372 1714 2447 facere,
1773 2384 1989 2433 arbitrio
2044 2397 2159 2433 meo
2203 2382 2396 2435 facere.

1345 2460 1631 2511 Famabius.
1791 2508 1794 2511 ,

1407 2541 1469 2587 75
1502 2537 1743 2599 Agejam,
1764 2528 1959 2587 uxorem
1990 2543 2045 2587 ut
2077 2543 2286 2587 accersat
2313 2553 2399 2601 pa·

1342 2613 1441 2677 ret]
1485 2612 1558 2663 Τὸ
1595 2629 1686 2676 age
1727 2615 1826 2664 huc
1870 2614 2034 2678 probe
2073 2613 2295 2678 quadrat
2320 2656 2324 2661 .
2345 2621 2401 2664 et

1344 2690 1476 2740 Mas.
1501 2690 1809 2740 auctoritate
1827 2688 2142 2739 defenditur.
2209 2690 2282 2740 Ut
2296 2689 2399 2739 for-

1347 2771 1484 2816 tasse
1508 2767 1611 2816 alio
1643 2767 1872 2816 remedio
1892 2782 2022 2833 opus
2045 2780 2146 2817 nou
2168 2767 2252 2819 sit.
2284 2768 2401 2817 Βον-

1345 2832 1512 2892 σῑσὶιο.
1617 2834 1620 2837 “

1418 2919 1629 2968 Uxorem
1651 2924 1714 2971 at.
1736 2919 1964 2982 accersat]
1990 2920 2254 2970 Deductio
2273 2936 2400 2971 uxo-

1348 2995 1417 3045 ris
1440 2996 1645 3060 vesperi
1669 2997 1797 3046 adeo
1819 3005 1874 3046 et
1895 3003 2051 3046 noctu
2068 2996 2249 3048 fiebat.
2273 2999 2400 3048 Far-

1349 3072 1534 3123 nebim.

1411 3152 1477 3198 76
1513 3148 1679 3199 Dictis
1719 3146 2067 3212 confutabitsw]
2112 3149 2248 3199 Solis
2293 3163 2402 3198 ser-

1347 3224 1585 3275 monibus
1637 3227 1770 3275 male
1820 3226 2160 3276 tractabitur.
2209 3227 2401 3287 Bagra-

1347 3300 1503 3365 pitius.

1419 3379 1484 3427 Ut
1506 3377 1677 3427 liberos
1712 3384 1781 3428 est
1816 3394 2013 3442 (ΒΜ,
2040 3381 2145 3444 ξω]
2173 3378 2404 3443 Clitipho

1348 3456 1615 3506 convictus
1647 3454 1799 3506 dictis
1834 3455 2194 3520 castigabitur,
2239 3470 2311 3506 sc.
2349 3460 2403 3505 4.

1348 3532 1485 3582 iufra
1501 3532 1519 3561 ‘
1536 3546 1707 3596 gerro,
1730 3532 1905 3595 iners,'
1926 3536 2024 3582 διο.
2048 3533 2223 3583 servili
2242 3533 2404 3583 mulc-

1351 3608 1551 3658 tabitur
1575 3610 1850 3673 supplicio.
1885 3608 2171 3677 Fumbius.

1360 3692 1367 3693 ’
1415 3689 1479 3735 77
1511 3684 1611 3735 Sed
1652 3685 1850 3750 Syl-ma]
1906 3687 2035 3736 Cum
2075 3685 2256 3749 utique
2299 3699 2405 3734 ma·

1341 3761 1466 3827 jora
1487 3769 1745 3815 tormenta
1765 3775 1915 3812 servo
1932 3761 2158 3813 minatus
2173 3761 2263 3821 sit,
2283 3761 2408 3810 iras-

1353 3838 1517 3888 centis
1540 3853 1704 3901 more,
1736 3838 1872 3904 quod
1893 3846 2031 3889 esset
2048 3838 2300 3900 facturus,
2318 3852 2406 3887 ex-

1351 3914 1577 3979 primere
1600 3929 1702 3964 non
1726 3915 1916 3979 potuit.
1956 3912 2279 3977 Eser-aphia.
2365 3956 2368 3959 ,

1413 3991 1514 4043 Sed
1548 3991 1742 4057 symm]
1779 3989 1998 4040 Erudite
2036 3988 2397 4052 Eugraphiusz

1348 4069 1365 4096 ‘
1383 4069 1513 4119 Cum
1538 4068 1754 4133 utique,'
1785 4072 1885 4117 διο.
1919 4067 2181 4116 Boeclerus.

238 4139 515 4193 Chremetis
538 4143 701 4207 patris
735 4143 802 4193 ab
833 4144 1049 4194 aliorum
1073 4149 1277 4206 patrum
1414 4142 1511 4193 Sed
1553 4143 1749 4209 Sym]
1805 4142 2137 4208 Aposiopesis
2163 4186 2164 4189 ,
2195 4154 2261 4190 ex
2312 4140 2408 4189 ira.

236 4215 602 4282 indignatione,
622 4220 708 4269 ubi
737 4221 852 4285 plus
876 4218 1094 4270 affectus
1125 4234 1278 4283 quam
1301 4231 1307 4234 ’
1355 4220 1640 4271 Famabius.

188 4328 191 4337 .
237 4292 360 4353 ratic
398 4295 712 4349 dominatur.
788 4298 892 4348 Hic
933 4297 987 4349 in
1028 4296 1278 4351 rationem
1418 4297 1548 4347 Adeo
1569 4294 1870 4360 exornatum]
1902 4294 1966 4351 Id
1987 4300 2088 4359 est,
2119 4299 2408 4357 comptum,

348 4374 530 4442 Delph.
550 4383 599 4427 et
615 4378 731 4429 Var.
752 4377 885 4431 ctas.
1242 4377 1430 4428 Terent.
2177 4380 2210 4425 4
2244 4374 2280 4425 S
