3035 4941
416 348 616 422 JOEM

434 515 609 578 jerem
661 512 961 564 Terentium
1006 513 1295 565 ostendam.
1361 515 1496 565 Haec
1579 514 1673 566 roei
1706 514 2008 578 explicatio,
2047 526 2113 563 ea
2150 526 2278 563 vero
2319 511 2508 577 nullius
2551 518 2635 564 est

440 607 525 641 res
549 600 718 642 tamen
742 591 906 641 minus
929 592 1203 642 observata
1239 591 1421 642 effecit
1439 598 1499 641 ιιι
1578 594 1754 657 pretii.
1822 594 1883 643 Iu
1910 602 2032 643 nota
2053 592 2310 655 superiori
2334 590 2533 642 sontem
2556 592 2652 656 ip·.

440 673 687 734 permulti
722 672 939 722 antebac
978 672 1283 734 erraverim,
1320 672 1498 721 bodie·
1579 684 1690 718 sum
1712 670 1898 719 erroris
1918 668 2113 733 aperui.
2159 668 2312 719 Quod
2330 676 2504 719 autem
2523 671 2650 733 qui·¹

1128 370 1344 421 NOTAE
1386 369 1792 420 ‘vAmole
1844 369 1923 418 m

434 761 538 811 qne
559 756 755 810 errent,
774 750 823 797 iu
857 749 1207 811 explicatione
1234 762 1411 797 versus
1434 747 1509 796 il·¹

436 823 560 885 lius,
584 825 672 890 qui
706 820 839 875 bunc
864 825 1142 889 Prologum
1165 825 1396 886 claudit;
1427 823 1494 873 de

439 914 540 965 quo
551 901 685 964 jam.
718 900 894 951 Faber.

506 977 795 1042 Relliquum]
846 977 979 1027 Sunt
1020 977 1106 1042 qui
1144 991 1238 1040 pro
1273 975 1513 1040 relliqua

434 1067 544 1102 rum
565 1053 852 1116 accipiant:
883 1060 944 1102 ut
965 1053 1037 1103 sit
1053 1067 1261 1115 seusus,
1293 1053 1374 1102 De
1395 1054 1490 1102 bac

436 1130 823 1181 fabulasumite
847 1134 1128 1196 specimen,
1150 1140 1209 1183 ut
1233 1132 1408 1183 sciatis
1428 1146 1509 1183 an.

436 1215 646 1259 caeterae
668 1210 812 1259 vobis
835 1210 1134 1273 spectandae
1169 1210 1291 1260 sint.
1356 1211 1511 1261 Nam.

436 1286 763 1349 postmodum
787 1286 981 1337 dictum
1004 1288 1105 1336 alio
1128 1287 1364 1351 prologo,
1385 1292 1400 1313 ·
1425 1286 1493 1334 Α-

436 1363 534 1412 lias
566 1364 830 1428 cognostis
851 1365 984 1429 ejus,
1010 1379 1184 1431 quaeso
1218 1364 1353 1413 hauc
1376 1378 1494 1413 nos·

437 1439 585 1490 cite?
619 1440 857 1492 Donatus.

501 1515 794 1582 Reuiquum]
828 1518 989 1572 Quasi
1024 1518 1242 1582 diceret,
1278 1518 1491 1568 Postre-

435 1606 571 1642 mum
594 1609 608 1644 ε
633 1609 758 1657 ergo
782 1594 1080 1648 adverbium
1104 1604 1206 1658 cst,
1239 1596 1290 1645 id
1313 1602 1412 1658 est,
1434 1595 1494 1644 τὸ

312 1719 326 1730 ,
435 1667 619 1720 λοιπόν.
684 1670 790 1720 Sed
812 1671 921 1722 sive
946 1672 1041 1722 boc
1073 1673 1322 1736 relliquum
1342 1672 1494 1733 dicit,

436 1746 546 1797 sive
570 1748 822 1814 relliquum
861 1763 956 1813 pro
976 1750 1297 1813 relliquorum,
1332 1748 1513 1814 gemi-.

433 1831 559 1876 nato
579 1842 612 1875 ιι
634 1827 892 1877 scribitur.
925 1828 1075 1879 Idem.
1179 1859 1187 1865 ·

497 1906 564 1952 26
597 1903 677 1954 De
696 1903 908 1968 integro]
962 1907 1151 1955 Utrum
1195 1905 1388 1968 denuo,
1427 1919 1513 1954 an.

431 1991 498 2027 ex
518 1978 743 2045 integris
766 1980 998 2032 Graecis?
1029 1981 1182 2030 Idem.

501 2056 633 2113 Quas
653 2057 813 2118 faciet
832 2058 1102 2123 eornoedias]
1147 2059 1421 2124 syllepsis,
1434 2065 1509 2109 ut,

432 2149 610 2199 supra,
632 2136 698 2186 ad
719 2137 930 2186 verbum
948 2138 1085 2187 enim
1096 2136 1255 2197 faciet
1265 2136 1511 2187 declina··

433 2213 532 2273 vit,
552 2226 654 2261 non
676 2212 743 2262 ad
761 2216 1029 2277 spectandae
1046 2213 1162 2263 sint.
1195 2213 1364 2266 Idem.

497 2291 563 2337 2⁷
606 2288 910 2352 Spectandoe]
934 2289 1174 2352 Proprie,
1197 2296 1259 2342 ut
1279 2287 1492 2351 fabulae,

428 2363 486 2426 ‚id
512 2370 612 2426 est,
631 2365 934 2427 probandae.
969 2365 1118 2414 Idem.

428 2516 587 2583 prius]
617 2518 683 2567 Τὸ
703 2518 917 2581 exigere,
933 2525 1013 2570 est
1036 2517 1337 2583 explodere,
1358 2518 1492 2567 exsi-

437 2595 618 2658 bilare,
639 2597 772 2646 utin
809 2597 1036 2661 Prologo
1059 2596 1309 2659 Hecyrae,
1349 2595 1513 2645 ιΝοιι,

434 2685 527 2721 vas
549 2672 638 2736 qui
661 2671 917 2731 exactas,’
951 2680 1010 2723 et
1028 2672 1184 2724 alibi:
1221 2679 1295 2735 at,
1314 2672 1373 2721 τὸ
1390 2672 1493 2736 pri·

435 2762 510 2810 us,
567 2747 830 2813 siguificat
870 2752 1062 2815 petius.
1142 2751 1333 2817 ltaque
1390 2753 1493 2804 Pa·

1579 745 1697 795 dam
1718 746 1901 797 dicunt
1924 746 1989 796 de
2008 746 2281 797 Judicibus
2302 746 2652 808 Fabularumf

1577 822 1628 871 id
1652 839 1775 874 sane
1809 838 1986 874 verum
2022 828 2134 886 est3
2170 831 2225 873 et
2249 828 2375 884 tres,
2410 831 2654 888 quatuor·

1573 900 1715 950 locos
1735 915 1803 949 ex
1822 900 2172 964 Aristophane
2195 899 2248 949 in
2272 914 2386 950 eam
2411 914 2517 949 rem
2541 901 2652 950 ali-2

1575 976 1779 1042 qnando
1813 975 2110 1041 producam.
2173 975 2284 1027 Sed
2305 977 2404 1026 boc
2427 976 2652 1040 quidem.

1573 1054 1710 1115 leco,
1755 1055 1821 1104 de
1865 1055 1966 1104 illis
1981 1096 1984 1101 .
2001 1053 2276 1106 Judicibus
2299 1067 2401 1103 non
2445 1054 2634 1117 agitur.

1577 1128 1743 1180 Addit
1760 1130 1894 1180 enim
1915 1129 2081 1181 Poeta
2102 1128 2299 1194 (vobis).
2365 1130 2508 1194 Ergo
2531 1144 2652 1180 non.

1575 1207 1676 1260 illis
1699 1207 1924 1272 quinque
1946 1206 2220 1258 Judicibus
2242 1206 2388 1270 queis
2423 1221 2545 1256 usus
2577 1208 2631 1256 in
2721 1219 2732 1231 ·

1575 1284 1786 1335 Graecia
1807 1283 1927 1346 fuit,
1943 1298 2047 1333 non
2069 1283 2268 1333 Romae.
2320 1281 2459 1331 Illud
2477 1283 2652 1334 etiam.

1573 1360 1772 1427 (pr-ius)
1809 1361 1876 1410 de
1916 1375 2016 1426 quo
2057 1375 2231 1425 supra,
2272 1360 2439 1424 possit
2476 1368 2535 1411 et
2578 1362 2634 1410 in

1574 1452 1728 1488 sensu
1751 1446 1967 1502 recepto
1988 1439 2151 1500 sumi3
2184 1445 2243 1489 ut
2277 1438 2421 1503 prius
2454 1440 2642 1503 explo-

1573 1529 1631 1565 sa
1651 1514 1812 1567 fuerit
1828 1515 2028 1569 Fabula
2036 1530 2189 1581 quam
2202 1522 2444 1579 spectata
2461 1530 2478 1577 ς
2498 1515 2652 1581 qnod.

1574 1592 1743 1657 ipsum
1777 1601 1833 1643 et
1868 1594 2146 1643 Terentius
2182 1593 2297 1656 ipse
2332 1593 2431 1643 sibi
2469 1594 2654 1644 inter-1

1576 1668 1698 1719 dum
1739 1669 1975 1720 evenisse
2019 1676 2243 1719 testatus
2287 1670 2482 1720 alicubi

1577 1746 1751 1796 Faber.
2381 1774 2384 1783 ,

1642 1822 1929 1887 Exigeudoe]
1964 1822 2341 1875 Excludendae.
2375 1825 2616 1875 Βοπαιιιι.
2643 1844 2651 1858 ·

2535 1677 2652 1722 811..

1638 1901 1910 1963 Exigendoe
1946 1901 2047 1951 siat
2086 1900 2221 1950 vobis
2249 1901 2413 1965 prius]
2444 1903 2637 1951 Exclu·

1573 1980 1779 2043 deudoe,
1801 1980 1922 2046 quia
1943 1980 2242 2043 displicent,
2275 1993 2343 2028 ex
2363 1985 2539 2029 mente
2557 1980 2652 2044 ip-2.

1572 2058 1679 2107 sins
1700 2056 1959 2120 Terentii,
1991 2057 2080 2121 qui
2100 2071 2226 2106 ,suas
2242 2054 2405 2121 ipsius
2428 2063 2654 2107 senten--

1571 2135 1661 2187 tioe
1694 2149 1904 2200 promus
1940 2134 2141 2184 condus
2180 2142 2293 2200 opt.
2310 2150 2365 2186 v.
2405 2135 2634 2200 Hecyroe

1512 2250 1517 2254 .
1572 2212 1791 2276 Prolog.
1824 2213 1841 2241 ⁴
1865 2213 2044 2263 Novas
2070 2211 2157 2277 qui
2192 2220 2404 2262 exactas
2440 2210 2545 2262 feci
2576 2220 2655 2262 ιιι,

1576 2288 2059 2351 inveterascerent,’
2111 2295 2171 2338 et
2209 2302 2348 2350 mox,
2397 2288 2634 2338 ‘Partim

1510 2384 1513 2389 ·
1577 2379 1689 2415 sum
1710 2378 1887 2414 earum
1910 2369 2151 2414 exactus:
2187 2365 2375 2426 partim
2407 2366 2506 2415 vix.
2530 2372 2650 2415 ste-z

515 2437 794 2504 Spectandae
832 2455 896 2490 aa
935 2442 1184 2503 exig-endec
1221 2439 1322 2490 siat
1362 2440 1511 2490 vobis·

1577 2442 1621 2493 ti
1634 2441 1669 2493 ι’
1702 2448 1762 2492 ιιι
1785 2440 2041 2491 utrm-eo
2077 2440 2253 2505 placet
2286 2444 2650 2505 examinanda,-

1576 2535 1609 2569 a
1652 2518 1968 2570 censoribus
2012 2518 2237 2582 scilicet,
2285 2521 2373 2585 qui
2417 2519 2646 2571 Athenis

1576 2596 1848 2647 constituti
1886 2595 1954 2645 de
2001 2595 2226 2645 Cornicis
2264 2603 2322 2648 et
2357 2596 2635 2649 Comoediis

1563 2670 1887 2738 judicandis.
1923 2670 2206 2723 Far-nabin.

1288 2966 1706 3038 ACTUSI.

416 3165 427 3176 ·
497 3135 681 3186 scena
702 3150 743 3189 1.
778 3137 972 3190 Versus
987 3146 1106 3190 sunt
1124 3140 1347 3191 trimetri
1368 3141 1492 3191 iam·

431 3209 556 3261 bici.
592 3212 930 3280 Undecimus,
952 3223 1011 3267 ut
1029 3224 1357 3267 sustentetur
1378 3230 1492 3267 cre·

433 3287 559 3360 tice,
575 3288 702 3338 nihil
724 3288 853 3355 opus
878 3300 987 3343 est:
1018 3308 1135 3343 nam
1154 3294 1239 3344 vel
1261 3295 1492 3359 trisylla-

433 3362 556 3414 bum
580 3362 1020 3420 coutractioue'fit
1035 3368 1094 3417 τὸ
1114 3370 1365 3427 serviebas,
1388 3371 1490 3432 vel,

430 3440 665 3504 antique,
685 3443 892 3492 semibus
911 3444 1121 3509 legitur.
1175 3445 1491 3497 Quintusde-

431 3515 594 3565 cimus
622 3517 785 3569 levari
818 3528 1014 3585 potest,
1044 3520 1088 3571 si
1107 3520 1166 3571 τὸ
1186 3526 1232 3571 et
1254 3520 1487 3571 in‘finem

431 3592 780 3654 praecedentis
818 3597 1108 3661 rejiciatur,
1160 3604 1217 3648 et
1253 3596 1313 3646 τὸ
1332 3599 1488 3659 saissa

427 3668 754 3727 δισσιιλλόβως
776 3671 999 3737 legatur.
1052 3674 1302 3725 Decimus
1323 3688 1487 3724 nonus

427 3746 619 3812 incipit
639 3763 669 3797 a
695 3750 1195 3813 proceleusmaticos
1227 3751 1487 3816 praecipu-

428 3839 490 3875 us
519 3826 670 3876 labor
692 3827 745 3877 in
780 3832 864 3878 26.
887 3843 1039 3893 quem
1073 3829 1217 3880 duris
1240 3830 1483 3882 remediis

428 3902 667 3967 plerique
725 3904 872 3969 (vide
912 3904 1194 3973 Faernum)
1244 3907 1482 3972 Guyetus

428 3979 792 4031 emendatione
828 3988 1139 4035 sustentant.
1203 3984 1269 4033 Iu
1304 3988 1386 4036 38.
1425 3984 1486 4035 τὸ

426 4060 501 4116 at,
537 4057 693 4107 etiam
711 4059 874 4109 nostri
897 4060 1028 4110 Mss.
1052 4067 1162 4112 tres
1184 4069 1486 4113 constanter

427 4130 684 4181 retinent:
716 4133 790 4183 ita
810 4135 1140 4195 ulfacillimet
1178 4145 1238 4189 ιιι
1259 4139 1485 4190 creticus

423 4206 503 4254 sit.
529 4207 644 4257 loco
668 4219 868 4275 quarto.
936 4213 1017 4263 De
1041 4219 1122 4263 39.
1149 4215 1224 4265 ita
1260 4216 1483 4266 Priscia-

426 4298 522 4334 nus
541 4285 631 4337 lib.
656 4301 695 4338 1.
724 4288 913 4355 ‘Apud
936 4290 1147 4342 Latinos
1168 4291 1266 4343 boc
1290 4291 1429 4343 idem
1447 4307 1480 4341 u

1574 3139 1840 3189 invenitur
1896 3152 2004 3202 pro.
2050 3138 2210 3189 nihilo
2246 3140 2301 3189 in
2333 3140 2537 3201 metris,
2574 3146 2650 3192 et'-

1571 3215 1794 3266 maxime
1817 3216 1955 3280 apud
1991 3217 2362 3268 vetustissimos
2396 3217 2638 3268 Cornice-

1572 3307 1705 3356 rum,
1725 3299 1786 3343 ut
1807 3293 2021 3343 Terent.
2043 3293 2098 3342 iu
2119 3291 2326 3344 Andria
2340 3309 2357 3344 ε
2389 3295 2406 3324 ‘
2424 3294 2534 3345 sine
2556 3295 2632 3345 in-

1572 3367 1711 3418 vidia
1732 3368 1946 3419 laudem.
1977 3369 2209 3418 invenias
2242 3378 2298 3419 et
2326 3371 2520 3421 amicos
2538 3385 2646 3435 μυ·

1571 3445 1691 3496 res.’
1774 3447 1873 3496 Est
1917 3447 2053 3497 enim
2117 3447 2392 3499 iambicum
2449 3450 2632 3499 trime-

1569 3529 1723 3587 trum,
1743 3523 2024 3589 quodmisi‚
2050 3523 2285 3590 siriciani,
2317 3540 2413 3590 pro
2442 3526 2635 3576 tribra-

1569 3600 1667 3649 cho
1691 3599 2006 3664 accipiatur,
2024 3607 2164 3650 stare
2186 3614 2361 3651 versus
2399 3616 2501 3651 uon
2536 3616 2630 3666 po·

1568 3674 1730 3726 testz’
1778 3676 1870 3725 sed
1933 3677 2118 3726 melior
2175 3685 2255 3728 est
2312 3678 2633 3743 emendatio,

1569 3767 1721 3817 quam
1746 3759 1868 3816 post
1885 3752 2013 3802 alios
2027 3752 2268 3817 Guyetua
2282 3761 2494 3804 secutus
2509 3761 2600 3805 est
2611 3770 2644 3806 εἰ

1561 3828 1719 3892 juxta
1751 3828 2011 3879 Prisciani
2044 3828 2460 3880 observationem
2473 3839 2649 3895 potu-n

1566 3905 1709 3968 isset,
1740 3915 1793 3955 et
1815 3921 1845 3955 a
1869 3904 2339 3969 proceleusmatico
2359 3907 2593 3972 incipere
2613 3927 2627 3959 ι

1564 3985 1669 4035 siae
1687 3983 1892 4033 invidi-a
1908 3985 2007 4032 lau*
2026 3984 2109 4046 ξε.
2155 3982 2240 4032 ¹Iu
2274 3988 2360 4035 52.
2384 3999 2478 4049 pro
2498 3986 2646 4043 deins

1566 4061 1673 4111 Ms-
1718 4059 2015 4111 Academiae
2068 4058 2524 4124 Argentoratensis
2571 4067 2650 4113 et.

1568 4145 1789 4203 uterque
1822 4149 1969 4187 meus
2003 4136 2197 4188 babent
2217 4138 2399 4190 dehinc.
2465 4139 2528 4189 Ia
2548 4154 2626 4191 vs.

1563 4219 1648 4265 66.
1681 4230 1775 4279 pro
1808 4214 2198 4279 ejaseiodgng.
2224 4215 2390 4265 Acad-
2418 4215 2550 4279 Arg.
2567 4223 2643 4265 etz

1563 4306 1792 4343 meorum
1825 4293 1978 4357 alter,
2014 4292 2207 4344 babent
2241 4292 2540 4354 hujusmodis
2570 4292 2640 4343 iu.
