3035 4941
541 361 715 427 1102

611 500 642 554 4
680 502 958 565 Quodjussi
978 505 1025 554 ei
1056 505 1170 554 dare
1193 504 1366 567 bibere,
1385 509 1433 553 et
1455 518 1603 567 quan·

543 585 648 630 tum
667 581 913 645 imperavi,
934 581 1068 645 date]
1093 578 1480 633 Consuetudiue
1498 595 1602 639 ma-

543 658 639 719 gis,
661 671 814 721 quam
838 658 1035 707 ratione
1053 658 1205 719 dixit,
1238 670 1351 721 pro,
1390 658 1522 706 Date
1558 659 1604 705 ei

538 733 790 795 potionem.
827 732 1054 783 Lucilius
1098 734 1150 781 in
1190 741 1368 782 sexto:
1426 733 1603 781 ‘Date

545 809 723 859 bibere
746 808 976 859 summo!
1041 809 1176 859 Nam
1199 809 1299 857 duo
1323 806 1485 858 verba
1516 822 1601 857 ac·

541 887 652 936 tiva
687 888 879 937 nullam
921 886 1114 936 habent
1170 883 1601 949 significationem

541 964 653 1013 sine
692 964 916 1025 nomine,
946 970 1037 1012 aut
1086 961 1419 1025 pronomine:
1457 970 1516 1011 ut
1558 961 1602 1010 si

541 1039 705 1101 dicas,
728 1039 1017 1098 Dicfacere.
1050 1039 1309 1087 Donatus.

612 1117 750 1172 Quod
756 1115 885 1177 jussi
905 1115 951 1165 ei
969 1117 1084 1164 dare
1106 1113 1275 1176 bibere,
1296 1119 1343 1163 et
1374 1118 1603 1177 quantum

526 1193 764 1256 ‘imperavi
799 1192 932 1257 date]
963 1193 1035 1240 Et
1074 1190 1378 1256 qualitatem
1412 1198 1468 1240 et
1491 1205 1599 1239 mo-

541 1269 662 1318 dum
691 1270 762 1318 rei
785 1268 941 1318 dixit.
974 1268 1126 1317 Idem.

605 1347 747 1403 Quod
773 1347 904 1409 jussi
925 1346 971 1396 ei
1002 1347 1120 1395 dare
1154 1344 1334 1409 bibere]
1381 1344 1599 1395 Invenio

537 1423 887 1488 emendatum,
921 1425 1029 1472 date
1063 1422 1236 1484 bibere,
1270 1422 1599 1486 quemadmo-

538 1500 658 1550 dum
691 1508 746 1550 et
784 1502 1020 1551 Donatus
1059 1501 1224 1564 legit:
1274 1500 1364 1549 alii
1406 1500 1600 1549 habent

534 1580 644 1627 dari
680 1578 871 1635 bibere,-
904 1576 1270 1627 utVaticanus
1310 1583 1366 1626 et
1401 1576 1599 1626 Decur-

535 1662 711 1703 tatus:
756 1654 809 1702 in
849 1653 963 1702 aliis
999 1666 1205 1718 quoque
1250 1652 1478 1739 antiquis
1524 1653 1599 1702 ita

537 1731 867 1781 emendatum
890 1737 988 1781 est.
1023 1730 1255 1780 Fae‘rnus.

603 1806 779 1864 Quod
749 1822 897 1870 Jusst,
917 1806 963 1856 ei
981 1810 1092 1856 date
1114 1806 1294 1872 bibere]
1319 1808 1495 1864 Quod
1467 1821 1598 1869 Jussz

533 1866 579 1932 ei
608 1886 724 1933 dare
759 1883 914 1934 bibere
948 1885 1131 1949 legunt
1175 1884 1281 1942 alii,
1322 1885 1596 1948 citantque

536 1973 601 2007 ex
627 1959 845 2023 Lucilio,
881 1966 896 1989 ‘
914 1960 1038 2011 date
1061 1960 1242 2010 bibere
1268 1975 1463 2010 summo
1481 1959 1515 2010 :'
1540 1968 1596 2011 et

535 2035 821 2099 Charisius,
869 2037 887 2066 ‘
925 2036 1158 2088 Jubebat
1206 2036 1385 2087 bibere
1441 2035 1593 2086 dari!

534 2113 818 2165 Farnobius.

589 2198 626 2241 ·5
664 2194 787 2243 Mox
808 2208 895 2255 ego
916 2193 1028 2257 huc]
1062 2193 1198 2243 Vide
1224 2201 1290 2263 ‘ut
1313 2194 1596 2243 auctorita·

533 2274 640 2317 tem
666 2277 722 2318 et
738 2260 1053 2333 jactantiam
1074 2269 1393 2319 medicorum
1426 2269 1593 2319 imite-

452 2408 459 2417 Ι
531 2348 640 2406 tur,
663 2344 904 2402 diceudo,
937 2344 1072 2410 quod
1091 2344 1256 2407 jassi:
1292 2353 1347 2395 et
1364 2360 1465 2395 non
1490 2344 1595 2394 suf·

530 2420 781 2476 ficiebam
825 2422 919 2472 sed
955 2424 1136 2485 etiam,
1167 2423 1395 2486 imperavi
1421 2423 1592 2474 dixitz

529 2499 702 2559 simul,
740 2499 851 2549 iiaec
881 2513 997 2564 quae
1037 2499 1207 2549 solent
1245 2498 1434 2549 medici
1474 2515 1593 2564 pro·

484 2587 491 2594 ·
527 2575 739 2624 mittere
750 2573 1071 2640 frequenter,
1089 2576 1216 2626 Mox
1230 2591 1317 2639 ego
1328 2576 1419 2626 huc
1434 2592 1593 2628 rever·

535 2657 633 2700 tar.
668 2651 925 2701 Donatus.

590 2728 717 2777 Mox
737 2743 825 2790 ego
856 2729 947 2779 huc
963 2728 1203 2793 revertar]
1236 2695 1414 2795 Aliqui
1451 2730 1586 2797 libri,

528 2813 586 2856 et
609 2808 871 2869 Donatus,
892 2814 1119 2859 revertor.
1146 2808 1394 2860 Faernus.

594 2888 627 2934 6
667 2884 767 2933 Per
799 2890 979 2934 ecastor
1009 2886 1158 2935 scitus
1198 2901 1315 2950 puer
1345 2892 1487 2936 natus
1516 2892 1589 2937 est

529 2961 803 3026 Pamphilo]
829 2963 933 3011 Per
957 2955 1225 3013 Castorem
1245 2973 1298 3028 et
1318 2962 1588 3015 Pollucem

525 3041 762 3089 ornativa
785 3046 907 3090 sunt
921 3039 1154 3105 jurandi,
1186 3047 1310 3106 apta
1343 3039 1589 3092 foeminis.

527 3117 765 3168 Donatus.
1086 3179 1091 3184 .

478 3253 481 3256 Ι
590 3194 691 3243 Per
711 3194 1048 3244 ecastor-scitus
1060 3209 1179 3258 puer
1199 3200 1338 3245 natus
1357 3201 1428 3245 est
1439 3196 1589 3245 Pam·

521 3268 675 3333 philo]
710 3271 1011 3320 Priscianus
1033 3272 1120 3322 lib.
1145 3285 1264 3323 xxv.
1305 3273 1380 3323 ita
1414 3273 1546 3323 citat
1568 3288 1586 3325 ε

523 3346 785 3396 Percastor
802 3348 949 3396 scitus
965 3363 1086 3412 puer
1105 3356 1177 3399 est
1202 3355 1341 3400 natus
1367 3352 1590 3416 Pamphi-

525 3423 605 3469 lo.-
637 3428 692 3472 et
731 3423 784 3471 in
822 3424 958 3473 hunc
1003 3426 1211 3475 modum
1253 3441 1430 3477 omnes
1471 3425 1587 3478 fere

524 3498 759 3548 Terentii
796 3499 831 3549 l.
853 3514 895 3549 s.
929 3500 1143 3564 habent,
1182 3508 1239 3552 et
1277 3504 1433 3568 aliqui
1472 3505 1586 3553 Do·-

521 3575 651 3624 nati.
695 3575 981 3626 Vaticanus
1000 3583 1174 3627 tamen
1198 3585 1253 3628 et
1275 3579 1361 3628 alii
1385 3581 1585 3645 antiqui

519 3650 714 3701 habent
752 3653 849 3701 Per
884 3658 1084 3716 ecastor,
1106 3655 1216 3704 sine
1240 3655 1585 3721 diphthongo,

521 3736 583 3777 ut
607 3734 664 3777 et
684 3728 908 3793 Edepol.
931 3744 1082 3795 quam
1109 3731 1386 3783 lectionem
1410 3736 1584 3799 sequi·

522 3815 637 3854 mur
660 3806 1029 3857 constituendo
1059 3817 1378 3873 anapaestum
1401 3811 1452 3859 in
1478 3812 1582 3874 pri-

519 3893 606 3931 ma
645 3879 793 3944 hujus
819 3896 1034 3933 versus:
1070 3892 1316 3954 correpta
1350 3893 1581 3951 antepae·

523 3955 741 4006 nultima
761 3958 808 4006 in
831 3964 1147 4022 peraeeastor.
1194 3961 1438 4013 Faernus.

582 4034 686 4084 Per
703 4040 882 4084 ecastor
896 4037 1046 4085 scitus
1060 4042 1261 4101 puerest
1274 4043 1417 4087 uatus
1437 4039 1582 4088 Pam-

514 4110 668 4176 philo]
691 4112 768 4161 M.
786 4114 1084 4178 Perecastor,
1102 4115 1154 4163 id
1181 4120 1281 4175 est,
1307 4128 1402 4180 per
1417 4114 1583 4165 aedem

519 4187 768 4252 Castoris,
813 4190 1183 4254 jusjurandum
1241 4189 1579 4245 foemineum:

515 4265 695 4330 «edepol
753 4267 862 4316 viro
918 4273 974 4317 et
1026 4265 1253 4318 foeminae
1310 4283 1580 4320 commune

516 4339 687 4404 Ageil.
708 4341 742 4393 Ι.
767 4356 831 4395 11.
853 4358 899 4395 c.
921 4347 974 4396 6.
996 4343 1280 4395 Famabius.
1312 4404 1319 4410 ·

1190 381 1220 433 J·
1244 378 1453 425 No'rAE
1505 376 1899 426 vammum
1954 372 2030 424 IN

1742 502 1924 566 Sciens]
1991 504 2230 567 megaris,
2281 502 2530 569 pulcher3
2581 514 2734 567 quem

1679 580 1854 631 Graeci
1901 579 2094 641 κόσμιον
2136 580 2333 630 dicunt.
2399 579 2552 632 Quod
2598 581 2735 630 enim

1677 657 1787 721 quis
1810 655 2039 719 scit,hoc
2054 657 2242 706 scitum
2265 664 2320 706 et
2338 657 2622 721 pulchrum.
2644 646 2736 707 'Et

1676 743 1757 783 est
1780 731 2028 797 διαίρεσιςε
2062 748 2180 783 nam
2216 732 2342 783 ordo
2367 739 2466 796 est,
2489 733 2737 783 Perse-itus

1674 814 1872 858 ecastor.
1893 815 1951 858 ut
1972 812 2023 860 in
2040 809 2253 874 Hecyra
2274 823 2287 856 ε
2311 812 2328 839 ⁶
2352 811 2461 859 Per
2479 810 2564 873 pol
2581 825 2736 873 quam

1677 899 1871 948 paucos
1910 887 2138 950 reperias
2173 886 2534 936 meretricibus
2554 884 2738 949 fideles

1675 963 1887 1013 evenire
1910 969 2165 1012 amatores
2184 962 2217 1008 τ’
2267 971 2326 1013 ut
2365 963 2453 1023 sit,
2485 977 2734 1028 perquam

1676 1052 1887 1102 paucos.
1936 1040 2006 1088 Et
2024 1040 2040 1068 ‘
2057 1048 2306 1090 natusest
2332 1041 2600 1104 Pamphilo
2617 1040 2653 1090 :’
2679 1046 2740 1091 ut

1676 1114 1967 1177 Virgilius:
2011 1115 2028 1143 ‘
2048 1117 2216 1167 Quem
2244 1116 2515 1165 Dardanio
2539 1115 2734 1166 Anchi-

1678 1206 1750 1241 sae
1795 1190 1948 1241 Alma
1979 1193 2156 1249 Venus
2196 1192 2412 1257 Phrygii
2452 1193 2632 1256 genuit
2654 1193 2735 1243 Si·

1675 1268 1896 1319 ωοὲυῑίε
1920 1269 1986 1319 ad
2012 1269 2236 1320 undamfl
2270 1271 2507 1320 Donatus.

1740 1344 1904 1394 Scitus
1954 1346 2096 1411 puer]
2151 1346 2284 1397 Satis
2326 1346 2596 1396 obstetrici
2634 1322 2734 1408 est,

1676 1418 1841 1470 adhuc
1865 1423 2120 1472 incertum
2137 1423 2253 1484 aevi,
2278 1429 2353 1486 et,
2373 1430 2430 1472 ut
2452 1424 2527 1472 ita
2547 1423 2737 1487 dicam,

1675 1511 1706 1545 a
1751 1505 1915 1563 matre
1960 1500 2431 1563 sanguinolentum,
2476 1514 2575 1549 non
2623 1502 2734 1563 pul·

1674 1574 1848 1624 chrum
1868 1575 2030 1641 (quod
2055 1579 2219 1640 ipsum
2242 1573 2450 1626 nimium
2465 1576 2734 1641 videretur

1672 1650 1801 1714 cito)
1837 1653 2033 1715 dicere,
2073 1653 2166 1702 sed
2201 1655 2385 1702 scitum
2412 1655 2735 1718 pronuntiat.

1671 1727 1802 1777 Ideo
1826 1729 2204 1792 subblanditur,
2224 1739 2280 1779 ut
2298 1745 2474 1795 operae
2506 1731 2734 1794 pretinm
2759 1755 2769 1762 ·

1674 1806 1837 1868 majus
1862 1807 2103 1869 accipiat.
2139 1806 2292 1857 Idem.
2637 1830 2644 1835 ·

1735 1887 1766 1932 7
1789 1883 1920 1932 Deos
1942 1898 2097 1946 qua’so
2116 1889 2171 1933 ut
2192 1884 2257 1933 sit
2268 1883 2526 1950 superstes]
2558 1883 2737 1948 Super·

1669 1965 1768 2010 stes
1789 1974 1924 2009 nunc
1937 1961 2142 2010 salvus:
2170 1963 2297 2011 alias
2318 1962 2736 2025 sapentitessunt

1672 2050 1823 2085 senes
1868 2044 1925 2085 et
1973 2051 2137 2086 anus:
2195 2037 2316 2103 quia
2354 2045 2510 2087 aetate
2554 2038 2732 2087 multis

1671 2113 1979 2175 superstites
2008 2114 2120 2176 jam
2158 2114 2401 2164 delirant.
2470 2116 2626 2164 Unde
2675 2126 2732 2164 et

1668 2191 2002 2252 superstitiosi,
2034 2192 2122 2257 qui
2160 2192 2288 2242 deos
2326 2194 2512 2243 timent
2542 2193 2732 2244 nimis:

1672 2266 1808 2329 quod
1833 2269 2034 2330 signum
2058 2275 2143 2318 est
2163 2268 2510 2321 deliramenti.
2546 2270 2702 2321 Idem.

1732 2342 1865 2392 Deos
1893 2360 2065 2406 quoeso,
2086 2350 2140 2395 ut
2160 2345 2227 2395 sit
2246 2344 2500 2409 superstes]
2523 2346 2731 2396 Recens

1670 2418 1806 2467 natis
1843 2419 1976 2472 bene
2001 2422 2249 2486 precandi
2271 2419 2511 2473 formula.
2545 2424 2733 2474 Furna-

1671 2493 1789 2545 bius.

1739 2572 2123 2638 Quandoquidem
2153 2576 2253 2641 ipse
2287 2575 2385 2640 est]
2434 2578 2633 2633 Quando
2674 2583 2730 2632 et

1673 2650 1795 2699 Cum
1846 2651 2102 2702 interdum
2159 2659 2282 2703 sunt
2334 2645 2744 2717 conjunctiones=

1669 2728 1903 2777 causales
1925 2745 1938 2775 ε
1975 2736 2032 2778 et
2057 2730 2239 2792 quaudo
2263 2744 2358 2794 pro
2380 2729 2642 2794 quoniam,
2673 2736 2733 2779 et

1668 2819 1763 2869 pro
1782 2806 1903 2871 quia
1921 2806 2273 2872 intelligimus.
2305 2808 2544 2858 Donatus.

1735 2883 2120 2948 Quandoquidem
2140 2884 2264 2948 ipse]
2283 2884 2493 2935 Transit
2514 2898 2544 2934 a
2564 2898 2732 2949 puero

1667 2959 1914 3024 adipsum
1940 2960 2285 3026 Pamphilum.
2321 2959 2471 3010 Idem.

1730 3042 1764 3088 9
1804 3038 1888 3088 Vel
1918 3038 2004 3088 hoo
2024 3039 2130 3103 quis
2164 3054 2260 3089 uon
2293 3038 2480 3102 credat]
2511 3036 2730 3101 Εἶρωνεία

1666 3121 1781 3165 est:
1827 3115 1934 3177 Vel,
1964 3115 2116 3165 modo
2150 3122 2234 3167 est
2270 3115 2588 3179 disjunctiva
2607 3129 2730 3165 con-

1655 3190 1885 3254 junctio,
1902 3191 1994 3241 sed
2012 3207 2110 3254 pro
2125 3193 2267 3243 etiam
2283 3193 2451 3257 posita
2467 3208 2483 3241 ι
2509 3199 2569 3242 ut
2586 3192 2728 3257 apud

1666 3267 1939 3331 Virgilium
1961 3285 1977 3318 ε
2009 3268 2141 3320 ‘Vel
2180 3269 2394 3319 Priamo
2434 3269 2730 3319 miseranda

1663 3344 1885 3395 manus!
1964 3346 2054 3409 Et,
2117 3346 2134 3374 ‘
2154 3347 2397 3397 Carmina
2453 3348 2535 3395 vel
2590 3346 2725 3395 eoelo

1666 3428 1883 3486 possunt
1921 3422 2181 3473 deducere
2221 3421 2432 3472 lunam.'
2464 3423 2536 3472 Et
2571 3423 2728 3485 bene,

1662 3501 1739 3550 vel
1755 3500 1840 3549 hoc
1857 3517 1876 3551 .-
1908 3500 2204 3566 subaudias,
2224 3499 2464 3565 exceptis
2486 3500 2591 3550 illis
2607 3514 2726 3565 qun

1664 3576 2000 3640 reprehendit
2022 3591 2197 3642 supra.
2228 3578 2383 3628 Idem.

1727 3652 1830 3702 Abs
1852 3658 1900 3703 te
1916 3668 2014 3703 esse
2033 3655 2220 3719 uatum]
2237 3655 2308 3703 Et
2330 3658 2488 3703 ortum
2506 3653 2726 3716 legitur,

1663 3736 1723 3780 nt
1770 3730 1840 3780 sit
1886 3731 2218 3795 instructum,
2254 3737 2619 3793 commentum,
2671 3736 2730 3780 et

1662 3809 2024 3872 compositum.
2059 3809 2212 3861 Idem.

1728 3888 1791 3935 lo
1825 3887 1938 3935 Nou
1957 3886 2217 3951 imperabat
2237 3883 2417 3948 coram]
2438 3886 2631 3947 Coram,
2660 3884 2729 3934 ad

1663 3971 1834 4012 certas
1866 3977 2112 4027 personas
2146 3960 2393 4013 refertur.
2462 3962 2634 4022 Palam
2652 3961 2722 4012 ad

1662 4053 1856 4088 omnes.
1890 4039 2041 4091 Idem.

1685 4163 1690 4167 .
1727 4115 1841 4164 Non
1862 4115 2120 4179 imperabat
2139 4131 2313 4174 eoram,
2335 4116 2441 4181 ξω]
2472 4116 2608 4167 Miro
2629 4130 2723 4167 sua

1659 4191 1838 4255 placet
1859 4193 1957 4241 sibi
1995 4193 2283 4258 sagacitate
2314 4194 2478 4257 Simo,
2512 4193 2723 4259 quando

1660 4274 1968 4333 suspectans
2006 4284 2145 4337 vera,
2176 4269 2323 4323 falsis
2356 4272 2493 4322 ultro
2515 4269 2717 4340 decipi·
