3035 4941
571 321 743 387 11:20

571 482 715 529 deant
733 477 1057 528 subauditur.
1099 479 1247 528 Idem.

637 558 720 605 Ex
751 557 1051 605 incommodis
1081 558 1278 606 ulterius
1309 570 1395 603 sua
1428 560 1482 604 ut
1503 569 1627 603 com-

567 638 737 698 parent
767 632 1029 695 commoda]
1082 633 1280 688 Livius,
1315 631 1465 681 simili
1513 646 1626 679 sen·

570 711 739 762 tentia
779 711 947 761 dixit:
977 712 993 737 ‘
1012 725 1078 759 ex
1111 709 1436 759 incommodo
1459 709 1627 757 alieno

569 803 717 839 auam
781 787 1100 837 occasionem
1154 785 1369 850 petere.²
1410 800 1487 836 ιν.
1542 791 1625 836 58.

569 865 835 916 Boeclerus.

632 947 666 991 4
698 941 801 991 Sua
830 938 1123 1003 comparent]
1164 939 1283 989 Hoc
1316 943 1419 1002 est,
1453 938 1625 1003 acqui-

570 1026 708 1082 rant,
730 1018 814 1068 vel
835 1016 1116 1079 estiment,
1140 1016 1434 1066 metiantur.
1460 1016 1626 1064 Dona·

571 1106 667 1150 tus.

595 1206 599 1211 -
634 1173 868 1234 Alterius,
907 1187 993 1222 sua
1023 1177 1256 1236 comparet
1276 1178 1331 1222 ut
1369 1171 1629 1235 commoda]

569 1252 912 1315 Particularia,
944 1257 1018 1314 ut,
1057 1258 1174 1315 post
1202 1267 1307 1315 sua,
1345 1266 1410 1301 ex
1449 1265 1499 1301 o.
1521 1250 1558 1300 1.
1582 1266 1625 1300 s.

568 1330 883 1381 collocamus
906 1345 921 1378 ι
954 1334 1219 1393 comparent
1238 1336 1413 1379 autem
1443 1327 1627 1378 scribi·

567 1422 683 1458 mus
727 1423 793 1457 ex
828 1408 1042 1457 Donato
1075 1411 1132 1460 et
1161 1406 1363 1458 duobus
1401 1405 1627 1470 antiquis

567 1484 717 1534 libris
742 1486 896 1549 paulo
919 1492 1041 1535 ante
1064 1484 1326 1535 adductis.
1363 1483 1596 1538 Faernus.

633 1568 663 1611 5
700 1562 763 1611 Id
796 1577 857 1612 ne
885 1568 955 1613 est
989 1568 1188 1613 oerum?
1228 1563 1324 1614 imo
1365 1563 1417 1612 id
1456 1561 1630 1626 genus]

568 1636 678 1689 Alii
710 1639 805 1702 sic,
821 1640 1017 1690 Verum
1052 1648 1167 1701 est;
1207 1641 1305 1690 hoc
1339 1653 1500 1703 genus
1538 1639 1625 1688 ho·

566 1716 761 1766 minum
804 1716 1062 1768 hominem
1118 1733 1176 1768 se
1226 1716 1471 1781 probavit
1499 1730 1630 1777 esse,

566 1806 686 1842 cum
729 1793 894 1843 malus
934 1793 1041 1844 sita
1086 1801 1143 1844 et
1176 1794 1251 1843 sic
1292 1801 1476 1843 contra
1506 1793 1628 1855 hoc,

566 1867 684 1918 Imo
719 1884 820 1919 non
864 1870 1144 1933 hominem,
1188 1869 1280 1921 sed
1342 1872 1627 1935 pessimum

565 1945 829 1996 homiuem
850 1962 907 1996 se
928 1948 1186 2011 probavit.
1225 1948 1465 1997 Donatus.

613 2025 677 2074 Id
687 2040 743 2076 ue
757 2030 831 2076 est
847 2040 1005 2076 oerum
1019 2030 1040 2075 ἲ
1054 2026 1149 2076 imo
1170 2026 1221 2076 id
1237 2025 1412 2089 genus]
1432 2026 1626 2078 Parum

565 2108 923 2164 accusaverat,
944 2103 1143 2167 dicem,
1160 2103 1225 2153 Id
1255 2117 1322 2153 ne
1346 2112 1426 2152 est
1447 2117 1626 2153 verum

563 2179 829 2230 bominum
873 2183 1073 2244 genus?
1128 2186 1185 2230 et
1240 2181 1359 2231 ideo
1405 2179 1627 2235 addidit,

565 2259 679 2309 Imo
723 2261 775 2309 id
832 2275 996 2324 genus
1033 2251 1295 2310 hominurn
1337 2266 1419 2309 est
1465 2258 1628 2322 pessi·

562 2351 742 2387 mum:
796 2344 857 2387 ut
887 2338 987 2388 hoc
1030 2337 1231 2399 facere,
1263 2352 1365 2386 non
1406 2335 1628 2386 hominis

562 2414 721 2463 modo
739 2414 827 2470 sit,
846 2412 940 2463 sed
971 2414 1181 2479 pessimi
1203 2412 1438 2462 hominis.
1471 2413 1626 2465 Idem.

631 2492 696 2541 Id
716 2507 773 2541 ne
795 2496 863 2541 est
888 2491 1073 2554 oerum]
1097 2492 1286 2541 Inanes
1310 2506 1458 2555 nugae
1484 2506 1627 2556 quae-

563 2565 685 2615 dam
722 2566 791 2615 in·
816 2569 1190 2617 commentario
1235 2568 1433 2617 Donati
1479 2565 1546 2615 ad
1578 2568 1626 2615 h.

562 2642 601 2692 1.
623 2642 888 2705 leguntur.
960 2641 1062 2692 Alii
1099 2642 1334 2692 Servium
1360 2650 1624 2693 auctorem

563 2718 735 2766 secuti
766 2719 880 2767 sine
915 2733 1094 2780 causa,
1136 2734 1296 2769 cerum
1336 2719 1421 2768 hic
1462 2720 1624 2769 inter-

562 2800 845 2857 pretantur
876 2804 1078 2859 oequum.
1145 2797 1337 2846 Melius
1358 2795 1624 2861 Guyetus:

567 2883 722 2933 quem
752 2869 890 2921 vide.
924 2873 1186 2922 Boeclerus.

638 2944 854 2998 Verum?
884 2947 993 3010 ξω]
1028 2949 1272 3008 Ἀληθινὺν
1306 2965 1406 3001 non
1446 2966 1622 3001 verum

563 3028 794 3086 tantum,
817 3024 910 3074 sed
923 3024 1125 3088 justum
1149 3036 1206 3077 et
1223 3026 1441 3091 probum
1468 3028 1624 3091 signi·

559 3099 706 3163 fleat,
728 3102 988 3154 Priscian.
1012 3105 1048 3153 l.
1073 3119 1216 3155 xvu.
1254 3106 1539 3157 Far-nabin.

625 3177 776 3226 Immo
791 3178 843 3228 id
854 3193 1002 3241 genus
1015 3181 1252 3231 hominum
1268 3187 1338 3231 est
1350 3182 1623 3246 pessimum,

557 3252 636 3315 in]
675 3254 763 3304 lta
797 3257 1095 3321 legendum,
1112 3259 1271 3323 immo,
1289 3260 1341 3309 id
1361 3265 1454 3323 est,
1469 3275 1625 3322 genus

558 3330 798 3381 bantinum
838 3333 1119 3395 pessimum.-
1163 3335 1238 3386 ita
1281 3336 1521 3387 Donatus
1568 3342 1625 3387 et

559 3420 610 3456 o.
635 3408 668 3455 l.
692 3424 735 3456 s.
760 3409 814 3457 in
839 3411 1020 3473 quibus
1061 3419 1235 3461 tamen
1269 3421 1623 3465 extremorum

556 3483 835 3535 verborum
849 3487 962 3536 'alia
979 3489 1258 3539 collocatio
1275 3497 1376 3551 est,
1391 3506 1545 3555 quam
1570 3493 1621 3541 in

556 3558 798 3610 Donato:
840 3563 1146 3626 particulam
1190 3574 1364 3616 autem
1405 3568 1476 3630 in,
1520 3583 1620 3618 uon

557 3636 678 3688 huic
703 3642 874 3689 versui
914 3642 1005 3691 sed
1030 3645 1269 3709 sequenti
1308 3646 1618 3696 attribuunt.

560 3713 796 3765 Fa‘e‘mus.

624 3795 657 3838 6
691 3790 753 3840 In
791 3794 1065 3856 denegando
1102 3800 1262 3864 modo]
1308 3801 1477 3866 Modo,
1522 3817 1632 3866 pro·

558 3870 934 3921 tautummodo.
967 3874 1206 3927 Donatus.

625 3945 749 4001 Quis
771 3950 936 4011 pudor
971 3955 1219 4016 paululum
1254 3956 1413 4020 adest]
1449 3956 1621 4006 Adest

556 4021 744 4085 pudor,
768 4039 835 4075 ne
867 4026 1144 4093 denegent,
1168 4047 1271 4081 nou
1291 4033 1457 4091 adest,
1479 4041 1542 4083 ut
1564 4041 1620 4084 et

557 4107 830 4160 praestent.
866 4104 1017 4157 Idem.

625 4174 687 4224 In
732 4179 1002 4243 denegando
1046 4185 1181 4232 modo
1221 4185 1327 4248 quis
1363 4187 1513 4249 pudor
1548 4191 1621 4237 est

558 4255 829 4319 pandulum]
862 4259 1171 4323 scripsimus
1214 4276 1282 4311 ex
1304 4262 1537 4326 Donato,
1565 4269 1622 4313 et

1279 336 1490 387 NO'I'AE
1543 336 1941 385 VARlolttJM
1970 337 2069 386 ,ΙΝ

1705 491 1754 526 o.
1778 477 1813 525 1.
1838 491 1879 526 s.
1900 478 2048 540 pudor
2073 478 2310 540 paululum
2330 479 2481 526 adest.
2516 476 2755 527 Faernus.

1770 553 1829 603 In
1850 555 2119 615 denegando
2140 557 2292 614 modo,
2311 554 2417 618 ξω]
2440 554 2624 610 Modo,
2646 569 2760 604 curn

1704 623 1974 693 peteretur
1996 632 2119 695 quid
2154 631 2220 680 ab
2253 631 2332 693 iis,
2356 631 2759 694 promittebant:

1705 707 1891 771 puduit
1911 711 2106 772 quippe
2130 723 2349 771 negare:
2365 709 2473 771 jam
2494 709 2583 758 ubi
2610 709 2762 757 bene-

1701 783 1876 842 ficium
1902 785 2070 835 verbis
2108 785 2290 836 initum
2316 800 2370 834 re
2394 786 2760 852 comprobandi

1658 919 1661 924 ,
1703 868 1910 926 tempus
1967 863 2135 926 adest,
2185 864 2416 927 produnt
2472 863 2628 912 animi
2685 864 2761 914 sui

1701 938 2081 1003 malignitatem
2115 947 2173 990 et
2205 939 2534 991 vecordiam:
2567 940 2583 968 ‘
2606 940 2761 989 homi-

1700 1028 1819 1063 nem
1844 1015 2060 1065 alterius
2093 1015 2420 1082 incommodo
2454 1031 2604 1068 suum
2627 1032 2762 1068 com·

1703 1090 1914 1142 modum
1933 1106 2143 1157 augere,
2173 1094 2338 1158 magis
2371 1100 2455 1144 est
2473 1102 2661 1143 contra
2681 1108 2763 1142 na-

1706 1174 1871 1218 turam
1906 1184 2059 1233 quam
2092 1169 2268 1220 mors.'
2305 1170 2413 1221 Cic.
2434 1168 2589 1226 Offic.
2656 1170 2762 1222 Sed

1703 1245 1789 1295 adi
1841 1245 2182 1299 Plutarchum
2227 1247 2321 1298 lib.
2372 1245 2478 1311 περὶ
2515 1245 2764 1298 δυσωπίας.

1705 1323 1991 1375 Fmabins.
2424 1377 2429 1380 .

1766 1406 1798 1452 7
1831 1404 1954 1454 Post
1986 1403 2071 1458 nbi
2102 1404 2309 1468 tempus]
2351 1406 2523 1457 Deest
2556 1411 2662 1456 est:
2705 1411 2763 1455 ut

1701 1480 1790 1543 sit,
1810 1486 1992 1547 tempus
2011 1487 2100 1532 est.
2139 1483 2396 1534 Donatus.

1765 1559 2015 1612 Promissa
2058 1560 2265 1622 estjam
2301 1559 2497 1627 perfici]
2542 1560 2762 1627 Antiqui

1700 1635 1840 1700 libri,
1860 1643 1916 1687 et
1937 1639 2093 1703 aliqui
2111 1638 2199 1687 alii
2213 1652 2315 1687 non
2333 1637 2529 1689 habeut
2550 1639 2760 1688 verbum

1702 1720 1810 1774 ειη
1847 1729 1965 1765 cum
2005 1714 2194 1780 quibus
2216 1721 2272 1767 et
2293 1714 2532 1820 Donatus
2554 1728 2763 1766 concor-

1702 1790 1814 1841 dat.
1847 1791 2081 1843 Fa'e‘rnus.

1766 1873 1799 1919 8
1835 1869 2118 1921 Necessario
2153 1884 2206 1920 se
2239 1817 2483 1934 aperiunt]
2516 1869 2659 1920 Mire
2692 1870 2763 1918 ait

1701 1946 1979 2010 necessario,
1999 1946 2120 2011 quia
2140 1951 2328 1997 natura
2340 1953 2473 1998 sunt
2493 1947 2657 1998 tales.
2680 1961 2761 1995 ue-

1703 2024 1918 2074 cessitas
1961 2030 2136 2075 autem
2173 2025 2225 2075 in
2263 2030 2449 2075 natura
2470 2030 2555 2074 est
2574 2024 2762 2075 consti-

1704 2108 1836 2154 tuta.
1868 2102 2105 2154 Donatus.

1767 2178 2030 2243 Aperiunt]
2053 2179 2207 2244 Mire,
2235 2179 2486 2243 aperiunt.-
2524 2179 2760 2244 qnoniam

1704 2263 1831 2309 tunc
1855 2272 1972 2307 cum
1997 2258 2396 2321 promittebant,
2430 2259 2556 2310 mali
2578 2265 2763 2310 erant:

1704 2333 1796 2383 sed
1821 2334 2024 2384 latebat
2044 2335 2245 2387 malitia
2279 2335 2420 2386 intra
2447 2338 2678 2400 pectoris
2697 2338 2764 2387 al·

1711 2410 2008 2464 titudinem.
2039 2413 2191 2463 Idem.

1773 2489 1892 2540 Tum
1912 2489 2194 2553 necessario]
2229 2490 2622 2555 Inter-ponimus
2658 2506 2766 2540 ver·

1703 2564 1825 2614 burn
1868 2567 2019 2616 coacti
2058 2580 2126 2617 ex
2170 2568 2303 2620 o.;l.
2346 2583 2389 2618 s.
2434 2577 2490 2618 et
2529 2569 2789 2620 Donato..

1706 2641 1941 2691 Faie'rnus.
2156 2692 2159 2695 .

1768 2724 1800 2768 9
1836 2721 1907 2770 Et
1928 2722 2115 2783 timent,
2134 2726 2183 2771 et
2203 2726 2361 2772 tamen
2380 2738 2459 2772 res
2479 2724 2608 2784 cog-it
2626 2724 2764 2775 deue-

1698 2796 1842 2859 gare]
1887 2798 1979 2846 Bis
2024 2813 2241 2848 numero
2283 2799 2594 2850 subauditur
2631 2802 2766 2849 dene·

1697 2889 1834 2935 gare.
1902 2876 1972 2924 Et
2010 2877 2193 2926 melius
2225 2876 2416 2942 timent,
2444 2886 2597 2944 quarn·
2618 2869 2671 2928 εἰ
2690 2879 2769 2927 dia

1702 2961 1868 3014 ceret,
1893 2956 2038 3017 pudet
2053 2970 2130 3004 eos
2145 2972 2162 3005 ε
2185 2970 2299 3006 nam
2322 2957 2481 3006 timor
2502 2963 2584 3006 est
2608 2958 2765 3006 etiam

1702 3029 1993 3079 malorum:
2039 3032 2228 3096 pudor,
2252 3040 2452 3083 tantum
2490 3035 2763 3086 bonor-mn.

1702 3106 1940 3156 Donatus.

1767 3184 1891 3249 Res]
1909 3184 2120 3234 Malitia
2140 3186 2360 3244 scilicet,
2384 3194 2630 3254 tanquam
2649 3191 2771 3239 mali

1702 3260 1807 3309 sint
1830 3260 1894 3309 ad
1921 3276 2052 3324 rem,
2076 3276 2226 3326 quam
2249 3271 2502 3326 praestare
2524 3280 2622 3319 non
2650 3282 2768 3330 pos-

1701 3342 1842 3385 sunt.
1879 3337 2031 3387 Idem.
2112 3344 2115 3347 '

1767 3414 1835 3462 Et
1857 3419 2012 3463 tamen
2029 3429 2108 3463 res
2124 3417 2257 3479 cogit
2269 3418 2524 3481 denegare]
2542 3418 2605 3468 In
2624 3421 2774 3469 nullo

1702 3490 1738 3541 1.
1761 3505 1802 3537 s.
1824 3498 2173 3556 praeterquam
2200 3493 2251 3541 in
2275 3494 2599 3558 Victorino,
2632 3497 2767 3546 hauc

1697 3568 1976 3618 lectionem
2011 3569 2243 3633 invenio,
2278 3571 2371 3620 sed
2407 3572 2501 3634 ita,
2536 3580 2585 3622 et
2608 3579 2768 3624 tamen

1698 3659 1775 3694 res
1812 3661 1888 3695 eos
1924 3647 2102 3709 premit
2133 3648 2405 3709 denegaret.
2431 3649 2508 3698 sic
2546 3656 2602 3699 et
2626 3651 2768 3715 apud

1698 3724 1986 3787 Donatum,
2008 3725 2132 3774 licet
2150 3725 2252 3775 alia
2262 3727 2615 3779 collocatione
2633 3745 2653 3778 ε
2680 3744 2769 3777 au·

1698 3800 1832 3863 tiqui
1872 3815 1998 3849 sane
2039 3801 2158 3850 libri
2199 3817 2304 3851 non
2344 3803 2541 3865 habent
2576 3819 2765 3869 prono-

1697 3889 1838 3936 meu,
1857 3890 1950 3924 eos.
1986 3876 2237 3927 Faiirnus.

1764 3954 1827 4000 10
1883 3950 1963 3999 Ibi
2005 3956 2106 4000 tum
2149 3952 2562 4017 impudentissima
2602 3972 2767 4007 eorm

1695 4026 1936 4091 eratio'st]
1978 4029 2046 4077 Ο.
2070 4030 2107 4080 l.
2131 4044 2174 4079 s.
2199 4030 2274 4081 ita
2294 4033 2589 4083 collocant.
2570 4050 2583 4062 ·
2604 4049 2766 4085 eorm

1693 4106 2109 4170 impudentissima.
2143 4109 2310 4160 Idem.

1760 4190 1820 4236 11
1865 4187 1991 4243 Quis
2027 4192 2081 4237 tu
2111 4194 2192 4238 es?
2227 4191 2335 4253 quis
2362 4190 2491 4240 mim
2499 4190 2604 4255 en]
2643 4192 2765 4248 Quis

1694 4266 1749 4310 tu
1787 4276 1856 4324 es,
1900 4263 1963 4313 ad
2001 4263 2309 4329 dignitatem
2351 4266 2620 4319 refertur·
2656 4270 2764 4333 quis
