3035 4941
546 398 719 466 1350

550 575 657 612 uno
670 556 985 624 pronominis
999 557 1271 622 complexu
1289 554 1610 616 includente,

558 638 761 688 abunde
787 636 970 687 testari
993 642 1185 700 potest.
1214 636 1334 697 quod
1366 634 1501 682 illum
1522 629 1609 690 su-

557 730 658 765 cere
672 715 867 775 credito,
889 714 925 763 i.
950 727 999 763 e.
1025 720 1082 761 ut
1105 721 1196 762 tua
1217 710 1498 776 praesentia
1521 710 1610 758 im·

558 792 801 858 pediatur
839 793 1056 842 libertas
1089 792 1218 855 ejus.
1261 797 1318 840 ut
1353 789 1613 839 abstineat

562 869 644 931 iis,
661 885 776 934 quae
799 870 998 918 animus
1009 867 1130 918 fert.
1148 869 1233 917 hoc
1251 868 1333 916 ille
1336 864 1482 927 fucit.
1505 866 1540 914 i.
1564 878 1611 914 e.

559 960 664 994 non
702 945 861 994 audet
895 944 1063 994 omnia
1085 958 1178 993 sua
1200 944 1407 994 occulta
1428 954 1612 1007 expro-

561 1037 723 1072 mere.
758 1022 1015 1070 Boeclems.

630 1103 692 1148 17
754 1100 1014 1160 Utcunque,
1053 1097 1158 1160 ὅπη]
1213 1097 1319 1146 Pro
1365 1110 1438 1158 re,
1478 1096 1615 1158 loco,

563 1185 820 1238 tempore,
883 1174 1117 1237 personis
1170 1186 1359 1222 morem
1415 1186 1612 1237 gerere.

566 1252 855 1315 Obsequium
872 1249 1061 1305 amicos,
1079 1249 1342 1298 adversari
1359 1248 1492 1310 aliis,
1509 1248 1612 1297 odi·

559 1343 641 1377 m
651 1328 799 1390 parit.
835 1325 1131 1376 Farnabius.

625 1407 688 1453 18
724 1404 854 1460 Quid
891 1402 1004 1451 istic
1041 1402 1232 1465 narrat]
1279 1402 1407 1453 Quas
1449 1401 1612 1465 Syrus

559 1481 680 1531 huic
715 1482 893 1545 jurgio
939 1480 1098 1543 patris
1151 1479 1397 1528 adversus
1449 1477 1613 1528 filium

558 1558 857 1618 interfatur,
890 1572 1072 1621 parum
1110 1557 1162 1605 in
1201 1555 1448 1620 expedito
1477 1564 1612 1607 sunt.

558 1651 633 1686 vs.
658 1641 706 1685 3.
728 1636 747 1664 ‘
767 1642 883 1684 acta
905 1634 1017 1684 haee
1040 1648 1122 1683 res
1145 1640 1241 1697 est,
1258 1633 1423 1697 perii,'
1439 1649 1613 1685 secum

557 1712 882 1776 loquebatur,
923 1717 1156 1759 metuens
1196 1711 1408 1761 consilio
1442 1725 1536 1759 suo
1559 1717 1615 1761 et

559 1788 833 1837 instructae
874 1786 1063 1836 fraudi.
1125 1788 1297 1850 Nunc,
1331 1788 1444 1851 quid
1471 1787 1617 1837 isthic

556 1861 764 1914 marr-ut?
807 1864 884 1914 ita
921 1863 1158 1913 videntur
1189 1864 1360 1927 accipi
1401 1864 1614 1930 debere,

558 1948 617 1989 ut
643 1939 878 1990 venditet
898 1940 1059 2003 Syrus
1077 1955 1222 1989 suum
1238 1939 1459 1991 officium
1485 1944 1617 2003 seni,

469 2019 473 2024 ’
560 2025 616 2063 et
640 2016 1045 2079 increpationem
1068 2018 1180 2079 ejus
1206 2018 1452 2082 adjuvet:
1481 2020 1618 2069 sicut

560 2091 826 2155 sequentia
870 2092 1087 2154 amplius
1132 2094 1429 2145 ostendunt.
1473 2096 1617 2160 qnasi

560 2167 797 2218 diceret:
825 2170 939 2231 quid
973 2169 1084 2218 istic
1106 2170 1390 2234 (Clitipho)
1411 2170 1618 2223 narrat?

480 2271 483 2274 ι
561 2244 683 2308 quid
716 2245 995 2308 respondet
1029 2245 1093 2294 ad
1127 2247 1272 2297 haec?
1306 2250 1428 2313 quid
1460 2250 1618 2301 habet

563 2319 701 2383 quod
720 2320 895 2370 dicat?
920 2321 1054 2370 unde
1078 2323 1340 2387 Clitipho:
1362 2325 1502 2388 perii.
1521 2328 1618 2377 i.e.

564 2396 720 2444 etiam
743 2396 825 2445 hio
844 2411 925 2446 me
947 2400 1134 2461 urget?
1157 2400 1312 2449 etiam
1336 2402 1417 2451 hic
1436 2410 1617 2455 contra

565 2485 649 2519 me
670 2473 812 2520 stat?
857 2487 1076 2538 cumque
1111 2475 1438 2528 nibilominus
1458 2480 1617 2542 Syrus

568 2555 834 2611 pergeret,
855 2558 1003 2612 rogat
1025 2565 1140 2599 eum
1171 2558 1229 2602 ut
1263 2560 1469 2605 taceat:
1516 2562 1619 2606 tuce

565 2625 718 2673 sodes.
783 2624 890 2674 Alii
913 2625 976 2674 ad
1001 2626 1347 2690 Clitiphonem
1382 2630 1483 2681 ista
1514 2631 1619 2681 dici

570 2705 791 2764 putant:
822 2700 936 2764 quid
955 2700 1067 2750 istic
1085 2702 1287 2754 narrat?
1308 2711 1368 2755 ut
1389 2707 1476 2768 sit,
1499 2721 1617 2758 cum

569 2778 715 2824 vultu
754 2776 1200 2838 ὑπομιμνήσκοντος(
1236 2782 1401 2845 audis,
1421 2784 1532 2846 quid
1551 2785 1618 2834 is-

570 2852 637 2900 tic
659 2850 838 2916 (pater
862 2855 1010 2918 tuus)
1043 2862 1242 2906 num-et?
1278 2872 1342 2907 an
1366 2874 1466 2909 non
1490 2860 1619 2924 dixi,

571 2929 667 2978 hoc
689 2945 804 2980 esse
829 2930 1096 2982 futurum?
1159 2936 1356 2986 Rursus
1393 2937 1501 2998 alii,
1528 2938 1622 3002 Sy-

570 3022 680 3060 rum
699 3011 839 3075 loqui
858 3025 1052 3074 secum,
1071 3014 1268 3063 volunt.
1336 3014 1487 3064 Quod
1508 3015 1620 3079 qui·

570 3085 689 3135 dem
705 3086 963 3137 miniuiam
980 3086 1181 3151 ἔμφασιν
1195 3090 1399 3141 videtur
1410 3091 1621 3142 habere.

564 3167 712 3211 certe
748 3161 866 3227 quas
897 3173 1198 3229 sequuntur,
1238 3167 1535 3233 clareydici,
1565 3173 1619 3215 et

568 3237 846 3290 Chremete
890 3243 1153 3305 audiente,
1199 3244 1325 3301 nihil
1367 3250 1445 3293 est
1477 3243 1618 3309 quod

568 3312 789 3364 dubites.
821 3317 894 3367 ita
913 3326 1085 3367 antem
1109 3320 1427 3383 acceperim:
1476 3321 1621 3370 Gliti-

564 3389 678 3451 pho‚
701 3391 799 3439 hoec
818 3407 904 3453 ego
916 3395 1141 3457 praecipio
1160 3396 1282 3445 tibi?
1298 3397 1621 3456 hananiam-

566 3464 624 3524 εἰ
642 3471 690 3513 et
714 3471 1224 3530 temperantissunctus
1243 3471 1480 3538 efficium!
1512 3475 1546 3524 i.
1573 3487 1619 3524 e.

567 3554 635 3587 an
657 3541 770 3590 haec
794 3558 891 3607 ego
915 3550 1138 3610 praecepi
1159 3549 1286 3597 tibi?
1327 3551 1403 3598 ita
1424 3565 1489 3600 ne
1513 3565 1617 3600 me-

569 3630 682 3664 mor
709 3636 765 3670 es
802 3629 1174 3685 praeceptorum
1201 3639 1424 3675 meorum
1448 3627 1467 3675 ?
1503 3628 1618 3690 jac-

566 3705 648 3748 tat
670 3700 805 3747 enim
843 3699 1001 3760 Syrus
1023 3715 1113 3748 sua
1137 3700 1326 3764 officia,
1351 3711 1408 3751 ut
1431 3718 1615 3767 coguo-

462 3802 465 3810 ι
565 3775 717 3823 minis
762 3775 850 3822 ille
885 3775 940 3823 in
970 3774 1220 3838 Adelphis
1244 3792 1298 3828 v.
1320 3783 1368 3828 9.
1390 3782 1438 3827 6.
1459 3782 1614 3843 docui,

560 3852 736 3914 muni,
759 3852 870 3901 bene
897 3853 1100 3916 praecepi
1137 3869 1317 3927 smper
1345 3869 1449 3918 quoe
1478 3850 1616 3918 pot'ui

560 3929 732 3978 omnia.
794 3928 1017 3991 Subjicit
1049 3942 1186 3978 nunc
1209 3929 1614 3993 exprobratione

560 4005 792 4070 εἶρωνικῇι
827 4004 1026 4054 hominis
1037 4003 1180 4067 frugi
1202 4006 1406 4056 scilicet
1427 4012 1477 4056 et
1496 4012 1612 4056 tem-

550 4085 765 4147 perantis
779 4084 982 4143 fundus
1001 4099 1051 4132 es
1070 4086 1287 4148 qfficium.
1307 4099 1358 4147 q.
1382 4082 1434 4133 d.
1459 4085 1609 4133 mini-

555 4174 638 4209 me
663 4170 719 4210 tn
741 4160 949 4225 quidem
974 4159 1161 4216 fecisti,
1185 4160 1320 4226 quod
1354 4162 1608 4212 hominem

1248 410 1467 460 NoTAE
1504 408 1606 457 'VA
1619 405 1914 456 monum
1966 405 2045 456 m

1681 565 1778 616 par
1809 555 1926 600 erat
1957 548 2151 599 facere.
2217 547 2463 613 Sequitur
2488 546 2730 613 Clitipho·

1679 630 1763 678 nis
1789 627 1987 677 oratioz
2010 630 2114 674 tuce
2143 626 2309 686 sodes,
2329 640 2433 688 qua
2452 624 2519 673 ad
2552 625 2734 688 Syrum

1685 718 1879 765 versus,
1912 717 1976 752 ne
2008 707 2199 766 augeat
2237 701 2520 761 molestias,
2559 714 2733 763 preca·-

1685 789 1787 833 tur.
1851 780 2154 845 Respondet
2195 779 2353 843 Syrus
2384 796 2399 830 z
2440 784 2572 827 recte
2608 792 2738 829 saue.-

1686 858 1821 924 qnod
1844 857 2052 923 quidam
2082 857 2279 906 ironice
2303 857 2590 919 accipiunt,
2610 857 2738 905 sicut

1686 934 1859 984 dicere
1877 936 2117 989 solemus,
2138 932 2245 983 heia
2276 948 2401 983 nero.
2435 931 2576 981 Alii:
2615 938 2736 981 recte

1683 1026 1815 1073 sune,
1831 1011 2031 1060 scilicet
2053 1025 2083 1059 a
2106 1025 2188 1059 me
2211 998 2410 1059 dictum
2432 1015 2532 1059 est.
2555 1010 2739 1058 merito

1687 1093 1741 1138 te
1789 1086 2117 1151 reprehendi.
2172 1088 2347 1150 placet
2404 1086 2569 1148 prius.
2622 1085 2744 1136 Janr

1687 1164 1950 1223 Chremes,
1969 1155 2152 1226 Syrum
2179 1164 2429 1225 appellat,
2451 1164 2581 1212 satis
2602 1161 2742 1212 fami-

1685 1240 1914 1289 liariter:
1942 1238 2062 1303 ἕνα
2080 1241 2227 1303 pudet
2241 1254 2331 1290 me.
2351 1238 2444 1289 filii
2469 1254 2635 1288 causa
2650 1241 2740 1288 sci-

1684 1316 1829 1365 licet.
1895 1315 2147 1378 Prompte
2159 1316 2321 1378 syrus
2342 1315 2545 1378 reponit
2562 1332 2575 1362 ε
2593 1317 2741 1376 credo,

1685 1406 1831 1455 neque
1852 1391 1902 1439 id
1922 1390 2102 1451 injuria
2114 1408 2131 1440 .·
2154 1392 2267 1455 quin
2277 1391 2415 1456 (sub.
2426 1391 2617 1456 etiam)
2629 1393 2744 1441 nu'hi

1685 1470 1933 1520 molestum
1960 1475 2049 1519 est.
2083 1483 2135 1533 q.
2173 1468 2227 1517 d.
2256 1482 2353 1531 ego
2378 1468 2537 1531 juxta
2570 1475 2747 1519 tecum

1687 1546 1782 1596 hoc
1806 1561 1943 1610 oegre
1965 1545 2100 1596 fero.
2134 1546 2198 1595 ad
2240 1559 2395 1609 quem
2427 1545 2619 1594 iterum
2646 1545 2745 1594 Cli-

1690 1623 1833 1687 tipho
1857 1636 2134 1673 couversus
2157 1621 2419 1671 dolenter:
2456 1621 2625 1685 pergis
2644 1622 2750 1672 uer-

1687 1703 1774 1754 cle.
1806 1700 1894 1750 ubi
1923 1700 2085 1764 perdis
2119 1699 2206 1748 alii
2239 1700 2433 1762 legunt.
2474 1697 2748 1761 praeferam

1690 1785 1866 1829 tumen
1898 1777 2079 1840 pergis,
2110 1774 2249 1840 quod
2285 1775 2336 1823 in
2374 1775 2639 1838 plerisque
2670 1780 2752 1823 est

1688 1855 1835 1905 libris
1853 1855 1983 1903 Mss.
1998 1856 2075 1903 ita
2089 1853 2272 1902 melius
2288 1850 2591 1917 quadrabit,
2613 1852 2752 1917 quod

1691 1932 1928 1997 sequitur
1987 1931 2103 1995 Syri
2155 1944 2456 1993 responsum
2478 1946 2494 1979 ε
2553 1945 2717 1979 veo-um
2733 1945 2753 1987 ς

1690 2010 1795 2059 dico
1815 2012 1937 2073 quod
1958 2010 2157 2058 videtur.
2182 2007 2217 2056 i.
2243 2022 2292 2058 e.
2325 2006 2537 2069 omnino
2573 2021 2754 2071 pergo,

1693 2096 1747 2138 et
1762 2086 1867 2136 dico
1887 2087 2011 2151 quod
2025 2085 2227 2134 videtur.
2248 2085 2445 2148 loquor,
2478 2091 2541 2134 ut
2563 2085 2752 2134 sentio.

1692 2166 1854 2228 Syrus
1898 2163 2054 2225 enim,
2097 2169 2159 2211 ut
2192 2162 2347 2212 mimo
2381 2162 2623 2228 serviret,
2659 2177 2756 2229 per

1693 2246 1852 2291 totam
1877 2242 2006 2289 banc
2024 2254 2230 2287 scenam
2255 2238 2521 2287 adversari
2547 2237 2754 2288 videtur

1694 2318 1996 2380 Clitiphoni.
2030 2317 2293 2366 Boeclerus.

1762 2399 1823 2444 19
1849 2394 2092 2453 Hominis,
2117 2393 2221 2456 asa]
2275 2393 2348 2442 Ut
2369 2392 2593 2442 hominis
2616 2346 2754 2459 frugi

1692 2479 1748 2523 et
1764 2473 2104 2536 temperantis
2125 2470 2332 2521 functus
2351 2469 2543 2521 officio.
2566 2473 2694 2522 sed
2680 2488 2756 2522 ιιι

1694 2550 1973 2612 terrumpit
2008 2549 2145 2621 illius
2181 2562 2468 2597 sermonem
2501 2550 2755 2614 Clitipho,

1693 2639 1792 2675 nec
1815 2626 1996 2675 audire
2017 2626 2133 2674 vult
2153 2624 2313 2687 ipsius
2336 2626 2632 2688 consilium,
2652 2642 2757 2693 qno

1694 2703 1949 2752 velificare
1972 2702 2135 2750 voluit
2155 2701 2398 2751 mandato
2426 2703 2619 2765 patriS,
2642 2711 2703 2753 ut
2724 2718 2758 2752 e

1694 2780 1845 2828 domo
1884 2778 2260 2843 aliquantisper
2298 2779 2619 2836 concederet
2666 2781 2754 2830 ali-

1693 2870 1812 2920 quo.
1846 2853 2135 2904 Famabius.

1757 2935 1822 2981 22
1859 2931 2037 2981 Hercle
2054 2945 2215 2980 verum
2234 2931 2354 2994 dico,
2385 2896 2509 2995 quod
2536 2935 2759 2999 videte-⁶}

1695 3005 1865 3057 Aliter
1886 3008 2023 3070 lego,
2038 3006 2216 3056 Hercle
2226 3023 2353 3064 vero,
2368 3010 2471 3058 dico
2484 3015 2611 3073 quod
2624 3014 2754 3062 eide·

1694 3090 1788 3136 tur.
1820 3091 1879 3135 ut
1900 3099 2022 3135 mox
2043 3085 2095 3134 in
2118 3082 2220 3134 fine
2243 3085 2390 3150 hujus
2411 3103 2600 3138 scenae.
2629 3089 2756 3139 Fal».

1766 3162 1890 3223 Una,
1918 3158 2022 3224 ξω]
2057 3160 2139 3210 An
2166 3161 2274 3211 boec
2310 3168 2509 3212 tantum
2539 3165 2634 3214 via
2677 3173 2755 3215 est

1695 3237 1974 3289 accedendi
2017 3236 2081 3285 ad
2127 3252 2234 3299 eos,
2272 3246 2330 3287 ut
2369 3246 2424 3288 te
2460 3240 2758 3292 immisceas

1694 3313 1923 3376 ipsorum
1944 3313 2199 3363 amoribus
2219 3315 2237 3362 ?
2271 3315 2557 3365 Farnobium

1757 3394 1820 3440 23
1855 3391 2030 3440 Actum
2053 3396 2156 3448 θείς
2188 3390 2266 3440 Ιιίο
2294 3393 2431 3453 prius·
2447 3404 2499 3442 se
2519 3395 2753 3443 iudicarit

1692 3482 1831 3530 quum
1867 3481 1956 3528 ego
1995 3475 2245 3529 argeutum
2286 3467 2449 3532 effero.
2521 3469 2753 3533 Chreme}

1693 3545 1850 3594 Liber
1871 3543 2149 3593 Bembinus
2173 3559 2268 3607 pro
2288 3543 2433 3608 effero
2454 3545 2615 3596 habet
2637 3547 2752 3612 effe·

1689 3635 1807 3671 cero.
1828 3619 1964 3684 quod
1984 3627 2177 3684 quanto
2192 3622 2373 3670 melius
2388 3622 2471 3684 sit,
2488 3624 2748 3674 neminem

1690 3697 1915 3748 arbitror
1938 3711 2040 3744 non
2077 3697 2268 3747 videre.
2294 3713 2412 3747 nam
2431 3698 2578 3763 effero
2601 3703 2752 3750 nullo

1688 3773 1843 3823 modo
1887 3773 2121 3838 qniadrat,
2156 3789 2274 3824 cum
2310 3776 2531 3824 necdum
2565 3792 2746 3842 argen-

1688 3857 1796 3901 tum
1819 3858 1957 3900 esset
1980 3851 2031 3899 in
2058 3859 2320 3913 promptu,
2356 3859 2414 3900 ut
2452 3863 2633 3914 posset
2670 3853 2741 3902 ef-

1686 3928 1829 3978 ferri.
1878 3927 2082 3992 ,effecero
2141 3935 2313 3977 autem
2357 3930 2741 3991 exponendum,

1686 4003 1984 4056 confectum
2010 4003 2304 4052 reddidero.
2329 4013 2584 4066 praeterea
2608 4006 2745 4055 idem

1684 4083 1815 4132 liber
1839 4081 2123 4131 Bembinus
2156 4087 2211 4129 et
2244 4081 2440 4145 aliquot
2464 4082 2549 4130 alii
2571 4083 2646 4132 ita
2667 4083 2742 4131 di·

1684 4164 1875 4222 gerunt
1932 4158 2026 4206 hos
2082 4170 2291 4206 versus·
2348 4157 2537 4206 Actum’
2536 4165 2613 4208 st.-
2666 4159 2745 4208 lu'e

553 4233 726 4298 frugi
737 4245 792 4286 et
831 4243 1231 4300 temperantem,
1267 4238 1333 4286 ad
1358 4237 1492 4303 quod
1519 4251 1609 4286 ex·
1678 4237 1814 4300 prius
1846 4251 1897 4285 se
1928 4235 2175 4295 indicarit,
2208 4251 2348 4298 quam
2376 4251 2462 4298 ego
2486 4243 2740 4300 argentum

550 4312 772 4375 emplum
815 4320 867 4362 te
904 4327 1110 4378 semper
1152 4313 1373 4364 formare
1412 4313 1609 4379 studui,

1681 4311 1891 4377 effecero.
1925 4311 2175 4363 Faernus.
