3035 4941
721 362 1089 411 Tssnssu'rn
1134 358 1374 410 ANDR.

286 503 424 629 {pne
436 498 657 568 (μίμησις
678 502 815 555 enim
825 501 1042 571 dieitur)
1054 501 1348 555 deducitur.

346 594 434 629 em.

348 658 655 724 Nempelioc]
689 659 1000 723 Apossibili.
1036 660 1185 709 Idem.

346 735 642 798 Nempehoc
661 736 790 800 opi».
812 736 927 785 dict.
963 741 1094 799 patr.
1129 735 1235 799 qua]
1270 734 1352 785 ’Er

282 809 519 873 ὑποκρίσει
539 825 682 877 saepe
697 820 754 862 et
771 813 931 862 multa
947 812 1193 862 dicuntur
1208 810 1351 876 apud
1410 804 1415 819 '

283 886 569 937 Nostrum:
614 901 731 937 nam
770 887 822 937 id
858 893 942 938 est
974 887 1118 953 poesi
1151 887 1348 939 drama-

279 965 400 1014 ticae
423 964 753 1028 aptissimum
772 972 828 1015 et
853 979 1000 1030 paene
1035 972 1348 1031 perpetuum

282 1042 465 1103 σχῆμα.
500 1042 766 1092 Romarm.

344 1123 405 1167 15
434 1119 591 1183 Cedo]
620 1120 745 1168 Cedo
765 1117 1095 1182 singulariter
1113 1124 1343 1171 tantum.
1328 1134 1343 1149 ·

279 1201 476 1244 caetera
500 1194 792 1259 pluraliter.
826 1196 1068 1245 Donum.

345 1273 496 1335 Cedo,
518 1271 633 1341 quid
650 1270 895 1334 jurgabie]
919 1271 1004 1321 Ab
1027 1271 1163 1322 utili.
1198 1272 1349 1322 Idem

343 1348 452 1397 Hic
473 1350 645 1398 reddes
681 1349 866 1413 omnia]
903 1349 1005 1399 Hic
1045 1349 1347 1399 adverbium

280 1425 382 1475 loci
402 1439 508 1475 nou
523 1432 622 1489 est,
639 1424 732 1475 sed
753 1424 1052 1476 adverbium
1069 1425 1348 1490 temporis:

280 1508 338 1551 ut
353 1501 611 1564 Virgilius
633 1520 645 1548 ε
672 1504 687 1531 ⁴
702 1501 809 1552 Hic
831 1503 977 1552 annis
999 1502 1170 1566 gravis
1191 1510 1349 1569 atque

280 1578 437 1627 animi
464 1584 697 1629 uncturus
719 1577 972 1630 methea?
1007 1581 1155 1632 Idem.

345 1655 565 1718 Redde-s]
600 1657 806 1719 Facies,
838 1658 1100 1709 restitues.
1132 1660 1285 1710 Idem.
1348 1674 1352 1683 ⁴

295 1754 301 1762 ·
345 1737 411 1782 16
444 1731 640 1782 Incerta
674 1737 732 1783 ιιι
765 1734 916 1799 sim]
951 1735 1057 1786 Hic
1091 1743 1175 1787 est
1196 1750 1351 1795 even·

285 1813 387 1856 tus.
424 1808 584 1857 Idem.
670 1848 681 1857 ,

345 1887 408 1932 17
443 1883 564 1932 Sine
583 1883 712 1933 omni
726 1885 928 1949 periclo]
966 1884 1084 1937 Hoc
1110 1891 1213 1950 est,
1236 1885 1350 1936 sine

214 1964 215 1971 ’
282 1958 523 2009 ducenda
554 1960 881 2012 Philumena.
918 1964 1074 2014 Idem.

343 2036 464 2086 Sine
482 2039 629 2086 onmi-
635 2038 868 2103 periculo]
900 2040 1014 2090 Nisi
1047 2040 1188 2105 legas
1223 2032 1353 2105 peri-¹

268 2113 369 2176 ιιι,
411 2121 469 2162 et
509 2127 577 2162 ex
612 2116 740 2163 omni
778 2131 827 2164 m
850 2116 1034 2180 elidas,
1067 2117 1351 2181 impeditus

284 2198 364 2242 est
392 2204 599 2241 versus.
631 2190 866 2241 Fu‘e‘rmas.
890 2200 893 2205 ’

346 2273 410 2319 18
446 2270 558 2318 Nee
596 2274 653 2320 ιιι
687 2286 744 2320 eu
780 2287 922 2322 causa
947 2273 1199 2339 minueris]
1232 2273 1370 2325 Hoc*

284 2352 382 2409 est,
404 2345 549 2410 quod
575 2360 754 2411 supra,
786 2348 849 2397 Id
884 2350 1104 2413 mutavit,
1133 2352 1352 2416 quoniam

283 2438 354 2475 ne
371 2425 679 2474 ιήιιιιιιιαιιιηι
698 2425 844 2475 videt.
869 2427 1124 2479 Donatus.

348 2504 456 2551 Nec
473 2507 530 2550 tu
547 2502 785 2565 etz-causa]
819 2504 957 2555 Quia
977 2505 1273 2569 promiseris
1298 2511 1354 2555 te

285 2592 397 2628 esse
421 2580 726 2629 ducturum.
762 2579 912 2629 Idem.

351 2657 461 2704 Nec
482 2659 539 2702 ιι
574 2669 633 2703 ea
656 2670 806 2704 causa
843 2656 1092 2721 aduneris]
1128 2657 1356 2708 Omnino

283 2734 567 2784 retinenda
590 2742 673 2803 est
687 2749 809 2797 vox,
832 2737 1141 2786 auctoritate
1159 2743 1213 2787 et
1236 2749 1355 2785 con-

284 2824 439 2859 sensu
467 2811 603 2859 Mes.
626 2811 884 2879 codicum.
951 2811 1181 2864 Accedit
1213 2813 1357 2863 locus

283 2885 601 2950 παράλληλος
625 2888 800 2937 nostri
828 2887 1012 2938 Posstae
1050 2889 1103 2939 iu
1144 2888 1358 2953 Hecyra

284 2971 360 3014 tv.
385 2968 438 3013 8.
469 2968 551 3014 lo.
581 2963 669 3014 ubi
692 2978 793 3014 vox
813 2966 1056 3016 πιὺιιιειιιιι
1094 2966 1173 3016 ita
1210 2978 1357 3015 usur·

285 3048 463 3104 patur.
486 3041 692 3090 'Sensus
702 3041 788 3092 hic
806 3047 887 3092 est
906 3059 920 3093 ι
945 3056 1028 3093 nec
1043 3048 1096 3093 ιιι
1111 3058 1168 3094 ea
1185 3057 1327 3093 causa
1336 3058 1357 3102 ,·

282 3116 338 3166 id
361 3123 469 3182 est,
493 3117 617 3182 quia
638 3121 936 3183 promiseris
962 3129 1014 3171 te
1037 3135 1152 3172 esse
1174 3120 1357 3172 ductu·

287 3208 398 3244 rum
423 3211 440 3255 ;
474 3194 706 3245 minueris
727 3189 828 3246 tm
843 3211 948 3261 quoe
963 3198 1095 3259 sacis
1111 3213 1132 3256 ,-
1163 3196 1215 3245 id
1246 3204 1357 3257 est,

289 3269 599 3335 Glycerium
617 3269 815 3323 habere
835 3273 1038 3324 desinas
1065 3290 1080 3335 ;
1113 3288 1174 3324 ne
1202 3273 1250 3324 is
1275 3272 1358 3339 (id

291 3353 390 3410 est,
416 3347 692 3412 Chremes)
714 3353 868 3400 mutet
887 3364 1021 3401 ιιιαιιι
1041 3352 1353 3410 senteutiam,-

289 3422 342 3474 id
358 3429 467 3486 est,
485 3438 658 3475 rursus
677 3425 772 3475 tibl
791 3425 947 3477 filiam
971 3441 1112 3477 suam
1130 3428 1257 3478 dare
1275 3441 1360 3479 ve·

290 3500 375 3553 lit.
432 3500 673 3552 Nanuius
695 3497 747 3552 in
772 3505 1127 3556 Miscellaneis
1150 3506 1356 3555 manet:

295 3577 516 3638 tenonis
554 3578 657 3628 leoec
700 3595 803 3644 φατε
834 3580 1001 3641 focis.-
1061 3582 1117 3631 id
1154 3588 1255 3644 est,
1294 3582 1360 3632 ob

295 3653 447 3705 brec:
495 3656 588 3706 sed
615 3655 752 3706 bene
791 3672 847 3708 se
883 3666 1059 3709 tuetur
1097 3660 1362 3710 sententia

295 3746 446 3795 qnam
473 3730 617 3783 dixit
666 3733 827 3783 etiam
850 3735 1065 3786 Donato
1086 3740 1142 3785 et
1164 3737 1361 3799 Eugra·

292 3805 414 3870 phio
432 3807 676 3872 probata,
693 3811 924 3874 quamvis
946 3812 1114 3862 minus
1133 3813 1362 3877 explica·-

294 3893 348 3934 ιε
371 3884 669 3949 proposita.
703 3886 961 3940 Boeclerus.

312 3991 315 3996 -
357 3959 543 4012 Nec-ra
563 3978 638 4025 ea,
656 3964 762 4028 asa]
792 3965 873 4014 Tu
895 3966 1115 4029 interea,
1140 3980 1206 4017 ne
1247 3980 1363 4017 sen-

292 4040 517 4091 tentiam
556 4051 703 4089 suam
741 4048 911 4092 mutet
944 4043 1211 4106 Chremes,
1248 4043 1364 4093 hoec

297 4131 414 4181 quae
440 4114 576 4166 facis
599 4122 805 4168 mutare
825 4119 951 4179 noli,
974 4120 1092 4170 vive
1116 4119 1219 4170 tuis
1254 4134 1362 4169 mo·

288 4193 455 4256 ribus,
488 4194 709 4243 amicam
753 4192 1054 4261 frequenta.
1123 4197 1363 4247 Nunnius

295 4270 443 4333 legit
451 4265 783 4327 meamhoc
806 4286 982 4324 seusu
1015 4272 1299 4324 Fambiee.

363 4354 545 4417 Delph.
567 4358 616 4403 et
644 4354 758 4406 ναι.
780 4355 908 4407 Clas.

1317 4356 1509 4407 Terent.

2315 346 2490 415 1089

1490 508 1560 554 19
1591 504 1670 556 Ne
1699 504 1771 570 ie]
1820 505 2064 560 Chremes
2111 507 2333 560 scilicet.
2384 511 2489 560 Do·
2539 496 2542 499 ¹

1422 590 1584 637 nom.

1495 663 1569 711 Ne
1598 663 1644 711 is
1673 648 1847 726 mutet]
1883 663 1967 714 Ad
2011 664 2283 715 consutum
2322 665 2483 730 redit,

1424 737 2051 802 etconjuugiteventum.
2087 741 2237 790 Idem.

1486 818 1554 865 20
1596 816 1744 865 Patri
1786 816 1866 866 dic
1906 816 2055 867 velle.-
2098 822 2172 881 ιιι,
2202 833 2307 868 cam
2347 814 2490 881 velit]

1420 891 1639 943 Scilicet
1680 906 1746 941 ue
1789 906 2021 951 securus,
2065 893 2205 958 quod
2259 908 2361 944 nou
2417 896 2492 945 sit

1423 969 1669 1019 Chremes
1708 967 1923 1018 daturus
1962 969 2119 1019 filiam
2146 984 2311 1033 stiam,
2338 962 2488 1035 parvi

1417 1043 1581 1095 faciat
1617 1045 1747 1094 iram
1780 1046 1964 1110 patris,
2000 1053 2057 1095 et
2081 1054 2241 1108 neget
2275 1058 2486 1096 uxorem

1422 1122 1640 1183 ducere,
1682 1128 1867 1187 utpote
1905 1120 2092 1185 fretus,
2136 1123 2395 1172 neminem
2434 1137 2488 1172 a·

1420 1199 1544 1326 ilium
1593 1199 1692 1250 sibi
1748 1201 2138 1251 commissurum
2195 1201 2488 1265 conjugem.

1453 1280 1576 1328 dem.

1420 362 1588 410 Ac'r.
1634 361 1713 409 11.
1762 356 1865 412 SC.
1912 363 2023 412 ln.

1486 1358 1549 1405 21
1589 1355 1719 1405 Nan
1754 1357 1879 1420 quod
1919 1360 1973 1405 ιιι
2008 1353 2189 1419 speres]
2227 1355 2362 1405 Sunt
2399 1356 2489 1421 qui
2585 1391 2591 1397 .

1424 1446 1521 1496 pro
1560 1446 1739 1496 speres,
1778 1431 1949 1482 timeas
1985 1430 2254 1482 babeant.
2302 1438 2362 1482 ut
2401 1433 2489 1494 sit,

1426 1509 1566 1559 Nam
1600 1508 1736 1573 quod
1778 1514 1836 1558 tu
1876 1509 2078 1571 timeas,
2113 1508 2313 1558 scilicet
2333 1508 2487 1557 aliam

1427 1583 1688 1635 daturum.
1723 1585 1873 1635 Idem.

1489 1661 1766 1726 Numqud
1787 1667 1843 1711 ιιι
1862 1660 2041 1726 sperus]
2075 1659 2239 1710 Liber
2271 1660 2492 1710 Vatica-'

1425 1750 1524 1788 nus
1548 1745 1603 1788 et
1618 1739 1879 1800 Donatus,
1900 1752 2072 1802 speres.
2110 1736 2358 1787 FaErnus.

1490 1814 1808 1879 Propulsubo]
1839 1814 1960 1866 Hoc
2002 1820 2103 1878 est,
2133 1828 2345 1864 causam
2379 1814 2487 1863 ina-

1425 1906 1544 1942 nem
1580 1907 1695 1942 esse
1735 1891 2062 1942 monstrabo:
2092 1890 2146 1939 id
2177 1896 2277 1947 est,
2315 1882 2488 1953 osten·

1425 1967 1545 2019 dam
1585 1968 1913 2018 nihilominus
1957 1974 2012 2017 te
2049 1981 2166 2016 esse
2207 1966 2488 2016 ducturum

1423 2047 1576 2095 aliam
1599 2058 1833 2107 uxorem,
1853 2044 2010 2095 etiam
2028 2044 2072 2094 si
2088 2044 2219 2093 banc
2240 2057 2340 2091 non
2357 2044 2487 2090 dux-

1425 2123 1541 2172 eris.
1573 2122 1724 2172 Idem.

1490 2196 1803 2262 Pmpulsubo]
1825 2197 2125 2261 Eleganter,
2142 2207 2240 2260 pro
2262 2207 2326 2244 eo
2346 2194 2485 2294 quod

1422 2284 1502 2325 est
1523 2276 1758 2340 repellam.
1789 2274 1956 2325 Idem.

1436 2403 1442 2409 ,
1493 2352 1803 2416 propalabo]
1846 2349 1998 2402 Quod
2033 2349 2168 2398 enim
2211 2353 2269 2398 tu
2308 2361 2486 2412 speras

1425 2427 1627 2494 tibique
1664 2427 1948 2493 persuades
1986 2440 2089 2477 non
2134 2424 2384 2494 futurum,
2429 2430 2490 2474 ut

1425 2506 1695 2571 quisquam
1721 2503 1814 2555 tibi
1841 2505 1915 2554 ita
1937 2512 2140 2555 morato
2163 2503 2320 2552 filiam
2344 2517 2485 2553 com·

1427 2583 1606 2631 mittat
1636 2597 1798 2644 suam,
1822 2580 1983 2631 facile
2008 2579 2265 2630 refutabo.
2330 2579 2490 2629 Indo·

1430 2663 1592 2708 tatam
1629 2659 1803 2722 potius
1843 2657 1938 2707 tibi
1972 2665 2127 2721 pater
2147 2656 2488 2720 dabit,quam

1430 2742 1485 2784 te
1508 2736 1645 2798 apud
1682 2735 1983 2799 Glycerium
2020 2733 2285 2797 corrumpi
2321 2733 2494 2789 sinat3

1430 2812 1609 2863 Plaut.
1641 2814 1657 2840 ‘
1677 2813 1864 2876 Neque
1900 2812 2063 2873 illum,
2093 2823 2177 2859 me
2205 2810 2345 2872 vivo,
2378 2820 2490 2858 cor-

1429 2888 1602 2952 rumpi
1626 2887 1823 2937 sinam.’
1856 2887 2142 2936 Farnobim.

1500 2967 1709 3015 Uxorem
1729 2965 1808 3016 his
1825 2966 2031 3016 mor-ibus
2050 2965 2185 3014 dabit
2214 2962 2371 3027 neme]
2407 2963 2491 3013 Ne

1429 3042 1649 3092 alteram
1674 3049 1888 3106 quaerat.
1912 3043 2151 3092 Βοηαιιιε.

1496 3119 1600 3169 His
1620 3117 1851 3182 mov-ibus]
1873 3121 2044 3169 Deest
2065 3117 2262 3182 aliquid
2282 3134 2296 3166 e
2322 3123 2382 3167 ut
2405 3115 2494 3176 sit,

1428 3194 1505 3244 his
1541 3195 1770 3245 moribus
1802 3193 1998 3258 agenti,
2036 3199 2128 3243 aut
2163 3192 2242 3242 bis
2264 3191 2491 3242 moribus

1429 3274 1678 3340 praedito.
1713 3274 1865 3323 Idem.

1497 3352 1627 3399 Nam
1650 3350 1770 3413 qaod
1790 3356 1846 3400 ιιι
1887 3363 2060 3414 speres,
2097 3339 2384 3413 Propulsubo
2412 3349 2498 3409 sa-

1429 3429 1549 3479 cue.
1580 3442 1795 3485 uxorem,
1827 3427 1903 3478 hie
1920 3429 2148 3491 moribus,
2183 3428 2318 3479 dabit
2338 3426 2494 3489 nemo]

1432 3501 1729 3557 Difficultas
1773 3507 1948 3571 posita
2002 3511 2085 3556 est
2136 3507 2188 3556 ln
2231 3506 2321 3555 illa
2365 3519 2496 3574 voce

1430 3581 1772 3651 (Propulsubo)
1804 3595 1957 3648 quam
2001 3583 2119 3632 ideo
2154 3597 2251 3646 per
2290 3582 2496 3632 literam·

1432 3660 1684 3724 maJorem
1701 3660 1856 3710 scribi
1880 3660 2078 3720 curavi,
2101 3667 2160 3710 ut
2181 3659 2495 3722 iutelligere-

1433 3743 1542 3800 tur,
1589 3734 1770 3786 referri
1794 3750 1908 3786 eam
1938 3737 2016 3785 ad·
2037 3737 2386 3800 Pamphilum,
2407 3735 2497 3799 qui

1435 3813 1574 3877 apud
1613 3828 1670 3861 se
1702 3814 1937 3876 cogitans
1974 3814 2072 3863 hoc
2111 3813 2312 3865 diceret
2347 3813 2499 3875 (Pro-

1428 3891 1626 3955 pulsabo
1642 3888 1685 3955 3)
1709 3891 1762 3940 id
1787 3899 1886 3952 est,
1909 3891 2083 3941 omnia
2105 3891 2268 3955 patris
2282 3889 2501 3940 consilia

1435 3968 1643 4018 eludam
1668 3967 1998 4029 facile3nam
2038 3969 2114 4018 ita
2147 3968 2387 4027 licenter,
2426 3965 2500 4012 ita

1435 4046 1687 4095 dissolute
1723 4046 1910 4109 vivam,
1946 4051 2007 4095 ut
2028 4060 2178 4094 nemo
2194 4042 2317 4108 mihi
2339 4040 2501 4090 filiam

1438 4136 1584 4173 suam
1613 4122 1739 4173 velit
1777 4123 2123 4173 committere.
2194 4105 2277 4170 Ad
2317 4134 2383 4168 ea
2421 4133 2502 4169 re—

1438 4199 1665 4263 spondet
1707 4200 1907 4261 Davus‚
1950 4199 2140 4263 Inopem
2169 4196 2386 4246 inveniet
2417 4209 2503 4259 po·

1440 4276 1561 4340 ιιιιι,
1578 4279 1663 4341 isc
1694 4289 1842 4341 quasi
1857 4275 2087 4339 diceret,
2104 4274 2163 4326 St
2183 4273 2250 4324 id
2282 4263 2503 4339 cogitas,

2260 4361 2289 4404 3
2327 4356 2370 4404 Z
