3035 4941
585 396 757 464 1380

585 572 652 607 ne
672 550 989 607 irascamini.
1018 550 1149 600 Post
1170 544 1487 598 iracundiam
1519 550 1645 609 apta

586 633 849 684 sententia
870 636 966 680 est.
1000 624 1323 689 Eugraphias.
1535 663 1538 666 Α

653 704 979 767 Precatorem]
995 705 1426 766 Deprecatorem,
1444 696 1531 761 qui
1549 709 1645 760 pro

587 791 642 836 te
686 782 998 834 intercedat.
1042 781 1219 829 Plaut.
1254 775 1402 825 Asin.
1436 780 1540 824 act.
1579 785 1644 821 ιι.

578 862 872 911 ‘Precator
904 855 1178 914 adfuisset,
1210 850 1394 900 malam
1435 863 1545 899 rem
1568 844 1643 896 ef-

582 936 751 1000 fugies
773 930 1068 998 nunquam!
1103 927 1386 979 Far-nobiae.

649 1019 734 1065 23.
753 1017 816 1063 24
853 1011 995 1061 Nihil
1031 1021 1273 1058 succenseo
1304 1018 1389 1054 nec
1418 1002 1526 1058 tibi,
1559 1016 1646 1050 nec

583 1094 719 1143 huic:
753 1107 839 1140 aec
879 1104 961 1138 vos
990 1091 1062 1137 est
1099 1100 1297 1149 aquarn,
1339 1084 1460 1146 quod
1486 1079 1643 1141 facio,

584 1169 726 1232 mihi]
777 1166 1017 1218 Custodit
1058 1164 1265 1214 modum
1314 1161 1392 1211 sui
1440 1157 1643 1209 consilii

585 1261 775 1306 senex;
819 1244 906 1309 qui
947 1244 1077 1292 hanc
1114 1239 1505 1303 castigationem
1540 1248 1644 1283 non

585 1323 700 1385 irae,
720 1321 812 1372 sed
837 1321 1050 1370 rationis
1073 1331 1222 1377 esse;
1256 1329 1353 1364 nec
1378 1310 1643 1376 litigando,

586 1399 679 1448 sed
716 1393 1100 1454 convincend03
1151 1391 1381 1455 adeoque
1419 1389 1533 1452 plus
1564 1400 1643 1436 re·

588 1490 700 1525 rum
718 1489 868 1538 quam
892 1470 1161 1520 verborum
1179 1463 1499 1529 argumentis
1523 1476 1641 1512 cou-

586 1558 727 1602 stare
770 1548 945 1599 voluit.
1009 1543 1311 1596 Dissimulat
1349 1555 1474 1605 ergo
1512 1539 1642 1589 iram

585 1627 638 1677 iu
675 1640 896 1686 servum,
930 1631 987 1672 et
1026 1622 1079 1669 in
1122 1617 1443 1670 occasionem
1489 1616 1643 1665 ultio-

587 1703 667 1752 nis
710 1699 899 1751 differt·
964 1700 1095 1748 Cum
1132 1694 1423 1760 praesertim
1466 1692 1645 1742 memi-

586 1779 769 1841 nisset,
803 1775 1058 1841 quomodo
1090 1773 1213 1822 huic
1247 1771 1346 1834 ipsi
1378 1784 1529 1819 servo
1559 1783 1646 1818 ne·

587 1870 740 1921 quam
775 1853 1013 1903 animum*
1039 1850 1103 1901 ad
1137 1848 1458 1913 peccandum
1498 1845 1643 1895 addi·

589 1934 745 1983 derit.
810 1933 939 1984 Quae
960 1929 1135 1978 denuo
1150 1924 1364 1991 jactari,
1387 1925 1526 1974 inter
1550 1936 1643 1985 pu-

587 2010 763 2061 dorem
786 2007 976 2057 erroris
1010 2005 1226 2067 sui,non
1251 2001 1379 2050 vult.
1443 2000 1645 2048 Necoos

585 2091 660 2137 est
689 2100 891 2149 (ewam,
913 2083 981 2133 ob
1004 2082 1056 2130 id
1078 2081 1198 2145 quod
1216 2077 1369 2139 facio,
1389 2075 1511 2128 milei
1530 2088 1644 2124 suc-

589 2178 822 2215 censere.
910 2160 998 2209 Ita
1030 2158 1242 2221 supplet
1272 2156 1374 2203 Ms.
1419 2153 1644 2216 Argent.

591 2240 779 2300 codex,
797 2251 913 2287 cum
933 2236 1161 2298 Guyeto.
1228 2231 1309 2279 De
1340 2242 1432 2278 ara
1452 2235 1506 2277 et
1526 2240 1644 2291 pre-

595 2314 862 2365 catoribus
890 2308 1200 2370 Barlandus,
1221 2305 1299 2372 (in
1322 2304 1466 2368 cujus
1488 2316 1646 2352 anno·

589 2390 789 2441 tatione
844 2388 1070 2438 editores
1131 2383 1405 2444 diligenter
1446 2379 1649 2429 scilicet

591 2466 920 2517 Lactantinm
951 2478 1048 2527 pro
1073 2458 1315 2511 Luctatio
1346 2453 1649 2522 reponunt,·)

593 2550 648 2591 et
669 2543 854 2591 melius
881 2538 1149 2588 Weitzius.
1191 2534 1453 2585 Boeclerus.

655 2622 721 2668 24
772 2618 876 2665 Neo
916 2628 1001 2664 vos
1036 2618 1106 2662 est
1141 2608 1345 2674 oequum]
1402 2609 1515 2659 Nec
1557 2622 1646 2658 vos

591 2708 795 2759 aequum
831 2698 914 2741 est
948 2689 1073 2739 mihi
1106 2699 1426 2737 succensere.
1460 2684 1650 2735 Fama-

594 2769 714 2819 bins.

601 2879 611 2883 >
656 2851 720 2896 25
755 2843 917 2906 Abiit]
950 2843 1067 2894 Quo
1095 2837 1296 2889 facilius
1318 2843 1547 2888 terreret
1561 2849 1646 2886 se-

591 2938 695 2974 nex
717 2921 974 2971 discessit.
1007 2915 1327 2979 Bagraphins.

598 3024 605 3035 ι
657 2999 810 3050 Abiit.
825 2998 917 3048 vah
932 3010 1122 3058 rogasse
1141 2993 1325 3056 vellem]
1360 2991 1521 3041 Nullo
1542 3005 1648 3039 mo·

591 3078 659 3128 do
698 3076 875 3127 debuit
913 3074 1108 3138 ejicere
1146 3071 1238 3120 hos
1289 3082 1466 3118 versus
1520 3066 1648 3123 duos

596 3155 850 3218 Guyetus.
916 3152 1081 3203 Quam
1103 3147 1445 3197 necessarium
1465 3150 1549 3194 est
1568 3144 1647 3196 in-

591 3229 778 3289 dicari,
800 3242 991 3283 senem,
1007 3225 1230 3288 abrupto
1247 3222 1521 3287 colloquio,
1539 3219 1648 3270 abi

589 3306 722 3356 isse?
756 3312 810 3355 et
834 3319 950 3369 quae
982 3309 1161 3366 potest
1195 3314 1308 3349 esse
1343 3297 1647 3363 opportuni-

593 3389 672 3433 tas
697 3380 953 3433 ‚orationis
997 3393 1071 3429 vs.
1094 3381 1177 3426 27.
1213 3382 1422 3440 coeptae,
1454 3375 1498 3423 si
1540 3387 1647 3422 ser-

591 3458 733 3509 moni
768 3454 1058 3507 Chremetis
1091 3454 1262 3503 statim
1301 3450 1647 3514 subjiciatur?

590 3533 789 3585 Durior
810 3532 1048 3587 videatur
1078 3530 1168 3578 illa
1202 3526 1429 3591 ἔλλειψις,
1443 3526 1650 3588 tibijam

590 3625 691 3661 esse
721 3612 785 3659 ad
815 3621 1020 3664 sororem
1059 3605 1293 3667 intelligo.
1359 3602 1460 3652 Sed
1483 3617 1647 3668 prope

593 3692 691 3748 est,
724 3684 864 3734 unde
896 3682 1218 3746 suppleatur.
1284 3679 1507 3730 Dixerat
1542 3695 1646 3729 ser·

590 3776 708 3824 vus,
720 3762 844 3811 ande
857 3759 974 3810 mihi
994 3763 1197 3823 peterem
1212 3757 1385 3819 cibum,
1406 3762 1462 3806 et
1484 3756 1646 3809 inter-

591 3836 840 3903 posuerat
857 3833 1029 3885 πάθους
1049 3849 1235 3884 caussa
1249 3850 1265 3897 ;
1285 3834 1356 3884 ita
1371 3849 1454 3883 nos
1468 3833 1646 3883 aliena·

589 3916 692 3965 vit:
727 3913 1054 3965 continuatur
1085 3909 1499 3975 praecedentibus
1533 3924 1645 3974 ora-5
1675 3912 1678 3915 ‘

591 3992 667 4042 tio
690 4007 704 4040 ε
736 3990 935 4051 tibiJ'am
955 4003 1072 4050 esse,
1090 3987 1204 4037 sub.
1229 3986 1418 4047 cibum,
1439 3988 1502 4035 ad
1520 4000 1647 4035 soro·

591 4082 710 4127 rern,
727 4067 764 4116 i.
783 4081 833 4118 e.
849 4065 986 4130 apud
1000 4078 1243 4121 sororem,
1257 4063 1490 4125 inteuigo.
1525 4063 1644 4111 Βαι-

592 4146 813 4195 clerus.

671 4218 834 4284 Abiit]
885 4219 1072 4283 Senex,
1129 4218 1391 4269 Chremes.
1462 4218 1645 4268 Fama·

595 4297 712 4351 hius.

1287 401 1503 453 ποτε
1556 396 1958 470 vammum
2001 394 2090 445 ιιι

1783 544 1851 591 26
1881 538 1964 589 Ita
1979 554 2063 589 nos
2086 532 2394 597 abalienavit]
2417 531 2584 598 Lego,
2602 531 2774 584 alim*

1715 616 1809 679 vit,
1858 624 1918 665 ut
1949 615 2015 664 sit
2058 612 2392 673 Trochaicus,
2436 611 2638 675 quales·
2661 615 2775 660 suut

1717 693 1900 744 ceteri.
1964 692 2100 741 Vide
2125 690 2397 741 Faeruum.
2431 687 2611 738 Faber.

1782 769 1865 819 Aa
1900 767 2128 831 sororem]
2170 766 2325 831 Apud
2364 779 2616 815 sororem.
2657 763 2777 813 Far-

1716 845 1899 895 namus.

1781 925 1846 971 27
1879 922 2076 971 Adeone
2097 918 2223 982 rem]
2246 917 2517 981 Optimum
2542 913 2780 979 equidem

1720 1012 1925 1050 sensum
1967 1014 2034 1049 ex
2071 997 2387 1047 necessitate
2423 995 2704 1044 collectum
2729 992 2780 1041 iu

1720 1075 1899 1125 dolore
1923 1075 2226 1125 adolescens
2250 1070 2557 1123 collocavit.
2618 1070 2779 1133 Quip-

1720 1166 1787 1216 pe
1832 1166 1949 1203 cum
1987 1158 2303 1215 postremum
2343 1147 2571 1197 omnium
2626 1147 2779 1195 malo-

1721 1241 1832 1276 rum
1871 1226 2033 1276 fames
2067 1226 2155 1276 sit.
2222 1224 2490 1289 Denique,
2524 1221 2779 1272 ι-Οῑιιιιιπ

1719 1317 1943 1368 namque
1973 1302 2183 1363 famem,
2201 1316 2315 1364 quse
2340 1299 2508 1363 prima
2535 1297 2780 1362 pericula,

1721 1378 1869 1429 vito?
1903 1378 2231 1442 Eugrapkzus.

1783 1455 1956 1520 Fame]
1992 1455 2043 1504 A
2075 1454 2228 1504 fame.
2293 1452 2394 1501 Vel
2418 1450 2681 1511 genitivus
2703 1464 2783 1501 an·

1719 1532 1893 1597 tiquus
1915 1531 2178 1582 5.deelin.
2222 1527 2778 1593 vid.Agen.1ib.1x.

1719 1624 1768 1659 c.
1790 1613 1870 1661 14.
1908 1608 2197 1659 Famabius.

1784 1686 1934 1751 Syre]
1978 1686 2083 1735 Hic
2125 1677 2420 1734 trochaicus
2460 1679 2537 1730 ita
2581 1684 2780 1729 susten-

1721 1763 1910 1813 tandus
1936 1769 2032 1825 est,
2055 1766 2113 1810 ut
2133 1760 2302 1825 prima
2334 1757 2537 1823 syllaba
2576 1758 2630 1806 in
2654 1771 2779 1820 prae-

1720 1839 1992 1890 cedentem
2016 1852 2219 1888 versum
2250 1834 2558 1899 rejiciatur3
2582 1839 2640 1886 et
2657 1831 2778 1896 peri-

1718 1917 1874 1966 culam
1911 1915 1962 1965 iu
1995 1914 2225 1979 periclum
2266 1910 2627 1961 contrahatur.
2710 1910 2780 1959 Ut

1719 1991 1916 2054 primus
1956 2005 2050 2055 pes
2082 1990 2152 2039 sit
2198 1985 2493 2053 spondeusz
2527 1984 2779 2046 secundus

1721 2073 2041 2130 anapaestus:
2063 2080 2179 2115 nam
2199 2064 2379 2114 redisse
2396 2062 2667 2112 scribebat
2687 2063 2780 2112 Te-

1720 2144 1935 2203 tentius,
1974 2142 2110 2210 quod
2163 2156 2255 2192 nos
2303 2139 2534 2190 rediisse.-
2601 2139 2781 2189 tertius

1720 2221 1943 2283 iambus,
1964 2228 2178 2286 quartus
2203 2217 2459 2281 dactylus.
2485 2216 2723 2267 Fa‘e‘mus.

1786 2302 1851 2347 28
1884 2299 2032 2347 Modo
2054 2296 2194 2347 liceat
2214 2295 2392 2353 viuere,
2408 2298 2480 2343 est
2513 2292 2647 2356 spes]
2681 2291 2778 2342 Hic

1722 2389 1897 2424 versus
1921 2372 2229 2437 ‘octonarius
2266 2369 2518 2419 iambicus
2559 2376 2664 2429 est,
2696 2383 2782 2433 po·

1720 2450 1891 2501 nendo
1914 2450 1967 2500 in
2005 2449 2170 2514 prima
2207 2446 2334 2499 sede
2357 2444 2781 2511 proceleusmati-

1721 2543 1856 2591 cum,
1896 2533 1951 2576 et
1970 2525 2347 2591 diphthongum
2368 2521 2702 2571 dissolvendo
2731 2521 2781 2569 in

1719 2619 1842 2668 quoe,
1862 2609 1920 2653 ut
1941 2602 2011 2652 sit
2033 2600 2311 2665 spondeus.
2342 2597 2495 2646 Idem.

1785 2681 1933 2730 Modo
1955 2679 2096 2730 liceat
2118 2676 2299 2740 vivere]
2332 2672 2567 2724 Οὐδέποτ’
2599 2673 2780 2734 ἀθυμεῖν

1718 2755 1804 2808 τὸν
1825 2759 1976 2807 κακῶς
1996 2753 2269 2820 πράσσοντα
2284 2750 2511 2816 ἄνδραμὰ
2531 2749 2716 2807 βελτίω
2730 2767 2782 2799 τε

1718 2835 1981 2900 προσδοκᾷν
2011 2831 2102 2884 ἀεί.
2169 2828 2544 2895 Apollodorus.
2598 2829 2780 2878 Fama-

1731 3024 1734 3027 -
1785 2990 1890 3038 Nos
1912 2950 2171 3038 esurituros
2188 2983 2336 3046 satis]
2374 2981 2575 3032 Tristia
2616 2983 2781 3048 aliquo

1711 3065 1835 3130 joco
1891 3062 2161 3127 distingui,
2212 3058 2397 3110 comici
2436 3059 2639 3123 leporis
2685 3066 2780 3115 est.

1718 3140 1824 3191 Sed
1850 3140 2125 3190 videndum
2147 3138 2257 3203 qui,
2295 3142 2353 3186 et
2383 3135 2491 3198 nbi,
2527 3141 2586 3185 et
2621 3151 2654 3185 a
2685 3150 2783 3200 quo

1717 3220 1834 3271 fieri
1864 3220 1918 3271 id
1949 3220 2156 3271 debeat.
2220 3218 2433 3268 Servum
2455 3215 2543 3265 bic
2565 3230 2674 3265 non
2696 3215 2784 3265 de·

1720 3297 1917 3360 decuit,
1948 3296 2015 3346 ab
2040 3296 2393 3358 inexpectato,
2418 3291 2556 3340 aliud
2575 3291 2783 3355 Jocula·

1720 3374 1846 3423 riter
1868 3372 2084 3434 inferre,
2096 3384 2251 3435 qnam
2270 3368 2406 3434 quod
2425 3366 2786 3433 interrogaba-

1720 3456 1823 3500 tur.
1854 3451 2115 3500 Boeclerus.

1784 3527 1891 3577 Nos
1930 3525 2190 3576 esurituros
2230 3521 2373 3585 satis]
2408 3519 2783 3584 Ἀπροσδόκιπυι

1719 3617 1830 3658 serv
1839 3603 1920 3653 ilis
1925 3601 2038 3667 ⁸ioci
2057 3601 2108 3650 in
2129 3600 2377 3665 periculo.
2411 3598 2708 3648 Famabius.

1783 3684 1850 3730 29
1881 3680 2049 3742 Neque
2069 3691 2143 3726 me
2163 3676 2411 3740 quicquam
2430 3672 2632 3722 coasilio
2650 3672 2784 3734 «ὤκ-

1718 3757 1825 3821 oas]
1856 3754 2173 3819 Opportune
2197 3751 2478 3814 instigatur
2501 3764 2707 3813 servus,
2725 3755 2785 3799 ut

1719 3843 2010 3898 consumat,
2048 3832 2186 3897 qnod
2224 3846 2381 3896 super
2418 3836 2500 3880 est
2542 3827 2785 3887 fallacie,

1719 3911 1773 3961 in
1829 3916 1999 3960 astuto
2056 3914 2290 3972 pectore.
2386 3904 2694 3966 Οἰκονομικὸν
2729 3912 2785 3956 et

1717 3988 1888 4055 plane,
1923 3985 2126 4050 insigne
2176 3982 2382 4049 εὕρημαι
2439 3981 2504 4031 ad
2552 3982 2781 4031 exhoere·

1719 4065 2005 4127 dationem,
2040 4062 2266 4127 suspicio
2299 4060 2550 4111 subditivi
2584 4066 2785 4124 partus.

1718 4142 1972 4191 Boeclerus.

1783 4223 1847 4269 30
1882 4218 2031 4266 Immo
2063 4221 2113 4266 et
2147 4215 2218 4265 ihi
2252 4229 2374 4264 nanc
2390 4228 2515 4275 sum,
2551 4220 2605 4263 et
2639 4225 2777 4276 usque

1719 4295 1773 4346 ia
1790 4294 1869 4359 egi
1885 4292 2217 4359 dudamrqm]
2256 4287 2600 4343 Commendat
2624 4289 2677 4339 in
2696 4289 2772 4338 his
