3035 4941
800 443 1165 498 rnatum
1215 439 1552 499 ΒΰΝῐῙΟῙ-ῖὶ
1595 447 1738 500 Pan
1750 449 1908 500 boc.

293 579 572 638 anatum
594 586 784 639 anxilio
799 601 923 640 usus
942 591 1099 655 senis,
1113 589 1318 641 thessa-

295 669 393 712 mn
413 676 541 714 -cam
594 666 819 729 epistola
871 667 1063 717 ibidem
1105 668 1317 732 reperit.

292 736 446 788 Senex
468 740 779 805 thesaurum,
803 749 1041 808 tanquam
1073 758 1105 793 a
1134 758 1190 794 se
1223 757 1319 808 per

285 813 544 867 tumultum
563 818 798 870 libamem
826 820 935 871 illie
957 820 1214 872 defossum
1237 836 1317 871 re·

289 892 425 955 tinet,
458 900 513 945 et
546 894 644 945 sibi
687 896 932 948 vindicat.
995 897 1318 950 Adolescens

280 967 492 1032 judicem
513 974 660 1035 capit
678 983 696 1022 ι
730 971 868 1036 apud
886 986 1055 1037 quam,
1075 973 1218 1037 prior
1238 989 1317 1025 se-

286 1060 395 1107 nex,
413 1049 499 1113 qni
522 1064 701 1099 aurum
720 1051 930 1113 retinet,
951 1065 1158 1102 causam
1176 1064 1318 1104 snam

231 1137 234 1145 ⁴
284 1122 517 1186 sicagit:
565 1123 929 1188 Athenienses,
965 1125 1155 1177 bellum
1200 1141 1318 1178 cum

285 1198 640 1252 Rhodiensibus
676 1201 815 1268 qnod
851 1201 1026 1261 fuerit.
1058 1203 1182 1269 qnid
1221 1220 1319 1271 ego

284 1273 356 1322 hic
372 1277 674 1339 predicent?
690 1287 747 1329 et
760 1285 981 1330 caetera:
1000 1295 1117 1346 qne
1136 1289 1320 1334 contra

279 1357 506 1404 naturam
510 1356 762 1422 jurisque
779 1358 1200 1408 consuetudinem
1223 1375 1318 1424 po-

286 1429 374 1479 sita
388 1442 688 1497 argumenta
706 1437 1164 1501 notat-Terentius,
1181 1441 1318 1504 quod

283 1504 360 1556 ine
379 1509 501 1559 erdo
532 1511 708 1573 potior
745 1516 880 1575 erat,
916 1519 977 1562 ut
1011 1513 1317 1566 adolescens

284 1582 408 1643 prior
427 1591 742 1649 proponeret
759 1600 987 1650 cansam,
1008 1589 1096 1653 qui
1119 1592 1317 1654 petitor

282 1656 557 1710 inducitur?
612 1660 778 1712 Addit
801 1677 926 1713 mox*
942 1663 1007 1716 de
1030 1666 1211 1716 eodem
1236 1682 1316 1718 er·

281 1746 385 1784 rore
407 1735 613 1788 Lusciix
649 1740 667 1768 ⁴
684 1753 801 1789 nam
823 1754 1165 1802 possessorem
1186 1743 1318 1796 fecit

276 1811 490 1872 -pstorem
544 1828 720 1878 agere,
783 1829 934 1880 qnam
1002 1820 1278 1882 petitorem
1300 1838 1315 1868 ε

271 1887 404 1951 qnod
436 1890 686 1944 abhorret
713 1906 744 1941 a
781 1895 1159 1945 consuetudine
1179 1897 1316 1960 jnris

282 1963 536 2015 ustitiam:
559 1968 694 2017 Haec
707 1968 946 2020 Donata.
991 1971 1317 2036 Engrapbins

271 2036 349 2088 -ita
382 2042 590 2092 exhibet
640 2053 1000 2107 argumentum
1047 2047 1316 2098 comoedioe

275 2114 436 2169 -Lnscii
454 2131 470 2168 ε
525 2120 542 2149 ‘
560 2119 792 2172 Quidem
842 2135 1024 2185 agrum
1041 2140 1048 2146 ·
1066 2125 1321 2179 vendidit.

277 2190 371 2242 illie
389 2194 615 2247 babebat
654 2197 878 2260 patrium
913 2207 1317 2265 monumentum,

276 2266 325 2316 in
335 2283 434 2335 quo
452 2272 723 2324 thesauros
736 2280 941 2339 eruptor
955 2276 1172 2339 invenlt,
1182 2292 1320 2327 com·

280 2346 404 2408 perit
433 2349 675 2400 venditor
691 2348 729 2400 τ’
759 2350 902 2413 (nam
931 2351 1008 2402 ita
1041 2354 1315 2418 legendum

273 2422 400 2486 ¹este)
428 2429 445 2453 ¹
461 2425 514 2476 in
527 2426 788 2491 judicium
809 2427 1032 2479 ueniter.
1050 2430 1229 2495 u‘thue
1251 2445 1318 2481 ex

279 2499 464 2551 ratione
485 2509 542 2552 et
570 2517 640 2551 ex
668 2504 1035 2555 consuetudine
1069 2506 1212 2570 prior
1242 2509 1317 2558 lo·

279 2575 354 2636 qni
375 2574 529 2628 debet
551 2579 664 2640 ille,
684 2579 772 2643 qui
796 2580 944 2644 petit.
998 2582 1209 2633 Petitor
1229 2599 1317 2634 an-

279 2652 372 2701 teia
412 2652 493 2704 hic
533 2656 779 2707 venditor
815 2664 930 2707 est:
986 2665 1046 2707 nt
1088 2661 1317 2711 secundo

267 2726 752 2796 loeo-respondeat,
774 2748 810 2782 a
834 2748 938 2798 quo
968 2735 1184 2799 petitur,
1218 2737 1317 2787 boc

269 2811 352 2855 -est
366 2816 582 2872 emptor.
653 2808 726 2858 At
755 2815 941 2859 eontra
974 2811 1187 2862 Luscius
1218 2814 1318 2862 La·

278 2883 429 2936 vinias
450 2887 614 2949 fecit3
648 2894 707 2937 ut
725 2889 866 2952 prior
887 2890 1203 2954 loqueretur,
1223 2906 1315 2940 un-

278 2958 336 3008 de
355 2964 564 3028 petitur,
585 2978 742 3029 quam
763 2965 848 3013 ille
877 2965 964 3030 qni
994 2965 1166 3029 petit.’
1230 2966 1317 3017 Ad

275 3034 401 3089 hane
414 3054 640 3103 eausam,
677 3055 743 3090 ex
756 3041 875 3104 jure
898 3041 1038 3090 civili
1067 3044 1322 3107 Romano,

278 3114 409 3177 cnjus
430 3117 774 3181 peritissimos
797 3118 1025 3178 est,btec
1047 3120 1318 3170 annotavit

275 3189 581 3244 Clarissimus
626 3194 706 3243 vir
743 3194 830 3244 Jo.
870 3194 1037 3243 Henr.
1077 3195 1318 3245 Schrote·

275 3279 384 3318 rus:
426 3271 664 3334 ‘Emtor,
699 3277 733 3320 ιι·
761 3284 883 3336 quo,
920 3277 1167 3336 tanquam
1201 3286 1314 3335 reo,

275 3343 529 3398 thesaurus
550 3346 853 3413 petebatur,
871 3361 1071 3398 cansam
1086 3347 1317 3412 dicebat,

273 3417 331 3468 ob
349 3424 495 3486 quam
518 3438 642 3475 suns
674 3432 844 3486 esset;
891 3424 1014 3488 qnia
1047 3424 1253 3474 scilicet
1284 3440 1316 3475 a

273 3508 324 3544 se
355 3498 484 3562 lpse,
521 3506 584 3550 et
618 3500 672 3550 in
705 3514 800 3550 suo
833 3508 1077 3565 repertus
1098 3508 1256 3564 esset,
1278 3502 1315 3552 l.

275 3582 354 3622 un.
373 3575 430 3625 C.
452 3574 521 3625 ‹le
544 3576 777 3627 thesaur.
798 3582 958 3639 atque
996 3575 1066 3625 id'
1089 3577 1315 3641 quidem,

265 3646 404 3709 *prins
433 3650 870 3717 quamavsnditor,
893 3652 979 3716 qni
1011 3652 1230 3716 petebat
1259 3661 1317 3704 et

268 3731 404 3776 actor
424 3738 558 3792 erat,
580 3737 947 3794 proposuerat,
965 3731 1052 3780 cni
1074 3730 1315 3794 probatio

272 3799 613 3868 incumbebat,
634 3805 858 3855 nudein
881 3805 1111 3870 patrium
1133 3821 1316 3856 monn·

272 3886 482 3929 mentum
496 3882 538 3930 is
550 3883 817 3932 thesaurus
829 3883 1168 3946 pervenisset.
1180 3883 1318 3949 quod

274 3953 364 4004 nisi
382 3958 589 4007 aliunde
609 3958 866 4022 potuisset
882 3966 1143 4024 constare,
1151 3960 1318 4010 debe·

274 4027 356 4079 bat
376 4032 631 4084 venditor·
649 4034 719 4084 ad
755 4034 1126 4091 exhibendum·
1147 4052 1320 4103 agere,

273 4109 425 4157 utve!
445 4123 512 4159 ex
533 4111 804 4174 signatura
824 4120 1163 4178 nummorum,
1195 4114 1318 4164 lice·

271 4187 352 4230 ret
383 4185 894 4252 aliquidrcolligere..
949 4188 1137 4241 Perea.
1178 4204 1320 4243 num.

278 4259 348 4306 11.
367 4259 475 4310 inzl.
499 4276 539 4311 1.
563 4261 625 4312 C.
661 4262 730 4312 de
753 4264 977 4315 thesaur.
1011 4278 1319 4330 quamquam

278 4344 345 4384 sc.
356 4335 408 4388 in
420 4337 519 4390 hoe
534 4352 659 4389 casu
669 4339 1162 4406 etism‘praesumtio,
1180 4341 1320 4408 quod

2265 427 2450 504 ’1135

1392 590 1508 655 ipse
1539 597 1695 656 pater
1728 585 2201 645 monumentum-id
2239 601 2448 647 extrax-

1390 674 1523 726 erat,
1545 683 1641 733 pro
1675 683 1740 720 eo
1760 684 2019 735 pugnasse
2041 670 2303 729 videatur,
2334 674 2448 724 the-

1391 755 1598 795 saurum
1632 759 1812 796 verum
1847 760 1952 796 non
1982 761 2116 810 esse,
2151 754 2211 798 ut
2240 750 2332 815 qni
2368 750 2448 814 ig·

1388 829 1569 873 notum
1586 823 1846 873 domiuum
1857 824 1967 887 jam
1983 824 2191 874 minime
2203 823 2445 887 haberet,
2534 827 2547 832 “

1389 899 1425 950 l.
1447 913 1615 951 1111.
1638 902 1683 965 §.
1705 904 1754 950 1.
1771 900 1840 950 de
1860 899 1926 950 A.
1940 902 2006 952 R.
2025 902 2096 952 D.
2119 908 2176 951 et
2198 901 2445 952 mansisse

1389 977 1522 1042 ejus,
1546 977 1693 1041 cnjus
1717 986 1873 1028 antea
1894 975 2092 1040 fuerat,
2115 978 2241 1028 licet
2273 978 2448 1041 perdi-

1391 1060 1477 1103 tus
1498 1054 1766 1117 hactenus,
1786 1061 1841 1104 et
1862 1053 1929 1118 ab
1951 1068 2034 1117 eo,
2058 1054 2122 1103 ad
2156 1067 2308 1118 qnem
2332 1067 2449 1118 per·

1389 1127 1627 1192 tinebats
1646 1142 1746 1179 uon
1778 1129 2001 1179 ablatus.
2034 1129 2071 1179 1.
2094 1142 2267 1179 nvn.
2290 1130 2353 1179 R.
2376 1130 2445 1180 V.

1390 1217 1512 1253 narn
1526 1203 1613 1267 jus
1636 1204 1969 1268 possessionis
1985 1205 2055 1266 ei,
2073 1205 2163 1270 qni
2184 1218 2302 1255 enm
2324 1219 2445 1255 con-

1390 1279 1545 1342 didit,
1565 1295 1669 1330 non
1693 1281 1903 1331 ridetur
1916 1289 2222 1346 peremtum.
2237 1287 2292 1332 et
2306 1280 2449 1346 qnod

1390 1364 1623 1407 nostrum
1644 1367 1745 1419 est,
1768 1357 1881 1407 sine
1900 1356 2043 1408 facto
2063 1362 2244 1407 nostro
2265 1356 2334 1407 ad
2355 1357 2448 1406 ali-

1390 1446 1476 1483 um
1498 1432 1773 1483 transferri
1793 1448 1894 1483 nou
1918 1439 2112 1498 potest,
2125 1433 2160 1484 l.
2186 1445 2269 1483 ιι.
2290 1432 2358 1481 ds
2381 1432 2445 1483 R.

1389 1508 1436 1560 1.
1499 1510 1836 1574 Quapropter
1856 1524 1958 1560 non
1991 1508 2248 1558 immerito
2266 1521 2447 1573 repre-

1388 1585 1636 1637 lienditur
1669 1586 1856 1649 Poeta,
1876 1587 1964 1653 qui
1995 1593 2178 1637 contra
2207 1591 2446 1636 naturam

1388 1664 1588 1714 ordinis
1609 1672 1664 1715 et
1685 1665 1900 1729 negotii,
1922 1671 2044 1714 ante
2067 1664 2367 1728 petitorem,
2390 1663 2448 1713 in

1390 1754 1551 1790 scena
1570 1739 1698 1791 feeit
1728 1753 1938 1791 cansam
1961 1739 2137 1789 dicere
2162 1751 2330 1800 reum,
2359 1737 2446 1789 cni

1392 1821 1567 1866 tanen
1588 1815 1828 1867 sufficere
1852 1816 2140 1878 debuisset,
2159 1815 2297 1879 qnod
2329 1830 2447 1879 pos·

1390 1892 1615 1956 sidebat,
1634 1894 1668 1941 1.
1684 1908 1723 1943 ι.
1747 1895 1793 1957 §.
1812 1897 1862 1943 6.
1883 1893 1961 1942 nti
1980 1892 2169 1956 possid.
2184 1891 2269 1942 cui
2287 1891 2445 1941 etiam

1391 1970 1535 2018 velut
1555 1969 1835 2032 possessori
1848 1969 1999 2018 -actio
2021 1968 2181 2030 nitro,
2195 1967 2249 2016 id
2269 1973 2369 2028 est,
2385 1974 2446 2017 ιιι

1392 2045 1534 2108 prior
1555 2053 1757 2109 ageret,
1787 2058 2044 2110 nunqnam
2066 2044 2182 2094 dari
2215 2051 2445 2107 poterat.

1389 2121 1447 2172 d.
1479 2123 1528 2185 §0
1566 2126 1617 2172 6.
1656 2135 1774 2171 nam
1810 2121 1861 2170 in
1883 2119 2246 2172 controversiis
2270 2133 2444 2172 rernm

1389 2198 1735 2261 corporalium
1798 2199 1936 2248 actio
1999 2197 2290 2261 negatoria,
2344 2211 2444 2260 per

1390 2286 1546 2338 quam
1564 2279 1784 2337 negetur
1802 2287 1886 2322 res
1905 2272 2095 2323 actoris
2117 2286 2248 2333 esse,
2268 2272 2445 2336 prodi-

1390 2355 1448 2399 ta
1467 2362 1571 2398 non
1593 2355 1695 2411 est,
1714 2350 1761 2412 §.
1782 2352 1833 2399 2.
1856 2350 1910 2399 in
1928 2347 1967 2399 f.
1988 2348 2118 2398 lust.
2131 2348 2199 2397 de
2215 2347 2446 2398 Action.'

1390 2426 1702 2491 Epistulam,
1723 2440 1875 2492 qnam
1896 2426 2253 2478 adolescentis*
2266 2426 2442 2478 vendi-

1390 2504 1521 2553 toris
1543 2511 1695 2568 pater
1726 2518 1830 2554 una
1854 2518 1972 2554 cnm
2011 2504 2252 2553 thesauro
2283 2503 2446 2568 depo-

1390 2586 1587 2641 suerat,
1607 2581 1738 2630 hand
1760 2580 1919 2632 dubie
1933 2595 2051 2631 enm
2074 2581 2188 2645 ipso
2207 2581 2445 2632 thesauro

1391 2656 1668 2706 retinuisse
1714 2671 1888 2706 senem
1945 2663 2215 2722 emtorem,
2256 2658 2449 2708 intelil-

1392 2733 1615 2796 gendum
1629 2740 1726 2784 est.
1747 2733 1971 2800 alioquin
1992 2732 2223 2783 futurum
2241 2739 2374 2801 erat,
2384 2739 2446 2784 ιιι

1391 2822 1475 2859 res
1497 2810 1852 2860 controversia
1871 2815 2095 2860 careret.
2146 2808 2296 2858 Vidit
2318 2824 2443 2859 sane

1391 2900 1569 2937 servus
1591 2885 1932 2937 adolescentis
1949 2886 2217 2949 epistolam
2239 2887 2447 2937 thesau-

1391 2975 1450 3012 ro
1485 2961 1734 3025 additam,
1769 2963 1862 3012 sed
1900 2970 2178 3026 antequam
2210 2962 2446 3025 inspecta

1392 3048 1533 3089 esset
1554 3045 1611 3088 et
1631 3039 1883 3101 exhibita,
1903 3053 2065 3088 senex
2087 3039 2328 3088 ementiri
2353 3054 2444 3103 po-

1391 3115 1517 3179 tnit,
1552 3130 1609 3166 se
1641 3117 1877 3179 pecunias
1897 3115 2146 3165 custodie
2170 3129 2322 3165 cansa
2356 3116 2445 3166 de·

1391 3192 1579 3257 positae
1613 3193 1755 3242 illam
1779 3192 2062 3255 addidisse,-
2083 3200 2142 3241 nt
2163 3199 2446 3255 constaret,

1375 3269 1506 3334 -qnis
1531 3277 1588 3318 et
1610 3283 1712 3334 quo
1736 3268 1838 3318 fine
1861 3268 2201 3331 deposuisset.
2258 3268 2445 3318 Potuit

1390 3352 1590 3408 postea,
1631 3344 1803 3409 spatio
1856 3343 1998 3407 dato,
2038 3351 2096 3394 et
2149 3358 2445 3408 supponere

1389 3425 1545 3475 aliam
1567 3424 1855 3489 epistolam.
1921 3425 2255 3488 Deposnerat
2270 3432 2443 3475 antem

1391 3509 1542 3567 pater
1597 3502 1943 3554 adolescentis
1976 3503 2089 3552 illic
2132 3504 2444 3561 thesaurum,

1389 3593 1455 3628 ne
1475 3578 1610 3629 filius
1630 3579 1807 3629 statim
1830 3588 1889 3630 ut
1906 3574 2455 3642 hereditatem-pater-‘

1377 3668 1508 3705 cnam
1543 3655 1755 3715 adisset,
1777 3656 2081 3720 prodigeret
2107 3655 2296 3706 omnia.
2331 3653 2444 3704 fore

1392 3731 1531 3781 enim
1567 3732 1829 3795 sperabat,
1852 3738 1913 3782 nt
1943 3731 2246 3781 absumendi
2276 3730 2445 3780 libidi-

1389 3821 1508 3857 nem
1533 3807 1804 3871 mitigaret
1837 3808 1968 3858 ratio
1990 3814 2061 3858 et.
2082 3813 2241 3858 ειη.»
2265 3807 2443 3871 itaque

1375 3882 1574 3934 -decem
1608 3898 1767 3936 annos
1801 3884 2063 3948 interponi
2098 3884 2280 3947 voluit,
2299 3890 2444 3933 ante·

1373 3974 1545 4025 -qnam
1578 3957 1717 4009 filius
1747 3959 2236 4020 rescisceret,-sicut
2264 3959 2328 4007 in
2362 3972 2445 4007 ar-

1391 4044 1638 4099 gumento
1660 4035 1798 4099 apud
1822 4037 2081 4086 Donatum
2115 4032 2336 4097 amplius
2356 4046 2446 4081 ex·

1391 4112 1619 4176 ponitur.
1683 4110 1818 4160 Vide
1849 4111 2024 4172 etiam,
2055 4124 2171 4175 qnae
2203 4121 2444 4171 magnum
2485 4141 2493 4147 -

1375 4187 1647 4253 -qnondam
1700 4195 1894 4237 nostra
1938 4184 2240 4236 Academia
2294 4197 2445 4233 orna·

1386 4270 1623 4313 mentum
1642 4263 1843 4327 Caspar
1874 4263 2154 4324 Bitscbius,
2176 4261 2441 4313 domnon-

1373 4342 1580 4406 -sultus,
1607 4341 1679 4393 de
1688 4341 1972 4395 mauris
2000 4339 2367 4406 parte‘pu'ore
2386 4343 2444 4391 et
