<?xml version="1.0" encoding="UTF-8"?>
<!DOCTYPE html PUBLIC "-//W3C//DTD XHTML 1.0 Transitional//EN"
    "http://www.w3.org/TR/xhtml1/DTD/xhtml1-transitional.dtd">
<html xmlns="http://www.w3.org/1999/xhtml" xml:lang="en" lang="en">
 <head>
  <title>
</title>
<meta http-equiv="Content-Type" content="text/html;charset=utf-8" />
  <meta name='ocr-system' content='tesseract 3.04.00' />
  <meta name='ocr-capabilities' content='ocr_page ocr_carea ocr_par ocr_line ocrx_word'/>
</head>
<body>
  <div class='ocr_page' id='page_1' title='image "./comoedisexvolum00westgoog_0320.png"; bbox 0 0 3035 4941; ppageno 0'>
   <div class='ocr_carea' id='block_1_1' title="bbox 601 374 780 446">
    <p class='ocr_par' dir='ltr' id='par_1_1' title="bbox 601 374 780 446">
     <span class='ocr_line' id='line_1_1' title="bbox 601 374 780 446; baseline 0.022 -4"><span class='ocrx_word' id='word_1_1' title='bbox 601 374 780 446; x_wconf 75' lang='lat'><strong>1346</strong></span> 
     </span>
    </p>
   </div>
   <div class='ocr_carea' id='block_1_2' title="bbox 600 530 1660 826">
    <p class='ocr_par' dir='ltr' id='par_1_2' title="bbox 600 530 1660 826">
     <span class='ocr_line' id='line_1_2' title="bbox 605 530 1660 589; baseline -0.002 -5"><span class='ocrx_word' id='word_1_2' title='bbox 605 532 736 584; x_wconf 71' lang='lat' dir='ltr'><strong>eun</strong></span> <span class='ocrx_word' id='word_1_3' title='bbox 770 530 949 584; x_wconf 73' lang='lat' dir='ltr'><strong>amieae</strong></span> <span class='ocrx_word' id='word_1_4' title='bbox 986 535 1262 583; x_wconf 69' lang='lat' dir='ltr'><strong>mnam</strong></span> <span class='ocrx_word' id='word_1_5' title='bbox 1306 546 1417 589; x_wconf 68' lang='lat' dir='ltr'><strong>non</strong></span> <span class='ocrx_word' id='word_1_6' title='bbox 1444 532 1660 588; x_wconf 77' lang='lat' dir='ltr'><strong>habehit</strong></span> 
     </span>
     <span class='ocr_line' id='line_1_3' title="bbox 600 607 1660 673; baseline 0 -14"><span class='ocrx_word' id='word_1_7' title='bbox 600 607 741 673; x_wconf 84' lang='lat' dir='ltr'><strong>quod</strong></span> <span class='ocrx_word' id='word_1_8' title='bbox 774 609 897 658; x_wconf 89' lang='lat' dir='ltr'><strong>det:</strong></span> <span class='ocrx_word' id='word_1_9' title='bbox 933 607 976 656; x_wconf 83' lang='lat' dir='ltr'><strong>si</strong></span> <span class='ocrx_word' id='word_1_10' title='bbox 1011 615 1162 672; x_wconf 83' lang='lat' dir='ltr'><strong>pater</strong></span> <span class='ocrx_word' id='word_1_11' title='bbox 1195 609 1375 661; x_wconf 74' lang='lat' dir='ltr'><strong>avidas</strong></span> <span class='ocrx_word' id='word_1_12' title='bbox 1403 617 1461 659; x_wconf 86' lang='lat' dir='ltr'><strong>et</strong></span> <span class='ocrx_word' id='word_1_13' title='bbox 1497 610 1660 659; x_wconf 78' lang='lat' dir='ltr'><strong>durna</strong></span> 
     </span>
     <span class='ocr_line' id='line_1_4' title="bbox 603 683 1660 747; baseline 0.002 -14"><span class='ocrx_word' id='word_1_14' title='bbox 603 683 730 733; x_wconf 86' lang='lat' dir='ltr'><strong>nihil</strong></span> <span class='ocrx_word' id='word_1_15' title='bbox 761 684 1077 747; x_wconf 85' lang='lat' dir='ltr'><strong>suppeditat.</strong></span> <span class='ocrx_word' id='word_1_16' title='bbox 1111 699 1175 733; x_wconf 89' lang='lat' dir='ltr'><strong>ea</strong></span> <span class='ocrx_word' id='word_1_17' title='bbox 1195 685 1332 734; x_wconf 88' lang='lat' dir='ltr'><strong>euim</strong></span> <span class='ocrx_word' id='word_1_18' title='bbox 1356 700 1437 734; x_wconf 83' lang='lat' dir='ltr'><strong>res</strong></span> <span class='ocrx_word' id='word_1_19' title='bbox 1467 693 1660 735; x_wconf 85' lang='lat' dir='ltr'><strong>amato·</strong></span> 
     </span>
     <span class='ocr_line' id='line_1_5' title="bbox 602 760 1659 826; baseline -0.002 -14"><span class='ocrx_word' id='word_1_20' title='bbox 602 775 687 812; x_wconf 80' lang='lat' dir='ltr'><strong>rea</strong></span> <span class='ocrx_word' id='word_1_21' title='bbox 719 761 787 811; x_wconf 78' lang='lat' dir='ltr'><strong>ad</strong></span> <span class='ocrx_word' id='word_1_22' title='bbox 812 761 1079 811; x_wconf 86' lang='lat' dir='ltr'><strong>consilium</strong></span> <span class='ocrx_word' id='word_1_23' title='bbox 1124 760 1453 824; x_wconf 76' lang='lat' dir='ltr'>profugiendi</span> <span class='ocrx_word' id='word_1_24' title='bbox 1485 762 1659 826; x_wconf 87' lang='lat' dir='ltr'><strong>aliquo</strong></span> 
     </span>
    </p>
   </div>
   <div class='ocr_carea' id='block_1_3' title="bbox 504 837 1660 903">
    <p class='ocr_par' dir='ltr' id='par_1_3' title="bbox 504 837 1660 903">
     <span class='ocr_line' id='line_1_6' title="bbox 504 837 1660 903; baseline 0.001 -15"><span class='ocrx_word' id='word_1_25' title='bbox 504 897 511 900; x_wconf 67' lang='lat'>,</span> <span class='ocrx_word' id='word_1_26' title='bbox 599 838 733 888; x_wconf 74' lang='lat' dir='ltr'><strong>solet</strong></span> <span class='ocrx_word' id='word_1_27' title='bbox 773 838 1005 901; x_wconf 83' lang='lat' dir='ltr'><strong>adigere,</strong></span> <span class='ocrx_word' id='word_1_28' title='bbox 1040 837 1086 886; x_wconf 86' lang='lat' dir='ltr'><strong>si</strong></span> <span class='ocrx_word' id='word_1_29' title='bbox 1115 851 1218 887; x_wconf 90' lang='lat' dir='ltr'><strong>non</strong></span> <span class='ocrx_word' id='word_1_30' title='bbox 1256 845 1339 888; x_wconf 88' lang='lat' dir='ltr'><strong>est</strong></span> <span class='ocrx_word' id='word_1_31' title='bbox 1371 837 1508 903; x_wconf 83' lang='lat' dir='ltr'><strong>quod</strong></span> <span class='ocrx_word' id='word_1_32' title='bbox 1532 838 1660 889; x_wconf 77' lang='lat' dir='ltr'><strong>dent</strong></span> 
     </span>
    </p>
   </div>
   <div class='ocr_carea' id='block_1_4' title="bbox 586 915 1662 4340">
    <p class='ocr_par' dir='ltr' id='par_1_4' title="bbox 601 915 1097 965">
     <span class='ocr_line' id='line_1_7' title="bbox 601 915 1097 965; baseline -0.002 -1"><span class='ocrx_word' id='word_1_33' title='bbox 601 915 802 965; x_wconf 66' lang='lat' dir='ltr'><strong>amice.</strong></span> <span class='ocrx_word' id='word_1_34' title='bbox 836 915 1097 964; x_wconf 73' lang='lat' dir='ltr'><strong>Boecleras.</strong></span> 
     </span>
    </p>

    <p class='ocr_par' dir='ltr' id='par_1_5' title="bbox 668 988 1627 1053">
     <span class='ocr_line' id='line_1_8' title="bbox 668 988 1627 1053; baseline -0.001 -13"><span class='ocrx_word' id='word_1_35' title='bbox 668 991 850 1052; x_wconf 63' lang='lat' dir='ltr'><strong>mom,</strong></span> <span class='ocrx_word' id='word_1_36' title='bbox 866 991 972 1053; x_wconf 60' lang='grc' dir='ltr'><strong>ξω]</strong></span> <span class='ocrx_word' id='word_1_37' title='bbox 1006 988 1300 1040; x_wconf 76' lang='lat' dir='ltr'><strong>Bacchidis.</strong></span> <span class='ocrx_word' id='word_1_38' title='bbox 1345 988 1627 1041; x_wconf 61' lang='lat' dir='ltr'><strong>Fmbau.</strong></span> 
     </span>
    </p>

    <p class='ocr_par' dir='ltr' id='par_1_6' title="bbox 599 1066 1660 1502">
     <span class='ocr_line' id='line_1_9' title="bbox 666 1066 1658 1130; baseline -0.001 -12"><span class='ocrx_word' id='word_1_39' title='bbox 666 1073 732 1118; x_wconf 73' lang='lat'><strong>34</strong></span> <span class='ocrx_word' id='word_1_40' title='bbox 766 1069 938 1117; x_wconf 74' lang='lat' dir='ltr'><strong>Nonne</strong></span> <span class='ocrx_word' id='word_1_41' title='bbox 962 1069 1025 1116; x_wconf 80' lang='lat' dir='ltr'><strong>nd</strong></span> <span class='ocrx_word' id='word_1_42' title='bbox 1055 1066 1430 1130; x_wconf 70' lang='lat' dir='ltr'><strong>semaliquen</strong></span> <span class='ocrx_word' id='word_1_43' title='bbox 1454 1067 1658 1130; x_wconf 60' lang='lat' dir='ltr'><strong>sobria]</strong></span> 
     </span>
     <span class='ocr_line' id='line_1_10' title="bbox 602 1143 1660 1209; baseline -0.002 -14"><span class='ocrx_word' id='word_1_44' title='bbox 602 1145 818 1195; x_wconf 80' lang='lat' dir='ltr'><strong>Festive</strong></span> <span class='ocrx_word' id='word_1_45' title='bbox 850 1145 948 1194; x_wconf 86' lang='lat' dir='ltr'><strong>hoc</strong></span> <span class='ocrx_word' id='word_1_46' title='bbox 973 1145 1197 1201; x_wconf 87' lang='lat' dir='ltr'><strong>auditur,</strong></span> <span class='ocrx_word' id='word_1_47' title='bbox 1219 1144 1357 1209; x_wconf 87' lang='lat' dir='ltr'><strong>quod</strong></span> <span class='ocrx_word' id='word_1_48' title='bbox 1380 1159 1544 1195; x_wconf 81' lang='lat' dir='ltr'><strong>senex</strong></span> <span class='ocrx_word' id='word_1_49' title='bbox 1565 1143 1660 1193; x_wconf 81' lang='lat' dir='ltr'><strong>fal·</strong></span> 
     </span>
     <span class='ocr_line' id='line_1_11' title="bbox 600 1221 1659 1285; baseline 0.001 -14"><span class='ocrx_word' id='word_1_50' title='bbox 600 1221 745 1271; x_wconf 88' lang='lat' dir='ltr'><strong>leudi</strong></span> <span class='ocrx_word' id='word_1_51' title='bbox 767 1222 904 1270; x_wconf 83' lang='lat' dir='ltr'><strong>senis</strong></span> <span class='ocrx_word' id='word_1_52' title='bbox 930 1221 1146 1271; x_wconf 85' lang='lat' dir='ltr'><strong>consilia</strong></span> <span class='ocrx_word' id='word_1_53' title='bbox 1168 1223 1420 1285; x_wconf 76' lang='lat' dir='ltr'><strong>suggerit,</strong></span> <span class='ocrx_word' id='word_1_54' title='bbox 1442 1237 1507 1272; x_wconf 89' lang='lat' dir='ltr'><strong>eo</strong></span> <span class='ocrx_word' id='word_1_55' title='bbox 1529 1230 1659 1271; x_wconf 87' lang='lat' dir='ltr'><strong>tem·</strong></span> 
     </span>
     <span class='ocr_line' id='line_1_12' title="bbox 601 1298 1660 1363; baseline 0.003 -17"><span class='ocrx_word' id='word_1_56' title='bbox 601 1313 748 1363; x_wconf 87' lang='lat' dir='ltr'><strong>pore,</strong></span> <span class='ocrx_word' id='word_1_57' title='bbox 768 1313 872 1363; x_wconf 89' lang='lat' dir='ltr'><strong>quo</strong></span> <span class='ocrx_word' id='word_1_58' title='bbox 895 1299 1008 1361; x_wconf 86' lang='lat' dir='ltr'><strong>ipse</strong></span> <span class='ocrx_word' id='word_1_59' title='bbox 1030 1298 1292 1362; x_wconf 81' lang='lat' dir='ltr'><strong>decipitur</strong></span> <span class='ocrx_word' id='word_1_60' title='bbox 1315 1299 1566 1348; x_wconf 80' lang='lat' dir='ltr'><strong>maxime:</strong></span> <span class='ocrx_word' id='word_1_61' title='bbox 1601 1306 1660 1349; x_wconf 89' lang='lat' dir='ltr'><strong>et</strong></span> 
     </span>
     <span class='ocr_line' id='line_1_13' title="bbox 602 1375 1656 1440; baseline 0.003 -17"><span class='ocrx_word' id='word_1_62' title='bbox 602 1375 747 1439; x_wconf 86' lang='lat' dir='ltr'><strong>quasi</strong></span> <span class='ocrx_word' id='word_1_63' title='bbox 769 1375 990 1425; x_wconf 86' lang='lat' dir='ltr'><strong>alienam</strong></span> <span class='ocrx_word' id='word_1_64' title='bbox 1012 1390 1220 1425; x_wconf 80' lang='lat' dir='ltr'><strong>causam</strong></span> <span class='ocrx_word' id='word_1_65' title='bbox 1240 1382 1422 1427; x_wconf 86' lang='lat' dir='ltr'><strong>contra</strong></span> <span class='ocrx_word' id='word_1_66' title='bbox 1442 1391 1500 1425; x_wconf 81' lang='lat' dir='ltr'><strong>se</strong></span> <span class='ocrx_word' id='word_1_67' title='bbox 1528 1375 1656 1440; x_wconf 78' lang='lat' dir='ltr'><strong>agit.</strong></span> 
     </span>
     <span class='ocr_line' id='line_1_14' title="bbox 599 1451 862 1502; baseline -0.004 0"><span class='ocrx_word' id='word_1_68' title='bbox 599 1451 862 1502; x_wconf 63' lang='lat' dir='ltr'><strong>nectarus.</strong></span> 
     </span>
    </p>

    <p class='ocr_par' dir='ltr' id='par_1_7' title="bbox 598 1529 1659 1895">
     <span class='ocr_line' id='line_1_15' title="bbox 666 1529 1658 1591; baseline 0.002 -14"><span class='ocrx_word' id='word_1_69' title='bbox 666 1532 727 1577; x_wconf 75' lang='lat'><strong>³5</strong></span> <span class='ocrx_word' id='word_1_70' title='bbox 761 1529 834 1578; x_wconf 73' lang='lat' dir='ltr'><strong>At</strong></span> <span class='ocrx_word' id='word_1_71' title='bbox 864 1534 914 1579; x_wconf 76' lang='lat' dir='ltr'><strong>te</strong></span> <span class='ocrx_word' id='word_1_72' title='bbox 943 1529 1159 1590; x_wconf 63' lang='lat' dir='ltr'><strong>adiutare</strong></span> <span class='ocrx_word' id='word_1_73' title='bbox 1185 1534 1366 1591; x_wconf 76' lang='lat' dir='ltr'><strong>oportet</strong></span> <span class='ocrx_word' id='word_1_74' title='bbox 1396 1530 1658 1579; x_wconf 72' lang='lat' dir='ltr'><strong>adolescen-</strong></span> 
     </span>
     <span class='ocr_line' id='line_1_16' title="bbox 601 1603 1658 1667; baseline 0.002 -14"><span class='ocrx_word' id='word_1_75' title='bbox 601 1605 692 1653; x_wconf 73' lang='lat' dir='ltr'><strong>tuli</strong></span> <span class='ocrx_word' id='word_1_76' title='bbox 725 1603 888 1667; x_wconf 68' lang='lat' dir='ltr'><strong>ema]</strong></span> <span class='ocrx_word' id='word_1_77' title='bbox 932 1605 1076 1654; x_wconf 88' lang='lat' dir='ltr'><strong>Bene</strong></span> <span class='ocrx_word' id='word_1_78' title='bbox 1097 1604 1362 1654; x_wconf 83' lang='lat' dir='ltr'><strong>additum:</strong></span> <span class='ocrx_word' id='word_1_79' title='bbox 1393 1606 1658 1655; x_wconf 67' lang='lat' dir='ltr'><strong>«detexen-</strong></span> 
     </span>
     <span class='ocr_line' id='line_1_17' title="bbox 598 1680 1659 1737; baseline 0.002 -10"><span class='ocrx_word' id='word_1_80' title='bbox 598 1680 693 1728; x_wconf 78' lang='lat' dir='ltr'><strong>tuli</strong></span> <span class='ocrx_word' id='word_1_81' title='bbox 705 1695 866 1729; x_wconf 72' lang='lat' dir='ltr'><strong>caasa.</strong></span> <span class='ocrx_word' id='word_1_82' title='bbox 890 1687 948 1731; x_wconf 89' lang='lat' dir='ltr'><strong>ut</strong></span> <span class='ocrx_word' id='word_1_83' title='bbox 968 1688 1140 1737; x_wconf 85' lang='lat' dir='ltr'><strong>antea,</strong></span> <span class='ocrx_word' id='word_1_84' title='bbox 1160 1681 1381 1729; x_wconf 68' lang='lat' dir='ltr'><strong>serendi</strong></span> <span class='ocrx_word' id='word_1_85' title='bbox 1399 1681 1529 1729; x_wconf 73' lang='lat' dir='ltr'><strong>senia</strong></span> <span class='ocrx_word' id='word_1_86' title='bbox 1547 1695 1659 1729; x_wconf 67' lang='lat' dir='ltr'><strong>aaa·</strong></span> 
     </span>
     <span class='ocr_line' id='line_1_18' title="bbox 598 1753 1659 1820; baseline 0.003 -17"><span class='ocrx_word' id='word_1_87' title='bbox 598 1769 671 1804; x_wconf 82' lang='lat' dir='ltr'><strong>sa.</strong></span> <span class='ocrx_word' id='word_1_88' title='bbox 709 1764 766 1805; x_wconf 87' lang='lat' dir='ltr'><strong>ut</strong></span> <span class='ocrx_word' id='word_1_89' title='bbox 786 1756 1151 1806; x_wconf 84' lang='lat' dir='ltr'><strong>detraheretur</strong></span> <span class='ocrx_word' id='word_1_90' title='bbox 1176 1753 1319 1806; x_wconf 83' lang='lat' dir='ltr'><strong>facto</strong></span> <span class='ocrx_word' id='word_1_91' title='bbox 1345 1757 1594 1820; x_wconf 81' lang='lat' dir='ltr'><strong>pravitas,</strong></span> <span class='ocrx_word' id='word_1_92' title='bbox 1615 1756 1659 1806; x_wconf 80' lang='lat' dir='ltr'><strong>ai</strong></span> 
     </span>
     <span class='ocr_line' id='line_1_19' title="bbox 600 1833 1193 1895; baseline 0.008 -16"><span class='ocrx_word' id='word_1_93' title='bbox 600 1845 665 1880; x_wconf 89' lang='lat' dir='ltr'><strong>eo</strong></span> <span class='ocrx_word' id='word_1_94' title='bbox 688 1834 994 1895; x_wconf 80' lang='lat' dir='ltr'><strong>pertineret.</strong></span> <span class='ocrx_word' id='word_1_95' title='bbox 1041 1833 1193 1884; x_wconf 76' lang='lat' dir='ltr'><strong>Idem.</strong></span> 
     </span>
    </p>

    <p class='ocr_par' dir='ltr' id='par_1_8' title="bbox 586 1909 1662 2354">
     <span class='ocr_line' id='line_1_20' title="bbox 664 1909 1660 1974; baseline 0.009 -17"><span class='ocrx_word' id='word_1_96' title='bbox 664 1912 731 1957; x_wconf 72' lang='lat'><strong>36</strong></span> <span class='ocrx_word' id='word_1_97' title='bbox 769 1910 927 1959; x_wconf 76' lang='lat' dir='ltr'><strong>Facile</strong></span> <span class='ocrx_word' id='word_1_98' title='bbox 957 1910 1171 1974; x_wconf 73' lang='lat' dir='ltr'><strong>equidem</strong></span> <span class='ocrx_word' id='word_1_99' title='bbox 1187 1910 1354 1970; x_wconf 76' lang='lat' dir='ltr'><strong>facere</strong></span> <span class='ocrx_word' id='word_1_100' title='bbox 1388 1925 1595 1973; x_wconf 76' lang='lat' dir='ltr'><strong>possum,</strong></span> <span class='ocrx_word' id='word_1_101' title='bbox 1615 1909 1660 1958; x_wconf 55' lang='grc' dir='ltr'><strong>δί’</strong></span> 
     </span>
     <span class='ocr_line' id='line_1_21' title="bbox 586 1983 1662 2051; baseline 0.004 -18"><span class='ocrx_word' id='word_1_102' title='bbox 586 1983 753 2048; x_wconf 71' lang='lat' dir='ltr'><strong>jubes]</strong></span> <span class='ocrx_word' id='word_1_103' title='bbox 778 1986 1030 2035; x_wconf 89' lang='lat' dir='ltr'><strong>Peritiam</strong></span> <span class='ocrx_word' id='word_1_104' title='bbox 1053 2002 1197 2036; x_wconf 84' lang='lat' dir='ltr'><strong>suam</strong></span> <span class='ocrx_word' id='word_1_105' title='bbox 1215 1988 1356 2036; x_wconf 86' lang='lat' dir='ltr'><strong>circa</strong></span> <span class='ocrx_word' id='word_1_106' title='bbox 1372 1987 1662 2051; x_wconf 85' lang='lat' dir='ltr'><strong>hujusmodi</strong></span> 
     </span>
     <span class='ocr_line' id='line_1_22' title="bbox 603 2061 1660 2125; baseline 0.005 -17"><span class='ocrx_word' id='word_1_107' title='bbox 603 2074 712 2110; x_wconf 87' lang='lat' dir='ltr'><strong>rem</strong></span> <span class='ocrx_word' id='word_1_108' title='bbox 734 2061 1020 2112; x_wconf 74' lang='lat' dir='ltr'><strong>declaravit</strong></span> <span class='ocrx_word' id='word_1_109' title='bbox 1035 2077 1244 2113; x_wconf 80' lang='lat' dir='ltr'><strong>servus:</strong></span> <span class='ocrx_word' id='word_1_110' title='bbox 1269 2063 1364 2113; x_wconf 88' lang='lat' dir='ltr'><strong>sed</strong></span> <span class='ocrx_word' id='word_1_111' title='bbox 1380 2064 1533 2125; x_wconf 82' lang='lat' dir='ltr'><strong>dixit,</strong></span> <span class='ocrx_word' id='word_1_112' title='bbox 1554 2078 1660 2113; x_wconf 89' lang='lat' dir='ltr'><strong>me·</strong></span> 
     </span>
     <span class='ocr_line' id='line_1_23' title="bbox 601 2138 1660 2205; baseline 0.005 -21"><span class='ocrx_word' id='word_1_113' title='bbox 601 2143 751 2187; x_wconf 90' lang='lat' dir='ltr'><strong>tuere</strong></span> <span class='ocrx_word' id='word_1_114' title='bbox 775 2138 964 2188; x_wconf 89' lang='lat' dir='ltr'><strong>domini</strong></span> <span class='ocrx_word' id='word_1_115' title='bbox 990 2140 1330 2202; x_wconf 80' lang='lat' dir='ltr'><strong>voluntatem,</strong></span> <span class='ocrx_word' id='word_1_116' title='bbox 1350 2147 1408 2189; x_wconf 88' lang='lat' dir='ltr'><strong>et</strong></span> <span class='ocrx_word' id='word_1_117' title='bbox 1430 2155 1581 2205; x_wconf 91' lang='lat' dir='ltr'><strong>posse</strong></span> <span class='ocrx_word' id='word_1_118' title='bbox 1603 2155 1660 2189; x_wconf 85' lang='lat' dir='ltr'><strong>se</strong></span> 
     </span>
     <span class='ocr_line' id='line_1_24' title="bbox 599 2213 1659 2282; baseline 0.005 -21"><span class='ocrx_word' id='word_1_119' title='bbox 599 2213 773 2275; x_wconf 87' lang='lat' dir='ltr'><strong>facile,</strong></span> <span class='ocrx_word' id='word_1_120' title='bbox 794 2215 838 2264; x_wconf 87' lang='lat' dir='ltr'><strong>si</strong></span> <span class='ocrx_word' id='word_1_121' title='bbox 861 2216 975 2281; x_wconf 88' lang='lat' dir='ltr'><strong>ipse</strong></span> <span class='ocrx_word' id='word_1_122' title='bbox 999 2217 1222 2267; x_wconf 86' lang='lat' dir='ltr'><strong>voluerit</strong></span> <span class='ocrx_word' id='word_1_123' title='bbox 1243 2217 1516 2282; x_wconf 87' lang='lat' dir='ltr'><strong>imperare.</strong></span> <span class='ocrx_word' id='word_1_124' title='bbox 1560 2219 1659 2266; x_wconf 76' lang='lat' dir='ltr'><strong>Ea-</strong></span> 
     </span>
     <span class='ocr_line' id='line_1_25' title="bbox 596 2290 848 2354; baseline 0.016 -17"><span class='ocrx_word' id='word_1_125' title='bbox 596 2290 848 2354; x_wconf 72' lang='lat' dir='ltr'><strong>graphius.</strong></span> 
     </span>
    </p>

    <p class='ocr_par' dir='ltr' id='par_1_9' title="bbox 596 2368 1662 4340">
     <span class='ocr_line' id='line_1_26' title="bbox 667 2368 1659 2435; baseline 0.006 -20"><span class='ocrx_word' id='word_1_126' title='bbox 667 2368 830 2417; x_wconf 78' lang='lat' dir='ltr'><strong>Facile</strong></span> <span class='ocrx_word' id='word_1_127' title='bbox 847 2370 1231 2431; x_wconf 77' lang='lat' dir='ltr'><strong>equidemsacere</strong></span> <span class='ocrx_word' id='word_1_128' title='bbox 1246 2370 1398 2435; x_wconf 57' lang='lat' dir='ltr'><strong>pesa]</strong></span> <span class='ocrx_word' id='word_1_129' title='bbox 1420 2371 1483 2420; x_wconf 90' lang='lat' dir='ltr'><strong>Iu</strong></span> <span class='ocrx_word' id='word_1_130' title='bbox 1505 2384 1659 2421; x_wconf 87' lang='lat' dir='ltr'><strong>occa-</strong></span> 
     </span>
     <span class='ocr_line' id='line_1_27' title="bbox 600 2440 1659 2507; baseline 0.008 -17"><span class='ocrx_word' id='word_1_131' title='bbox 600 2440 797 2492; x_wconf 88' lang='lat' dir='ltr'><strong>sionem</strong></span> <span class='ocrx_word' id='word_1_132' title='bbox 825 2444 940 2507; x_wconf 87' lang='lat' dir='ltr'><strong>joci</strong></span> <span class='ocrx_word' id='word_1_133' title='bbox 975 2447 1159 2497; x_wconf 88' lang='lat' dir='ltr'><strong>comici</strong></span> <span class='ocrx_word' id='word_1_134' title='bbox 1192 2447 1350 2498; x_wconf 83' lang='lat' dir='ltr'><strong>vertit</strong></span> <span class='ocrx_word' id='word_1_135' title='bbox 1379 2444 1659 2498; x_wconf 86' lang='lat' dir='ltr'><strong>confessio-</strong></span> 
     </span>
     <span class='ocr_line' id='line_1_28' title="bbox 599 2523 1660 2588; baseline 0.008 -22"><span class='ocrx_word' id='word_1_136' title='bbox 599 2531 716 2566; x_wconf 91' lang='lat' dir='ltr'><strong>nem</strong></span> <span class='ocrx_word' id='word_1_137' title='bbox 757 2534 861 2568; x_wconf 87' lang='lat' dir='ltr'><strong>suae</strong></span> <span class='ocrx_word' id='word_1_138' title='bbox 897 2523 1171 2585; x_wconf 80' lang='lat' dir='ltr'><strong>nequitiae:</strong></span> <span class='ocrx_word' id='word_1_139' title='bbox 1206 2529 1363 2588; x_wconf 86' lang='lat' dir='ltr'><strong>atque</strong></span> <span class='ocrx_word' id='word_1_140' title='bbox 1393 2525 1469 2574; x_wconf 91' lang='lat' dir='ltr'><strong>ita</strong></span> <span class='ocrx_word' id='word_1_141' title='bbox 1501 2540 1660 2588; x_wconf 87' lang='lat' dir='ltr'><strong>porro</strong></span> 
     </span>
     <span class='ocr_line' id='line_1_29' title="bbox 601 2597 1660 2663; baseline 0.007 -21"><span class='ocrx_word' id='word_1_142' title='bbox 601 2601 772 2659; x_wconf 80' lang='lat' dir='ltr'><strong>tentat</strong></span> <span class='ocrx_word' id='word_1_143' title='bbox 811 2597 1036 2647; x_wconf 87' lang='lat' dir='ltr'><strong>animum</strong></span> <span class='ocrx_word' id='word_1_144' title='bbox 1068 2598 1200 2659; x_wconf 87' lang='lat' dir='ltr'><strong>heri,</strong></span> <span class='ocrx_word' id='word_1_145' title='bbox 1230 2599 1408 2663; x_wconf 83' lang='lat' dir='ltr'><strong>jocon’</strong></span> <span class='ocrx_word' id='word_1_146' title='bbox 1429 2614 1492 2648; x_wconf 89' lang='lat' dir='ltr'><strong>an</strong></span> <span class='ocrx_word' id='word_1_147' title='bbox 1527 2600 1660 2649; x_wconf 91' lang='lat' dir='ltr'><strong>serio</strong></span> 
     </span>
     <span class='ocr_line' id='line_1_30' title="bbox 600 2672 1659 2738; baseline 0.008 -21"><span class='ocrx_word' id='word_1_148' title='bbox 600 2677 740 2733; x_wconf 85' lang='lat' dir='ltr'><strong>agat.</strong></span> <span class='ocrx_word' id='word_1_149' title='bbox 791 2672 867 2720; x_wconf 86' lang='lat' dir='ltr'><strong>ita</strong></span> <span class='ocrx_word' id='word_1_150' title='bbox 909 2674 1048 2722; x_wconf 89' lang='lat' dir='ltr'><strong>enim</strong></span> <span class='ocrx_word' id='word_1_151' title='bbox 1095 2677 1379 2738; x_wconf 82' lang='lat' dir='ltr'><strong>composita</strong></span> <span class='ocrx_word' id='word_1_152' title='bbox 1422 2682 1503 2725; x_wconf 89' lang='lat' dir='ltr'><strong>est</strong></span> <span class='ocrx_word' id='word_1_153' title='bbox 1548 2678 1659 2727; x_wconf 78' lang='lat' dir='ltr'><strong>haec</strong></span> 
     </span>
     <span class='ocr_line' id='line_1_31' title="bbox 600 2747 1660 2813; baseline 0.006 -18"><span class='ocrx_word' id='word_1_154' title='bbox 600 2747 783 2804; x_wconf 86' lang='lat' dir='ltr'><strong>oratio,</strong></span> <span class='ocrx_word' id='word_1_155' title='bbox 808 2754 867 2797; x_wconf 86' lang='lat' dir='ltr'><strong>ut</strong></span> <span class='ocrx_word' id='word_1_156' title='bbox 899 2751 985 2798; x_wconf 83' lang='lat' dir='ltr'><strong>vel</strong></span> <span class='ocrx_word' id='word_1_157' title='bbox 1015 2764 1292 2813; x_wconf 74' lang='lat' dir='ltr'><strong>agnoscere</strong></span> <span class='ocrx_word' id='word_1_158' title='bbox 1323 2751 1407 2800; x_wconf 76' lang='lat' dir='ltr'><strong>vel</strong></span> <span class='ocrx_word' id='word_1_159' title='bbox 1431 2751 1660 2801; x_wconf 87' lang='lat' dir='ltr'><strong>abnuere</strong></span> 
     </span>
     <span class='ocr_line' id='line_1_32' title="bbox 602 2825 1660 2889; baseline 0.005 -17"><span class='ocrx_word' id='word_1_160' title='bbox 602 2830 800 2888; x_wconf 82' lang='lat' dir='ltr'><strong>posset,</strong></span> <span class='ocrx_word' id='word_1_161' title='bbox 836 2825 973 2889; x_wconf 89' lang='lat' dir='ltr'><strong>quod</strong></span> <span class='ocrx_word' id='word_1_162' title='bbox 1003 2825 1069 2876; x_wconf 91' lang='lat' dir='ltr'><strong>de</strong></span> <span class='ocrx_word' id='word_1_163' title='bbox 1105 2825 1348 2876; x_wconf 88' lang='lat' dir='ltr'><strong>fallendis</strong></span> <span class='ocrx_word' id='word_1_164' title='bbox 1384 2827 1521 2876; x_wconf 87' lang='lat' dir='ltr'><strong>heris</strong></span> <span class='ocrx_word' id='word_1_165' title='bbox 1556 2828 1660 2877; x_wconf 90' lang='lat' dir='ltr'><strong>dic·</strong></span> 
     </span>
     <span class='ocr_line' id='line_1_33' title="bbox 600 2904 1661 2968; baseline 0.003 -17"><span class='ocrx_word' id='word_1_166' title='bbox 600 2910 711 2951; x_wconf 91' lang='lat' dir='ltr'><strong>tum</strong></span> <span class='ocrx_word' id='word_1_167' title='bbox 736 2909 833 2951; x_wconf 86' lang='lat' dir='ltr'><strong>est.</strong></span> <span class='ocrx_word' id='word_1_168' title='bbox 867 2912 1023 2967; x_wconf 87' lang='lat' dir='ltr'><strong>atque</strong></span> <span class='ocrx_word' id='word_1_169' title='bbox 1051 2904 1124 2953; x_wconf 87' lang='lat' dir='ltr'><strong>ita</strong></span> <span class='ocrx_word' id='word_1_170' title='bbox 1158 2904 1369 2968; x_wconf 82' lang='lat' dir='ltr'><strong>propius</strong></span> <span class='ocrx_word' id='word_1_171' title='bbox 1393 2904 1661 2954; x_wconf 83' lang='lat' dir='ltr'><strong>acceditur</strong></span> 
     </span>
     <span class='ocr_line' id='line_1_34' title="bbox 600 2976 1660 3031; baseline 0.004 -5"><span class='ocrx_word' id='word_1_172' title='bbox 600 2976 664 3026; x_wconf 88' lang='lat' dir='ltr'><strong>ad</strong></span> <span class='ocrx_word' id='word_1_173' title='bbox 711 2977 982 3028; x_wconf 84' lang='lat' dir='ltr'><strong>efficienda</strong></span> <span class='ocrx_word' id='word_1_174' title='bbox 1025 2980 1300 3031; x_wconf 89' lang='lat' dir='ltr'><strong>destinata.</strong></span> <span class='ocrx_word' id='word_1_175' title='bbox 1362 2996 1479 3031; x_wconf 89' lang='lat' dir='ltr'><strong>cum</strong></span> <span class='ocrx_word' id='word_1_176' title='bbox 1524 2981 1660 3030; x_wconf 87' lang='lat' dir='ltr'><strong>enim</strong></span> 
     </span>
     <span class='ocr_line' id='line_1_35' title="bbox 602 3055 1661 3123; baseline 0.003 -20"><span class='ocrx_word' id='word_1_177' title='bbox 602 3055 848 3106; x_wconf 87' lang='lat' dir='ltr'><strong>Chremes</strong></span> <span class='ocrx_word' id='word_1_178' title='bbox 869 3056 1107 3107; x_wconf 84' lang='lat' dir='ltr'><strong>laudaret</strong></span> <span class='ocrx_word' id='word_1_179' title='bbox 1124 3057 1232 3122; x_wconf 87' lang='lat' dir='ltr'><strong>ejus</strong></span> <span class='ocrx_word' id='word_1_180' title='bbox 1248 3058 1507 3120; x_wconf 82' lang='lat' dir='ltr'><strong>peritiam,</strong></span> <span class='ocrx_word' id='word_1_181' title='bbox 1531 3060 1661 3123; x_wconf 74' lang='lat' dir='ltr'><strong>(taa-</strong></span> 
     </span>
     <span class='ocr_line' id='line_1_36' title="bbox 600 3132 1660 3198; baseline 0.006 -20"><span class='ocrx_word' id='word_1_182' title='bbox 600 3135 650 3178; x_wconf 66' lang='grc' dir='ltr'><strong>ιο</strong></span> <span class='ocrx_word' id='word_1_183' title='bbox 671 3132 823 3180; x_wconf 77' lang='lat' dir='ltr'><strong>hercle</strong></span> <span class='ocrx_word' id='word_1_184' title='bbox 845 3133 1009 3182; x_wconf 79' lang='lat' dir='ltr'><strong>melior</strong></span> <span class='ocrx_word' id='word_1_185' title='bbox 1030 3148 1104 3196; x_wconf 91' lang='lat' dir='ltr'><strong>es,</strong></span> <span class='ocrx_word' id='word_1_186' title='bbox 1129 3134 1268 3198; x_wconf 89' lang='lat' dir='ltr'><strong>quod</strong></span> <span class='ocrx_word' id='word_1_187' title='bbox 1294 3136 1436 3184; x_wconf 75' lang='lat' dir='ltr'><strong>calles</strong></span> <span class='ocrx_word' id='word_1_188' title='bbox 1463 3136 1569 3183; x_wconf 81' lang='lat' dir='ltr'><strong>vias</strong></span> <span class='ocrx_word' id='word_1_189' title='bbox 1591 3134 1660 3184; x_wconf 84' lang='lat' dir='ltr'><strong>ad</strong></span> 
     </span>
     <span class='ocr_line' id='line_1_37' title="bbox 599 3206 1660 3276; baseline 0.005 -21"><span class='ocrx_word' id='word_1_190' title='bbox 599 3206 963 3271; x_wconf 87' lang='lat' dir='ltr'><strong>decipiendum</strong></span> <span class='ocrx_word' id='word_1_191' title='bbox 989 3210 1355 3260; x_wconf 82' lang='lat' dir='ltr'><strong>Menedemum</strong></span> <span class='ocrx_word' id='word_1_192' title='bbox 1389 3218 1441 3260; x_wconf 89' lang='lat' dir='ltr'><strong>et</strong></span> <span class='ocrx_word' id='word_1_193' title='bbox 1470 3212 1660 3276; x_wconf 84' lang='lat' dir='ltr'><strong>juvan-</strong></span> 
     </span>
     <span class='ocr_line' id='line_1_38' title="bbox 598 3282 1660 3351; baseline 0.007 -21"><span class='ocrx_word' id='word_1_194' title='bbox 598 3282 717 3331; x_wconf 88' lang='lat' dir='ltr'><strong>dum</strong></span> <span class='ocrx_word' id='word_1_195' title='bbox 743 3284 988 3350; x_wconf 89' lang='lat' dir='ltr'><strong>Cliniam)</strong></span> <span class='ocrx_word' id='word_1_196' title='bbox 1012 3287 1171 3348; x_wconf 84' lang='lat' dir='ltr'><strong>Syrus</strong></span> <span class='ocrx_word' id='word_1_197' title='bbox 1206 3286 1376 3336; x_wconf 89' lang='lat' dir='ltr'><strong>denuo</strong></span> <span class='ocrx_word' id='word_1_198' title='bbox 1411 3294 1660 3351; x_wconf 84' lang='lat' dir='ltr'><strong>expertu-</strong></span> 
     </span>
     <span class='ocr_line' id='line_1_39' title="bbox 600 3362 1661 3428; baseline 0.008 -21"><span class='ocrx_word' id='word_1_199' title='bbox 600 3375 684 3408; x_wconf 86' lang='lat' dir='ltr'><strong>rus</strong></span> <span class='ocrx_word' id='word_1_200' title='bbox 701 3362 810 3411; x_wconf 89' lang='lat' dir='ltr'><strong>heri</strong></span> <span class='ocrx_word' id='word_1_201' title='bbox 827 3363 1068 3424; x_wconf 83' lang='lat' dir='ltr'><strong>animum,</strong></span> <span class='ocrx_word' id='word_1_202' title='bbox 1082 3379 1174 3412; x_wconf 79' lang='lat' dir='ltr'><strong>mm</strong></span> <span class='ocrx_word' id='word_1_203' title='bbox 1192 3369 1263 3413; x_wconf 80' lang='lat' dir='ltr'><strong>est</strong></span> <span class='ocrx_word' id='word_1_204' title='bbox 1283 3364 1475 3414; x_wconf 73' lang='lat' dir='ltr'><strong>mentiri</strong></span> <span class='ocrx_word' id='word_1_205' title='bbox 1489 3380 1661 3428; x_wconf 78' lang='lat' dir='ltr'><strong>meum,</strong></span> 
     </span>
     <span class='ocr_line' id='line_1_40' title="bbox 597 3435 1661 3503; baseline 0.008 -20"><span class='ocrx_word' id='word_1_206' title='bbox 597 3435 782 3500; x_wconf 86' lang='lat' dir='ltr'><strong>iuquit.</strong></span> <span class='ocrx_word' id='word_1_207' title='bbox 819 3438 927 3486; x_wconf 83' lang='lat' dir='ltr'><strong>dixi</strong></span> <span class='ocrx_word' id='word_1_208' title='bbox 949 3440 1083 3503; x_wconf 91' lang='lat' dir='ltr'><strong>quod</strong></span> <span class='ocrx_word' id='word_1_209' title='bbox 1104 3455 1181 3489; x_wconf 87' lang='lat' dir='ltr'><strong>res</strong></span> <span class='ocrx_word' id='word_1_210' title='bbox 1203 3446 1305 3501; x_wconf 89' lang='lat' dir='ltr'><strong>est,</strong></span> <span class='ocrx_word' id='word_1_211' title='bbox 1326 3455 1445 3489; x_wconf 89' lang='lat' dir='ltr'><strong>cnm</strong></span> <span class='ocrx_word' id='word_1_212' title='bbox 1468 3442 1661 3492; x_wconf 87' lang='lat' dir='ltr'><strong>callere</strong></span> 
     </span>
     <span class='ocr_line' id='line_1_41' title="bbox 599 3514 1662 3581; baseline 0.007 -21"><span class='ocrx_word' id='word_1_213' title='bbox 599 3527 679 3561; x_wconf 90' lang='lat' dir='ltr'><strong>me</strong></span> <span class='ocrx_word' id='word_1_214' title='bbox 710 3514 962 3565; x_wconf 87' lang='lat' dir='ltr'><strong>rationem</strong></span> <span class='ocrx_word' id='word_1_215' title='bbox 992 3515 1222 3574; x_wconf 66' lang='lat' dir='ltr'><strong>fingendi</strong></span> <span class='ocrx_word' id='word_1_216' title='bbox 1255 3517 1475 3581; x_wconf 83' lang='lat' dir='ltr'><strong>aliquam</strong></span> <span class='ocrx_word' id='word_1_217' title='bbox 1500 3517 1662 3568; x_wconf 86' lang='lat' dir='ltr'><strong>fabri-</strong></span> 
     </span>
     <span class='ocr_line' id='line_1_42' title="bbox 600 3588 1660 3658; baseline 0.008 -23"><span class='ocrx_word' id='word_1_218' title='bbox 600 3603 713 3636; x_wconf 88' lang='lat' dir='ltr'><strong>cam</strong></span> <span class='ocrx_word' id='word_1_219' title='bbox 745 3588 868 3638; x_wconf 82' lang='lat' dir='ltr'><strong>dixi.</strong></span> <span class='ocrx_word' id='word_1_220' title='bbox 902 3591 990 3639; x_wconf 89' lang='lat' dir='ltr'><strong>illa</strong></span> <span class='ocrx_word' id='word_1_221' title='bbox 1027 3591 1142 3654; x_wconf 89' lang='lat' dir='ltr'><strong>ipsa</strong></span> <span class='ocrx_word' id='word_1_222' title='bbox 1173 3600 1347 3642; x_wconf 89' lang='lat' dir='ltr'><strong>tamen</strong></span> <span class='ocrx_word' id='word_1_223' title='bbox 1385 3593 1660 3658; x_wconf 85' lang='lat' dir='ltr'><strong>magnifica</strong></span> 
     </span>
     <span class='ocr_line' id='line_1_43' title="bbox 599 3666 1660 3729; baseline 0.008 -18"><span class='ocrx_word' id='word_1_224' title='bbox 599 3666 1000 3717; x_wconf 65' lang='lat' dir='ltr'><strong>asseverationis</strong></span> <span class='ocrx_word' id='word_1_225' title='bbox 1023 3667 1247 3729; x_wconf 85' lang='lat' dir='ltr'><strong>species,</strong></span> <span class='ocrx_word' id='word_1_226' title='bbox 1269 3670 1463 3719; x_wconf 76' lang='lat' dir='ltr'><strong>mentiri</strong></span> <span class='ocrx_word' id='word_1_227' title='bbox 1477 3686 1571 3719; x_wconf 75' lang='lat' dir='ltr'><strong>non</strong></span> <span class='ocrx_word' id='word_1_228' title='bbox 1587 3676 1660 3719; x_wconf 74' lang='lat' dir='ltr'><strong>est</strong></span> 
     </span>
     <span class='ocr_line' id='line_1_44' title="bbox 597 3742 1658 3805; baseline 0.008 -17"><span class='ocrx_word' id='word_1_229' title='bbox 597 3755 767 3799; x_wconf 83' lang='lat' dir='ltr'><strong>meum,</strong></span> <span class='ocrx_word' id='word_1_230' title='bbox 800 3756 917 3791; x_wconf 91' lang='lat' dir='ltr'><strong>cum</strong></span> <span class='ocrx_word' id='word_1_231' title='bbox 955 3742 1153 3793; x_wconf 81' lang='lat' dir='ltr'><strong>subrisu</strong></span> <span class='ocrx_word' id='word_1_232' title='bbox 1194 3742 1452 3805; x_wconf 57' lang='lat' dir='ltr'><strong>infertum</strong></span> <span class='ocrx_word' id='word_1_233' title='bbox 1503 3754 1564 3796; x_wconf 88' lang='lat' dir='ltr'><strong>nt</strong></span> <span class='ocrx_word' id='word_1_234' title='bbox 1604 3748 1658 3796; x_wconf 89' lang='lat' dir='ltr'><strong>in</strong></span> 
     </span>
     <span class='ocr_line' id='line_1_45' title="bbox 598 3813 1662 3887; baseline 0.009 -25"><span class='ocrx_word' id='word_1_235' title='bbox 598 3813 810 3876; x_wconf 78' lang='lat' dir='ltr'><strong>figuram</strong></span> <span class='ocrx_word' id='word_1_236' title='bbox 848 3819 981 3866; x_wconf 86' lang='lat' dir='ltr'><strong>verti</strong></span> <span class='ocrx_word' id='word_1_237' title='bbox 1024 3818 1207 3882; x_wconf 83' lang='lat' dir='ltr'><strong>possit,</strong></span> <span class='ocrx_word' id='word_1_238' title='bbox 1241 3821 1284 3870; x_wconf 93' lang='lat' dir='ltr'><strong>si</strong></span> <span class='ocrx_word' id='word_1_239' title='bbox 1319 3836 1438 3871; x_wconf 86' lang='lat' dir='ltr'><strong>usus</strong></span> <span class='ocrx_word' id='word_1_240' title='bbox 1465 3823 1662 3887; x_wconf 86' lang='lat' dir='ltr'><strong>veniat,</strong></span> 
     </span>
     <span class='ocr_line' id='line_1_46' title="bbox 598 3889 1659 3953; baseline 0.009 -17"><span class='ocrx_word' id='word_1_241' title='bbox 598 3889 840 3953; x_wconf 88' lang='lat' dir='ltr'><strong>quicquid</strong></span> <span class='ocrx_word' id='word_1_242' title='bbox 878 3892 1135 3941; x_wconf 85' lang='lat' dir='ltr'><strong>libertatis</strong></span> <span class='ocrx_word' id='word_1_243' title='bbox 1172 3901 1227 3944; x_wconf 91' lang='lat' dir='ltr'><strong>et</strong></span> <span class='ocrx_word' id='word_1_244' title='bbox 1263 3896 1659 3946; x_wconf 79' lang='lat' dir='ltr'><strong>asseverationis</strong></span> 
     </span>
     <span class='ocr_line' id='line_1_47' title="bbox 597 3969 1658 4032; baseline 0.007 -17"><span class='ocrx_word' id='word_1_245' title='bbox 597 3973 904 4017; x_wconf 85' lang='lat' dir='ltr'><strong>ostentatur.</strong></span> <span class='ocrx_word' id='word_1_246' title='bbox 941 3969 1114 4032; x_wconf 84' lang='lat' dir='ltr'><strong>pergit</strong></span> <span class='ocrx_word' id='word_1_247' title='bbox 1137 3984 1298 4021; x_wconf 87' lang='lat' dir='ltr'><strong>senex</strong></span> <span class='ocrx_word' id='word_1_248' title='bbox 1321 3972 1537 4022; x_wconf 87' lang='lat' dir='ltr'><strong>consilio</strong></span> <span class='ocrx_word' id='word_1_249' title='bbox 1563 3973 1658 4022; x_wconf 88' lang='lat' dir='ltr'><strong>im-</strong></span> 
     </span>
     <span class='ocr_line' id='line_1_48' title="bbox 599 4041 1658 4110; baseline 0.012 -22"><span class='ocrx_word' id='word_1_250' title='bbox 599 4041 795 4103; x_wconf 82' lang='lat' dir='ltr'><strong>perium</strong></span> <span class='ocrx_word' id='word_1_251' title='bbox 840 4042 1051 4105; x_wconf 88' lang='lat' dir='ltr'><strong>addere,</strong></span> <span class='ocrx_word' id='word_1_252' title='bbox 1106 4045 1238 4108; x_wconf 86' lang='lat' dir='ltr'><strong>quod</strong></span> <span class='ocrx_word' id='word_1_253' title='bbox 1285 4054 1658 4110; x_wconf 83' lang='lat' dir='ltr'><strong>expectaverat</strong></span> 
     </span>
     <span class='ocr_line' id='line_1_49' title="bbox 596 4117 1656 4186; baseline 0.009 -23"><span class='ocrx_word' id='word_1_254' title='bbox 596 4117 756 4179; x_wconf 82' lang='lat' dir='ltr'><strong>Syrus</strong></span> <span class='ocrx_word' id='word_1_255' title='bbox 777 4135 789 4167; x_wconf 72' lang='grc' dir='ltr'><strong><em>ι</em></strong></span> <span class='ocrx_word' id='word_1_256' title='bbox 811 4118 900 4177; x_wconf 82' lang='lat' dir='ltr'><strong>sac</strong></span> <span class='ocrx_word' id='word_1_257' title='bbox 920 4133 1050 4180; x_wconf 82' lang='lat' dir='ltr'><strong>ergo.</strong></span> <span class='ocrx_word' id='word_1_258' title='bbox 1087 4125 1196 4170; x_wconf 89' lang='lat' dir='ltr'><strong>tum</strong></span> <span class='ocrx_word' id='word_1_259' title='bbox 1214 4121 1416 4171; x_wconf 89' lang='lat' dir='ltr'><strong>demum</strong></span> <span class='ocrx_word' id='word_1_260' title='bbox 1445 4125 1656 4186; x_wconf 87' lang='lat' dir='ltr'><strong>propius</strong></span> 
     </span>
     <span class='ocr_line' id='line_1_50' title="bbox 598 4194 1655 4262; baseline 0.008 -22"><span class='ocrx_word' id='word_1_261' title='bbox 598 4194 765 4256; x_wconf 83' lang='lat' dir='ltr'><strong>tangit</strong></span> <span class='ocrx_word' id='word_1_262' title='bbox 788 4196 921 4243; x_wconf 87' lang='lat' dir='ltr'><strong>senis</strong></span> <span class='ocrx_word' id='word_1_263' title='bbox 941 4196 1164 4245; x_wconf 88' lang='lat' dir='ltr'><strong>animum</strong></span> <span class='ocrx_word' id='word_1_264' title='bbox 1182 4200 1549 4262; x_wconf 81' lang='lat' dir='ltr'><strong>exploratque,</strong></span> <span class='ocrx_word' id='word_1_265' title='bbox 1563 4199 1655 4248; x_wconf 85' lang='lat' dir='ltr'><strong>sed</strong></span> 
     </span>
     <span class='ocr_line' id='line_1_51' title="bbox 598 4270 1658 4340; baseline 0.007 -22"><span class='ocrx_word' id='word_1_266' title='bbox 598 4270 979 4337; x_wconf 73' lang='lat' dir='ltr'><strong>elegantissima</strong></span> <span class='ocrx_word' id='word_1_267' title='bbox 994 4270 1252 4339; x_wconf 71' lang='grc' dir='ltr'><strong><em>οἷκονομίᾳ;</em></strong></span> <span class='ocrx_word' id='word_1_268' title='bbox 1278 4280 1334 4324; x_wconf 91' lang='lat' dir='ltr'><strong>ut</strong></span> <span class='ocrx_word' id='word_1_269' title='bbox 1351 4274 1658 4340; x_wconf 84' lang='lat' dir='ltr'><strong>praedicere,</strong></span> 
     </span>
    </p>
   </div>
   <div class='ocr_carea' id='block_1_5' title="bbox 1291 388 2084 443">
    <p class='ocr_par' dir='ltr' id='par_1_10' title="bbox 1291 388 2084 443">
     <span class='ocr_line' id='line_1_52' title="bbox 1291 388 2084 443; baseline -0.004 -1"><span class='ocrx_word' id='word_1_270' title='bbox 1291 393 1505 443; x_wconf 65' lang='lat' dir='ltr'><strong>⁸01·AE</strong></span> <span class='ocrx_word' id='word_1_271' title='bbox 1554 390 1955 440; x_wconf 70' lang='lat' dir='ltr'><strong>vammum</strong></span> <span class='ocrx_word' id='word_1_272' title='bbox 2002 388 2084 439; x_wconf 75' lang='lat' dir='ltr'><strong>nl</strong></span> 
     </span>
    </p>
   </div>
   <div class='ocr_carea' id='block_1_6' title="bbox 1727 523 2784 4339">
    <p class='ocr_par' dir='ltr' id='par_1_11' title="bbox 1727 523 2780 2127">
     <span class='ocr_line' id='line_1_53' title="bbox 1732 523 2774 581; baseline -0.009 1"><span class='ocrx_word' id='word_1_273' title='bbox 1732 539 1789 581; x_wconf 89' lang='lat' dir='ltr'><strong>et</strong></span> <span class='ocrx_word' id='word_1_274' title='bbox 1828 530 2136 581; x_wconf 83' lang='lat' dir='ltr'><strong>denuntiare</strong></span> <span class='ocrx_word' id='word_1_275' title='bbox 2173 527 2414 579; x_wconf 76' lang='lat' dir='ltr'><strong>videatur</strong></span> <span class='ocrx_word' id='word_1_276' title='bbox 2445 527 2571 577; x_wconf 80' lang='lat' dir='ltr'><strong>nihil</strong></span> <span class='ocrx_word' id='word_1_277' title='bbox 2602 523 2774 575; x_wconf 81' lang='lat' dir='ltr'><strong>intelli-</strong></span> 
     </span>
     <span class='ocr_line' id='line_1_54' title="bbox 1732 607 2773 673; baseline -0.008 -14"><span class='ocrx_word' id='word_1_278' title='bbox 1732 609 1881 673; x_wconf 76' lang='lat' dir='ltr'><strong>genti</strong></span> <span class='ocrx_word' id='word_1_279' title='bbox 1923 607 2181 666; x_wconf 82' lang='lat' dir='ltr'><strong>fraudem,</strong></span> <span class='ocrx_word' id='word_1_280' title='bbox 2221 620 2342 670; x_wconf 66' lang='lat' dir='ltr'><strong>qum</strong></span> <span class='ocrx_word' id='word_1_281' title='bbox 2394 620 2528 654; x_wconf 90' lang='lat' dir='ltr'><strong>nunc</strong></span> <span class='ocrx_word' id='word_1_282' title='bbox 2575 612 2631 653; x_wconf 81' lang='lat' dir='ltr'><strong>ut</strong></span> <span class='ocrx_word' id='word_1_283' title='bbox 2669 615 2773 651; x_wconf 76' lang='lat' dir='ltr'><strong>cun</strong></span> 
     </span>
     <span class='ocr_line' id='line_1_55' title="bbox 1731 678 2773 748; baseline -0.007 -13"><span class='ocrx_word' id='word_1_284' title='bbox 1731 687 1950 736; x_wconf 77' lang='lat' dir='ltr'><strong>maxime</strong></span> <span class='ocrx_word' id='word_1_285' title='bbox 1979 683 2292 748; x_wconf 64' lang='lat' dir='ltr'><strong>agitabatur.</strong></span> <span class='ocrx_word' id='word_1_286' title='bbox 2327 682 2413 732; x_wconf 89' lang='lat' dir='ltr'><strong>hic</strong></span> <span class='ocrx_word' id='word_1_287' title='bbox 2434 681 2671 731; x_wconf 85' lang='lat' dir='ltr'><strong>nimirum</strong></span> <span class='ocrx_word' id='word_1_288' title='bbox 2689 678 2773 741; x_wconf 77' lang='lat' dir='ltr'><strong>Sy-</strong></span> 
     </span>
     <span class='ocr_line' id='line_1_56' title="bbox 1730 756 2775 825; baseline -0.008 -14"><span class='ocrx_word' id='word_1_289' title='bbox 1730 776 1818 811; x_wconf 83' lang='lat' dir='ltr'><strong>rus</strong></span> <span class='ocrx_word' id='word_1_290' title='bbox 1858 768 2067 825; x_wconf 86' lang='lat' dir='ltr'><strong>poterat</strong></span> <span class='ocrx_word' id='word_1_291' title='bbox 2111 758 2301 807; x_wconf 90' lang='lat' dir='ltr'><strong>deinde</strong></span> <span class='ocrx_word' id='word_1_292' title='bbox 2340 771 2459 807; x_wconf 86' lang='lat' dir='ltr'><strong>vere</strong></span> <span class='ocrx_word' id='word_1_293' title='bbox 2507 764 2561 806; x_wconf 90' lang='lat' dir='ltr'><strong>et</strong></span> <span class='ocrx_word' id='word_1_294' title='bbox 2601 756 2775 806; x_wconf 72' lang='lat' dir='ltr'><strong>merite</strong></span> 
     </span>
     <span class='ocr_line' id='line_1_57' title="bbox 1730 833 2773 902; baseline -0.009 -13"><span class='ocrx_word' id='word_1_295' title='bbox 1730 838 1929 899; x_wconf 84' lang='lat' dir='ltr'><strong>dicere,</strong></span> <span class='ocrx_word' id='word_1_296' title='bbox 1953 837 2089 902; x_wconf 84' lang='lat' dir='ltr'><strong>quod</strong></span> <span class='ocrx_word' id='word_1_297' title='bbox 2124 836 2180 885; x_wconf 91' lang='lat' dir='ltr'><strong>in</strong></span> <span class='ocrx_word' id='word_1_298' title='bbox 2209 833 2408 884; x_wconf 86' lang='lat' dir='ltr'><strong>Andria</strong></span> <span class='ocrx_word' id='word_1_299' title='bbox 2442 837 2642 894; x_wconf 82' lang='lat' dir='ltr'><strong>Davus,</strong></span> <span class='ocrx_word' id='word_1_300' title='bbox 2671 845 2773 881; x_wconf 85' lang='lat' dir='ltr'><strong>cum</strong></span> 
     </span>
     <span class='ocr_line' id='line_1_58' title="bbox 1733 907 2776 979; baseline -0.009 -15"><span class='ocrx_word' id='word_1_301' title='bbox 1733 915 1856 979; x_wconf 87' lang='lat' dir='ltr'><strong>quid</strong></span> <span class='ocrx_word' id='word_1_302' title='bbox 1881 913 2021 966; x_wconf 81' lang='lat' dir='ltr'><strong>aliud</strong></span> <span class='ocrx_word' id='word_1_303' title='bbox 2044 913 2248 962; x_wconf 85' lang='lat' dir='ltr'><strong>diceret</strong></span> <span class='ocrx_word' id='word_1_304' title='bbox 2277 926 2380 962; x_wconf 89' lang='lat' dir='ltr'><strong>uon</strong></span> <span class='ocrx_word' id='word_1_305' title='bbox 2412 910 2647 969; x_wconf 84' lang='lat' dir='ltr'><strong>haberet,</strong></span> <span class='ocrx_word' id='word_1_306' title='bbox 2662 907 2776 956; x_wconf 87' lang='lat' dir='ltr'><strong>hero</strong></span> 
     </span>
     <span class='ocr_line' id='line_1_59' title="bbox 1731 986 2775 1042; baseline -0.007 0"><span class='ocrx_word' id='word_1_307' title='bbox 1731 990 2058 1042; x_wconf 81' lang='lat' dir='ltr'><strong>obnuntiavit</strong></span> <span class='ocrx_word' id='word_1_308' title='bbox 2074 1006 2089 1035; x_wconf 73' lang='grc' dir='ltr'><strong><em>ε</em></strong></span> <span class='ocrx_word' id='word_1_309' title='bbox 2123 990 2141 1017; x_wconf 85' lang='lat'>‘</span> <span class='ocrx_word' id='word_1_310' title='bbox 2164 988 2329 1040; x_wconf 84' lang='lat' dir='ltr'><strong>Quasi</strong></span> <span class='ocrx_word' id='word_1_311' title='bbox 2353 1001 2455 1037; x_wconf 88' lang='lat' dir='ltr'><strong>nou</strong></span> <span class='ocrx_word' id='word_1_312' title='bbox 2479 986 2577 1035; x_wconf 85' lang='lat' dir='ltr'><strong>tibi</strong></span> <span class='ocrx_word' id='word_1_313' title='bbox 2607 998 2775 1035; x_wconf 81' lang='lat' dir='ltr'><strong>renuu-</strong></span> 
     </span>
     <span class='ocr_line' id='line_1_60' title="bbox 1733 1062 2778 1128; baseline -0.006 -11"><span class='ocrx_word' id='word_1_314' title='bbox 1733 1068 1863 1117; x_wconf 88' lang='lat' dir='ltr'><strong>tiata</strong></span> <span class='ocrx_word' id='word_1_315' title='bbox 1885 1067 1991 1115; x_wconf 88' lang='lat' dir='ltr'><strong>sint</strong></span> <span class='ocrx_word' id='word_1_316' title='bbox 2022 1066 2153 1128; x_wconf 83' lang='lat' dir='ltr'><strong>haec,</strong></span> <span class='ocrx_word' id='word_1_317' title='bbox 2187 1065 2264 1114; x_wconf 86' lang='lat' dir='ltr'><strong>sic</strong></span> <span class='ocrx_word' id='word_1_318' title='bbox 2292 1064 2442 1114; x_wconf 85' lang='lat' dir='ltr'><strong>fore.&#39;</strong></span> <span class='ocrx_word' id='word_1_319' title='bbox 2474 1072 2531 1113; x_wconf 85' lang='lat' dir='ltr'><strong>et</strong></span> <span class='ocrx_word' id='word_1_320' title='bbox 2553 1062 2688 1127; x_wconf 82' lang='lat' dir='ltr'><strong>quod</strong></span> <span class='ocrx_word' id='word_1_321' title='bbox 2707 1076 2778 1111; x_wconf 83' lang='lat' dir='ltr'><strong>se·</strong></span> 
     </span>
     <span class='ocr_line' id='line_1_61' title="bbox 1731 1140 2778 1208; baseline -0.006 -15"><span class='ocrx_word' id='word_1_322' title='bbox 1731 1144 1944 1208; x_wconf 81' lang='lat' dir='ltr'><strong>quitur:</strong></span> <span class='ocrx_word' id='word_1_323' title='bbox 1978 1142 1995 1170; x_wconf 80' lang='lat'><em>⁴</em></span> <span class='ocrx_word' id='word_1_324' title='bbox 2019 1142 2131 1191; x_wconf 86' lang='lat' dir='ltr'><strong>Eho</strong></span> <span class='ocrx_word' id='word_1_325' title='bbox 2164 1156 2230 1189; x_wconf 89' lang='lat' dir='ltr'><strong>an</strong></span> <span class='ocrx_word' id='word_1_326' title='bbox 2274 1149 2387 1191; x_wconf 88' lang='lat' dir='ltr'><strong>tute</strong></span> <span class='ocrx_word' id='word_1_327' title='bbox 2421 1140 2674 1191; x_wconf 88' lang='lat' dir='ltr'><strong>intellexti</strong></span> <span class='ocrx_word' id='word_1_328' title='bbox 2694 1140 2778 1188; x_wconf 85' lang='lat' dir='ltr'><strong>hoc</strong></span> 
     </span>
     <span class='ocr_line' id='line_1_62' title="bbox 1728 1215 2775 1278; baseline -0.006 -10"><span class='ocrx_word' id='word_1_329' title='bbox 1728 1218 2076 1269; x_wconf 87' lang='lat' dir='ltr'><strong>assimularier</strong></span> <span class='ocrx_word' id='word_1_330' title='bbox 2088 1215 2123 1266; x_wconf 84' lang='lat'><strong>?’</strong></span> <span class='ocrx_word' id='word_1_331' title='bbox 2196 1217 2391 1266; x_wconf 85' lang='lat' dir='ltr'><strong>Iterum</strong></span> <span class='ocrx_word' id='word_1_332' title='bbox 2440 1223 2616 1266; x_wconf 88' lang='lat' dir='ltr'><strong>autem</strong></span> <span class='ocrx_word' id='word_1_333' title='bbox 2657 1215 2775 1278; x_wconf 81' lang='lat' dir='ltr'><strong>Syro</strong></span> 
     </span>
     <span class='ocr_line' id='line_1_63' title="bbox 1727 1290 2780 1362; baseline -0.007 -14"><span class='ocrx_word' id='word_1_334' title='bbox 1727 1297 1789 1349; x_wconf 73' lang='grc' dir='ltr'><strong>τὸ</strong></span> <span class='ocrx_word' id='word_1_335' title='bbox 1808 1294 2205 1362; x_wconf 52' lang='lat' dir='ltr'><strong>&#39;mmuh</strong></span> <span class='ocrx_word' id='word_1_336' title='bbox 2237 1310 2331 1358; x_wconf 90' lang='lat' dir='ltr'><strong>pro</strong></span> <span class='ocrx_word' id='word_1_337' title='bbox 2362 1295 2508 1343; x_wconf 80' lang='lat' dir='ltr'><strong>larva</strong></span> <span class='ocrx_word' id='word_1_338' title='bbox 2528 1302 2640 1343; x_wconf 77' lang='lat' dir='ltr'><strong>est:</strong></span> <span class='ocrx_word' id='word_1_339' title='bbox 2670 1293 2685 1319; x_wconf 93' lang='lat'>‘</span> <span class='ocrx_word' id='word_1_340' title='bbox 2713 1290 2780 1341; x_wconf 84' lang='lat' dir='ltr'><strong>At</strong></span> 
     </span>
     <span class='ocr_line' id='line_1_64' title="bbox 1728 1370 2777 1435; baseline -0.007 -11"><span class='ocrx_word' id='word_1_341' title='bbox 1728 1376 1855 1424; x_wconf 89' lang='lat' dir='ltr'><strong>heus</strong></span> <span class='ocrx_word' id='word_1_342' title='bbox 1886 1382 1963 1435; x_wconf 91' lang='lat' dir='ltr'><strong>tu,</strong></span> <span class='ocrx_word' id='word_1_343' title='bbox 1997 1371 2156 1422; x_wconf 81' lang='lat' dir='ltr'><strong>facito</strong></span> <span class='ocrx_word' id='word_1_344' title='bbox 2189 1379 2246 1420; x_wconf 88' lang='lat' dir='ltr'><strong>ut</strong></span> <span class='ocrx_word' id='word_1_345' title='bbox 2281 1370 2618 1421; x_wconf 86' lang='lat' dir='ltr'><strong>memineris.’</strong></span> <span class='ocrx_word' id='word_1_346' title='bbox 2649 1376 2777 1420; x_wconf 86' lang='lat' dir='ltr'><strong>etne</strong></span> 
     </span>
     <span class='ocr_line' id='line_1_65' title="bbox 1729 1446 2778 1516; baseline -0.008 -16"><span class='ocrx_word' id='word_1_347' title='bbox 1729 1450 1853 1516; x_wconf 85' lang='lat' dir='ltr'><strong>quid</strong></span> <span class='ocrx_word' id='word_1_348' title='bbox 1870 1449 1936 1500; x_wconf 89' lang='lat' dir='ltr'><strong>ad</strong></span> <span class='ocrx_word' id='word_1_349' title='bbox 1949 1447 2232 1498; x_wconf 89' lang='lat' dir='ltr'><strong>ornandum</strong></span> <span class='ocrx_word' id='word_1_350' title='bbox 2247 1446 2454 1498; x_wconf 86' lang='lat' dir='ltr'><strong>mimum</strong></span> <span class='ocrx_word' id='word_1_351' title='bbox 2470 1447 2625 1508; x_wconf 84' lang='lat' dir='ltr'><strong>desit,</strong></span> <span class='ocrx_word' id='word_1_352' title='bbox 2637 1446 2778 1495; x_wconf 87' lang='lat' dir='ltr'><strong>etiam</strong></span> 
     </span>
     <span class='ocr_line' id='line_1_66' title="bbox 1729 1522 2780 1589; baseline -0.006 -12"><span class='ocrx_word' id='word_1_353' title='bbox 1729 1527 2019 1577; x_wconf 85' lang='lat' dir='ltr'><strong>sententias</strong></span> <span class='ocrx_word' id='word_1_354' title='bbox 2070 1525 2300 1589; x_wconf 88' lang='lat' dir='ltr'><strong>loquitur</strong></span> <span class='ocrx_word' id='word_1_355' title='bbox 2350 1523 2622 1574; x_wconf 82' lang='lat' dir='ltr'><strong>carnifex:</strong></span> <span class='ocrx_word' id='word_1_356' title='bbox 2676 1525 2690 1551; x_wconf 90' lang='lat'>‘</span> <span class='ocrx_word' id='word_1_357' title='bbox 2714 1522 2780 1571; x_wconf 83' lang='lat' dir='ltr'><strong>Ut</strong></span> 
     </span>
     <span class='ocr_line' id='line_1_67' title="bbox 1731 1598 2779 1665; baseline -0.006 -12"><span class='ocrx_word' id='word_1_358' title='bbox 1731 1612 1850 1654; x_wconf 88' lang='lat' dir='ltr'><strong>sunt</strong></span> <span class='ocrx_word' id='word_1_359' title='bbox 1872 1600 2132 1653; x_wconf 75' lang='lat' dir='ltr'><strong>hnmana.²</strong></span> <span class='ocrx_word' id='word_1_360' title='bbox 2150 1600 2290 1665; x_wconf 85' lang='lat' dir='ltr'><strong>quod</strong></span> <span class='ocrx_word' id='word_1_361' title='bbox 2311 1601 2398 1650; x_wconf 90' lang='lat' dir='ltr'><strong>alii</strong></span> <span class='ocrx_word' id='word_1_362' title='bbox 2423 1615 2563 1650; x_wconf 90' lang='lat' dir='ltr'><strong>nnnc</strong></span> <span class='ocrx_word' id='word_1_363' title='bbox 2585 1598 2779 1659; x_wconf 87' lang='lat' dir='ltr'><strong>accidit,</strong></span> 
     </span>
     <span class='ocr_line' id='line_1_68' title="bbox 1733 1681 2777 1745; baseline -0.005 -13"><span class='ocrx_word' id='word_1_364' title='bbox 1733 1682 1828 1732; x_wconf 88' lang='lat' dir='ltr'><strong>tibi</strong></span> <span class='ocrx_word' id='word_1_365' title='bbox 1862 1682 2101 1732; x_wconf 87' lang='lat' dir='ltr'><strong>accidere</strong></span> <span class='ocrx_word' id='word_1_366' title='bbox 2137 1689 2328 1745; x_wconf 83' lang='lat' dir='ltr'><strong>potest.</strong></span> <span class='ocrx_word' id='word_1_367' title='bbox 2362 1695 2511 1730; x_wconf 86' lang='lat' dir='ltr'><strong>more</strong></span> <span class='ocrx_word' id='word_1_368' title='bbox 2541 1681 2777 1731; x_wconf 80' lang='lat' dir='ltr'><strong>hominum</strong></span> 
     </span>
     <span class='ocr_line' id='line_1_69' title="bbox 1732 1753 2776 1822; baseline -0.006 -13"><span class='ocrx_word' id='word_1_369' title='bbox 1732 1761 1928 1816; x_wconf 80' lang='lat' dir='ltr'><strong>evenit,</strong></span> <span class='ocrx_word' id='word_1_370' title='bbox 1969 1760 2012 1809; x_wconf 87' lang='lat' dir='ltr'><strong>si</strong></span> <span class='ocrx_word' id='word_1_371' title='bbox 2054 1758 2353 1808; x_wconf 87' lang='lat' dir='ltr'><strong>adolescens</strong></span> <span class='ocrx_word' id='word_1_372' title='bbox 2396 1758 2584 1822; x_wconf 88' lang='lat' dir='ltr'><strong>aliquis</strong></span> <span class='ocrx_word' id='word_1_373' title='bbox 2634 1753 2776 1806; x_wconf 85' lang='lat' dir='ltr'><strong>amori</strong></span> 
     </span>
     <span class='ocr_line' id='line_1_70' title="bbox 1733 1830 2779 1899; baseline -0.008 -14"><span class='ocrx_word' id='word_1_374' title='bbox 1733 1836 1823 1885; x_wconf 85' lang='lat' dir='ltr'><strong>dat</strong></span> <span class='ocrx_word' id='word_1_375' title='bbox 1840 1850 2068 1899; x_wconf 86' lang='lat' dir='ltr'><strong>operam,</strong></span> <span class='ocrx_word' id='word_1_376' title='bbox 2086 1836 2185 1884; x_wconf 72' lang='grc' dir='ltr'><strong>διε.</strong></span> <span class='ocrx_word' id='word_1_377' title='bbox 2219 1835 2352 1886; x_wconf 78' lang='lat' dir='ltr'><strong>Quoe</strong></span> <span class='ocrx_word' id='word_1_378' title='bbox 2369 1834 2422 1882; x_wconf 91' lang='lat' dir='ltr'><strong>in</strong></span> <span class='ocrx_word' id='word_1_379' title='bbox 2440 1830 2779 1898; x_wconf 82' lang='lat' dir='ltr'><strong>sequentibus.</strong></span> 
     </span>
     <span class='ocr_line' id='line_1_71' title="bbox 1733 1912 2776 1977; baseline -0.008 -15"><span class='ocrx_word' id='word_1_380' title='bbox 1733 1913 1828 1962; x_wconf 88' lang='lat' dir='ltr'><strong>sub</strong></span> <span class='ocrx_word' id='word_1_381' title='bbox 1852 1914 2030 1977; x_wconf 87' lang='lat' dir='ltr'><strong>specie</strong></span> <span class='ocrx_word' id='word_1_382' title='bbox 2053 1912 2232 1975; x_wconf 82' lang='lat' dir='ltr'><strong>futuri,</strong></span> <span class='ocrx_word' id='word_1_383' title='bbox 2256 1926 2445 1962; x_wconf 77' lang='lat' dir='ltr'><strong>revera</strong></span> <span class='ocrx_word' id='word_1_384' title='bbox 2474 1926 2569 1975; x_wconf 89' lang='lat' dir='ltr'><strong>per</strong></span> <span class='ocrx_word' id='word_1_385' title='bbox 2591 1922 2776 1959; x_wconf 86' lang='lat' dir='ltr'><strong>accura-</strong></span> 
     </span>
     <span class='ocr_line' id='line_1_72' title="bbox 1734 1987 2778 2053; baseline -0.006 -14"><span class='ocrx_word' id='word_1_386' title='bbox 1734 2001 1840 2039; x_wconf 85' lang='lat' dir='ltr'><strong>tam</strong></span> <span class='ocrx_word' id='word_1_387' title='bbox 1862 1989 2150 2053; x_wconf 79' lang='lat' dir='ltr'><strong>apologiam</strong></span> <span class='ocrx_word' id='word_1_388' title='bbox 2168 2002 2365 2050; x_wconf 86' lang='lat' dir='ltr'><strong>eorum,</strong></span> <span class='ocrx_word' id='word_1_389' title='bbox 2384 2002 2506 2052; x_wconf 81' lang='lat' dir='ltr'><strong>quae</strong></span> <span class='ocrx_word' id='word_1_390' title='bbox 2532 1987 2645 2050; x_wconf 89' lang='lat' dir='ltr'><strong>jam</strong></span> <span class='ocrx_word' id='word_1_391' title='bbox 2675 1997 2778 2034; x_wconf 81' lang='lat' dir='ltr'><strong>eve·</strong></span> 
     </span>
     <span class='ocr_line' id='line_1_73' title="bbox 1733 2064 2572 2127; baseline -0.002 -14"><span class='ocrx_word' id='word_1_392' title='bbox 1733 2073 1938 2127; x_wconf 87' lang='lat' dir='ltr'><strong>nerant,</strong></span> <span class='ocrx_word' id='word_1_393' title='bbox 1957 2071 2267 2114; x_wconf 86' lang='lat' dir='ltr'><strong>tractantur.</strong></span> <span class='ocrx_word' id='word_1_394' title='bbox 2303 2064 2572 2114; x_wconf 72' lang='lat' dir='ltr'><strong>Boeclerus.</strong></span> 
     </span>
    </p>

    <p class='ocr_par' dir='ltr' id='par_1_12' title="bbox 1732 2140 2778 2282">
     <span class='ocr_line' id='line_1_74' title="bbox 1797 2140 2778 2204; baseline -0.006 -13"><span class='ocrx_word' id='word_1_395' title='bbox 1797 2146 1860 2192; x_wconf 77' lang='lat'><strong>8⁷</strong></span> <span class='ocrx_word' id='word_1_396' title='bbox 1897 2140 2082 2204; x_wconf 77' lang='lat' dir='ltr'><strong>Culleo]</strong></span> <span class='ocrx_word' id='word_1_397' title='bbox 2116 2141 2328 2190; x_wconf 87' lang='lat' dir='ltr'><strong>Peritus</strong></span> <span class='ocrx_word' id='word_1_398' title='bbox 2361 2145 2418 2189; x_wconf 89' lang='lat' dir='ltr'><strong>et</strong></span> <span class='ocrx_word' id='word_1_399' title='bbox 2452 2140 2643 2190; x_wconf 86' lang='lat' dir='ltr'><strong>doctus</strong></span> <span class='ocrx_word' id='word_1_400' title='bbox 2665 2150 2778 2186; x_wconf 81' lang='lat' dir='ltr'><strong>sum.</strong></span> 
     </span>
     <span class='ocr_line' id='line_1_75' title="bbox 1732 2219 2060 2282; baseline -0.006 -13"><span class='ocrx_word' id='word_1_401' title='bbox 1732 2219 2060 2282; x_wconf 65' lang='lat' dir='ltr'><strong>Bagrapaius.</strong></span> 
     </span>
    </p>

    <p class='ocr_par' dir='ltr' id='par_1_13' title="bbox 1733 2288 2780 2498">
     <span class='ocr_line' id='line_1_76' title="bbox 1797 2288 2779 2356; baseline -0.004 -13"><span class='ocrx_word' id='word_1_402' title='bbox 1797 2298 1863 2343; x_wconf 71' lang='lat'><strong>38</strong></span> <span class='ocrx_word' id='word_1_403' title='bbox 1907 2296 2022 2343; x_wconf 70' lang='lat' dir='ltr'><strong>Non</strong></span> <span class='ocrx_word' id='word_1_404' title='bbox 2063 2300 2137 2344; x_wconf 76' lang='lat' dir='ltr'><strong>est</strong></span> <span class='ocrx_word' id='word_1_405' title='bbox 2178 2294 2375 2343; x_wconf 73' lang='lat' dir='ltr'><strong>mentiri</strong></span> <span class='ocrx_word' id='word_1_406' title='bbox 2411 2293 2597 2356; x_wconf 72' lang='lat' dir='ltr'><strong>meum]</strong></span> <span class='ocrx_word' id='word_1_407' title='bbox 2652 2288 2779 2341; x_wconf 77' lang='lat' dir='ltr'><strong>Infra</strong></span> 
     </span>
     <span class='ocr_line' id='line_1_77' title="bbox 1734 2368 2780 2421; baseline -0.005 0"><span class='ocrx_word' id='word_1_408' title='bbox 1734 2377 1837 2421; x_wconf 82' lang='lat' dir='ltr'><strong>act.</strong></span> <span class='ocrx_word' id='word_1_409' title='bbox 1860 2385 1938 2420; x_wconf 79' lang='grc' dir='ltr'><strong>ιν.</strong></span> <span class='ocrx_word' id='word_1_410' title='bbox 1962 2386 2034 2420; x_wconf 81' lang='lat' dir='ltr'><strong>sc.</strong></span> <span class='ocrx_word' id='word_1_411' title='bbox 2057 2375 2108 2420; x_wconf 81' lang='grc'><strong>4.</strong></span> <span class='ocrx_word' id='word_1_412' title='bbox 2142 2378 2158 2399; x_wconf 83' lang='grc'><em>·</em></span> <span class='ocrx_word' id='word_1_413' title='bbox 2185 2371 2307 2421; x_wconf 91' lang='lat' dir='ltr'><strong>Nou</strong></span> <span class='ocrx_word' id='word_1_414' title='bbox 2342 2384 2462 2420; x_wconf 88' lang='lat' dir='ltr'><strong>mea</strong></span> <span class='ocrx_word' id='word_1_415' title='bbox 2491 2379 2575 2420; x_wconf 89' lang='lat' dir='ltr'><strong>est</strong></span> <span class='ocrx_word' id='word_1_416' title='bbox 2596 2368 2780 2418; x_wconf 87' lang='lat' dir='ltr'><strong>simula·</strong></span> 
     </span>
     <span class='ocr_line' id='line_1_78' title="bbox 1733 2445 2169 2498; baseline 0.002 -1"><span class='ocrx_word' id='word_1_417' title='bbox 1733 2445 1847 2498; x_wconf 67' lang='lat' dir='ltr'><strong>tio!</strong></span> <span class='ocrx_word' id='word_1_418' title='bbox 1882 2447 2169 2498; x_wconf 67' lang='lat' dir='ltr'><strong>Farnobium.</strong></span> 
     </span>
    </p>

    <p class='ocr_par' dir='ltr' id='par_1_14' title="bbox 1732 2522 2782 2968">
     <span class='ocr_line' id='line_1_79' title="bbox 1796 2522 2777 2586; baseline -0.001 -13"><span class='ocrx_word' id='word_1_419' title='bbox 1796 2528 1863 2573; x_wconf 71' lang='lat'><strong>39</strong></span> <span class='ocrx_word' id='word_1_420' title='bbox 1907 2525 2076 2575; x_wconf 75' lang='lat' dir='ltr'><strong>Facito</strong></span> <span class='ocrx_word' id='word_1_421' title='bbox 2117 2527 2233 2574; x_wconf 73' lang='lat' dir='ltr'><strong>dum</strong></span> <span class='ocrx_word' id='word_1_422' title='bbox 2272 2526 2436 2574; x_wconf 81' lang='lat' dir='ltr'><strong>eadem</strong></span> <span class='ocrx_word' id='word_1_423' title='bbox 2483 2523 2611 2586; x_wconf 69' lang='lat' dir='ltr'><strong>lucc]</strong></span> <span class='ocrx_word' id='word_1_424' title='bbox 2675 2522 2777 2574; x_wconf 80' lang='lat' dir='ltr'><strong>Jam</strong></span> 
     </span>
     <span class='ocr_line' id='line_1_80' title="bbox 1734 2600 2780 2664; baseline -0.002 -16"><span class='ocrx_word' id='word_1_425' title='bbox 1734 2608 1999 2664; x_wconf 79' lang='lat' dir='ltr'><strong>praeparat</strong></span> <span class='ocrx_word' id='word_1_426' title='bbox 2032 2600 2133 2649; x_wconf 85' lang='lat' dir='ltr'><strong>sibi</strong></span> <span class='ocrx_word' id='word_1_427' title='bbox 2166 2600 2468 2650; x_wconf 85' lang='lat' dir='ltr'><strong>dominum:</strong></span> <span class='ocrx_word' id='word_1_428' title='bbox 2524 2606 2780 2662; x_wconf 84' lang='lat' dir='ltr'><strong>monetque</strong></span> 
     </span>
     <span class='ocr_line' id='line_1_81' title="bbox 1734 2675 2782 2743; baseline -0.004 -16"><span class='ocrx_word' id='word_1_429' title='bbox 1734 2683 1794 2727; x_wconf 91' lang='lat' dir='ltr'><strong>ut</strong></span> <span class='ocrx_word' id='word_1_430' title='bbox 1824 2678 2136 2739; x_wconf 87' lang='lat' dir='ltr'><strong>meminerit,</strong></span> <span class='ocrx_word' id='word_1_431' title='bbox 2169 2678 2214 2727; x_wconf 83' lang='lat' dir='ltr'><strong>si</strong></span> <span class='ocrx_word' id='word_1_432' title='bbox 2245 2677 2455 2743; x_wconf 90' lang='lat' dir='ltr'><strong>quando</strong></span> <span class='ocrx_word' id='word_1_433' title='bbox 2496 2679 2610 2728; x_wconf 78' lang='lat' dir='ltr'><strong>haec</strong></span> <span class='ocrx_word' id='word_1_434' title='bbox 2630 2675 2782 2726; x_wconf 80' lang='lat' dir='ltr'><strong>omnia</strong></span> 
     </span>
     <span class='ocr_line' id='line_1_82' title="bbox 1733 2750 2779 2815; baseline -0.002 -13"><span class='ocrx_word' id='word_1_435' title='bbox 1733 2756 2024 2815; x_wconf 83' lang='lat' dir='ltr'><strong>evenerint,</strong></span> <span class='ocrx_word' id='word_1_436' title='bbox 2053 2754 2189 2803; x_wconf 89' lang='lat' dir='ltr'><strong>sicut</strong></span> <span class='ocrx_word' id='word_1_437' title='bbox 2217 2754 2441 2803; x_wconf 88' lang='lat' dir='ltr'><strong>humana</strong></span> <span class='ocrx_word' id='word_1_438' title='bbox 2465 2762 2592 2803; x_wconf 86' lang='lat' dir='ltr'><strong>sunt</strong></span> <span class='ocrx_word' id='word_1_439' title='bbox 2612 2750 2779 2811; x_wconf 86' lang='lat' dir='ltr'><strong>omnia,</strong></span> 
     </span>
     <span class='ocr_line' id='line_1_83' title="bbox 1733 2828 2782 2896; baseline -0.004 -17"><span class='ocrx_word' id='word_1_440' title='bbox 1733 2837 1794 2879; x_wconf 90' lang='lat' dir='ltr'><strong>ut</strong></span> <span class='ocrx_word' id='word_1_441' title='bbox 1825 2837 1881 2879; x_wconf 88' lang='lat' dir='ltr'><strong>et</strong></span> <span class='ocrx_word' id='word_1_442' title='bbox 1919 2828 2055 2879; x_wconf 85' lang='lat' dir='ltr'><strong>filius</strong></span> <span class='ocrx_word' id='word_1_443' title='bbox 2081 2831 2192 2895; x_wconf 79' lang='lat' dir='ltr'><strong>ejus</strong></span> <span class='ocrx_word' id='word_1_444' title='bbox 2215 2831 2384 2894; x_wconf 90' lang='lat' dir='ltr'><strong>possit</strong></span> <span class='ocrx_word' id='word_1_445' title='bbox 2406 2831 2515 2880; x_wconf 87' lang='lat' dir='ltr'><strong>ista</strong></span> <span class='ocrx_word' id='word_1_446' title='bbox 2537 2830 2782 2896; x_wconf 85' lang='lat' dir='ltr'><strong>perficere.</strong></span> 
     </span>
     <span class='ocr_line' id='line_1_84' title="bbox 1732 2906 2063 2968; baseline 0 -12"><span class='ocrx_word' id='word_1_447' title='bbox 1732 2906 2063 2968; x_wconf 59' lang='lat' dir='ltr'><strong>Eua-raphiae.</strong></span> 
     </span>
    </p>

    <p class='ocr_par' dir='ltr' id='par_1_15' title="bbox 1732 2982 2781 3197">
     <span class='ocr_line' id='line_1_85' title="bbox 1804 2982 2780 3047; baseline -0.005 -16"><span class='ocrx_word' id='word_1_448' title='bbox 1804 2983 1869 3031; x_wconf 83' lang='lat' dir='ltr'><strong>Ut</strong></span> <span class='ocrx_word' id='word_1_449' title='bbox 1892 2988 2005 3032; x_wconf 79' lang='lat' dir='ltr'><strong>sunt</strong></span> <span class='ocrx_word' id='word_1_450' title='bbox 2025 2982 2247 3045; x_wconf 69' lang='lat' dir='ltr'><strong>humana]</strong></span> <span class='ocrx_word' id='word_1_451' title='bbox 2281 2982 2441 3047; x_wconf 83' lang='lat' dir='ltr'><strong>Syrus</strong></span> <span class='ocrx_word' id='word_1_452' title='bbox 2478 2982 2618 3047; x_wconf 90' lang='lat' dir='ltr'><strong>apud</strong></span> <span class='ocrx_word' id='word_1_453' title='bbox 2640 2982 2780 3031; x_wconf 88' lang='lat' dir='ltr'><strong>Sene·</strong></span> 
     </span>
     <span class='ocr_line' id='line_1_86' title="bbox 1732 3057 2781 3121; baseline -0.005 -14"><span class='ocrx_word' id='word_1_454' title='bbox 1732 3070 1878 3107; x_wconf 79' lang='lat' dir='ltr'><strong>cam:</strong></span> <span class='ocrx_word' id='word_1_455' title='bbox 1915 3058 1930 3085; x_wconf 90' lang='lat'>‘</span> <span class='ocrx_word' id='word_1_456' title='bbox 1957 3057 2092 3106; x_wconf 89' lang='lat' dir='ltr'><strong>Nam</strong></span> <span class='ocrx_word' id='word_1_457' title='bbox 2126 3057 2290 3106; x_wconf 86' lang='lat' dir='ltr'><strong>cuivis</strong></span> <span class='ocrx_word' id='word_1_458' title='bbox 2326 3057 2568 3107; x_wconf 87' lang='lat' dir='ltr'><strong>accidere</strong></span> <span class='ocrx_word' id='word_1_459' title='bbox 2604 3061 2781 3121; x_wconf 86' lang='lat' dir='ltr'><strong>potest,</strong></span> 
     </span>
     <span class='ocr_line' id='line_1_87' title="bbox 1732 3130 2698 3197; baseline 0.001 -17"><span class='ocrx_word' id='word_1_460' title='bbox 1732 3132 1870 3196; x_wconf 88' lang='lat' dir='ltr'><strong>quod</strong></span> <span class='ocrx_word' id='word_1_461' title='bbox 1895 3132 2132 3197; x_wconf 86' lang='lat' dir='ltr'><strong>cuiquam</strong></span> <span class='ocrx_word' id='word_1_462' title='bbox 2157 3130 2372 3194; x_wconf 83' lang='lat' dir='ltr'><strong>potest.&#39;</strong></span> <span class='ocrx_word' id='word_1_463' title='bbox 2416 3133 2698 3182; x_wconf 59' lang='lat' dir='ltr'><strong>Farnobium</strong></span> 
     </span>
    </p>

    <p class='ocr_par' dir='ltr' id='par_1_16' title="bbox 1736 3207 2784 3349">
     <span class='ocr_line' id='line_1_88' title="bbox 1796 3207 2782 3272; baseline -0.005 -13"><span class='ocrx_word' id='word_1_464' title='bbox 1796 3212 1861 3259; x_wconf 75' lang='lat'><strong>⁴2</strong></span> <span class='ocrx_word' id='word_1_465' title='bbox 1898 3211 2009 3259; x_wconf 72' lang='lat' dir='ltr'><strong>Non</strong></span> <span class='ocrx_word' id='word_1_466' title='bbox 2040 3224 2154 3258; x_wconf 75' lang='lat' dir='ltr'><strong>usus</strong></span> <span class='ocrx_word' id='word_1_467' title='bbox 2183 3207 2362 3272; x_wconf 75' lang='lat' dir='ltr'><strong>ueniet]</strong></span> <span class='ocrx_word' id='word_1_468' title='bbox 2393 3209 2518 3259; x_wconf 87' lang='lat' dir='ltr'><strong>Non</strong></span> <span class='ocrx_word' id='word_1_469' title='bbox 2548 3209 2645 3258; x_wconf 84' lang='lat' dir='ltr'><strong>hoc</strong></span> <span class='ocrx_word' id='word_1_470' title='bbox 2675 3218 2782 3255; x_wconf 87' lang='lat' dir='ltr'><strong>cou-</strong></span> 
     </span>
     <span class='ocr_line' id='line_1_89' title="bbox 1736 3281 2784 3349; baseline -0.004 -15"><span class='ocrx_word' id='word_1_471' title='bbox 1736 3285 1921 3348; x_wconf 80' lang='lat' dir='ltr'><strong>tinget,</strong></span> <span class='ocrx_word' id='word_1_472' title='bbox 1937 3299 2105 3349; x_wconf 88' lang='lat' dir='ltr'><strong>neque</strong></span> <span class='ocrx_word' id='word_1_473' title='bbox 2118 3284 2230 3334; x_wconf 86' lang='lat' dir='ltr'><strong>fieri</strong></span> <span class='ocrx_word' id='word_1_474' title='bbox 2250 3292 2444 3348; x_wconf 88' lang='lat' dir='ltr'><strong>potest.</strong></span> <span class='ocrx_word' id='word_1_475' title='bbox 2474 3281 2784 3348; x_wconf 61' lang='lat' dir='ltr'><strong>Regu-aphia·</strong></span> 
     </span>
    </p>

    <p class='ocr_par' dir='ltr' id='par_1_17' title="bbox 1731 3355 2784 4187">
     <span class='ocr_line' id='line_1_90' title="bbox 1801 3355 2781 3423; baseline -0.006 -14"><span class='ocrx_word' id='word_1_476' title='bbox 1801 3360 1914 3410; x_wconf 80' lang='lat' dir='ltr'><strong>Non</strong></span> <span class='ocrx_word' id='word_1_477' title='bbox 1951 3375 2064 3408; x_wconf 80' lang='lat' dir='ltr'><strong>usus</strong></span> <span class='ocrx_word' id='word_1_478' title='bbox 2103 3359 2277 3413; x_wconf 78' lang='lat' dir='ltr'><strong>veniet.</strong></span> <span class='ocrx_word' id='word_1_479' title='bbox 2320 3359 2482 3423; x_wconf 70' lang='lat' dir='ltr'><strong>spero]</strong></span> <span class='ocrx_word' id='word_1_480' title='bbox 2519 3355 2781 3409; x_wconf 78' lang='lat' dir='ltr'><strong>Ordinatio</strong></span> 
     </span>
     <span class='ocr_line' id='line_1_91' title="bbox 1732 3433 2781 3489; baseline -0.005 -3"><span class='ocrx_word' id='word_1_481' title='bbox 1732 3437 1996 3487; x_wconf 87' lang='lat' dir='ltr'><strong>schemate</strong></span> <span class='ocrx_word' id='word_1_482' title='bbox 2019 3433 2293 3485; x_wconf 81' lang='lat' dir='ltr'><strong>affectibus</strong></span> <span class='ocrx_word' id='word_1_483' title='bbox 2315 3437 2508 3489; x_wconf 82' lang='lat' dir='ltr'><strong>theatri</strong></span> <span class='ocrx_word' id='word_1_484' title='bbox 2541 3436 2625 3485; x_wconf 81' lang='lat' dir='ltr'><strong>vel</strong></span> <span class='ocrx_word' id='word_1_485' title='bbox 2646 3433 2706 3483; x_wconf 89' lang='lat' dir='ltr'><strong>ad</strong></span> <span class='ocrx_word' id='word_1_486' title='bbox 2721 3433 2781 3485; x_wconf 80' lang='lat' dir='ltr'><strong>ir·</strong></span> 
     </span>
     <span class='ocr_line' id='line_1_92' title="bbox 1734 3507 2784 3575; baseline -0.009 -12"><span class='ocrx_word' id='word_1_487' title='bbox 1734 3513 1908 3575; x_wconf 87' lang='lat' dir='ltr'><strong>risum,</strong></span> <span class='ocrx_word' id='word_1_488' title='bbox 1945 3513 2034 3562; x_wconf 77' lang='lat' dir='ltr'><strong>vel&#39;</strong></span> <span class='ocrx_word' id='word_1_489' title='bbox 2059 3511 2126 3561; x_wconf 90' lang='lat' dir='ltr'><strong>ad</strong></span> <span class='ocrx_word' id='word_1_490' title='bbox 2162 3512 2547 3562; x_wconf 86' lang='lat' dir='ltr'><strong>miserationem</strong></span> <span class='ocrx_word' id='word_1_491' title='bbox 2577 3507 2784 3563; x_wconf 83' lang='lat' dir='ltr'><strong>offerun-</strong></span> 
     </span>
     <span class='ocr_line' id='line_1_93' title="bbox 1736 3585 2784 3654; baseline -0.005 -16"><span class='ocrx_word' id='word_1_492' title='bbox 1736 3597 1817 3638; x_wconf 87' lang='lat' dir='ltr'><strong>tur</strong></span> <span class='ocrx_word' id='word_1_493' title='bbox 1853 3590 1940 3639; x_wconf 88' lang='lat' dir='ltr'><strong>isti</strong></span> <span class='ocrx_word' id='word_1_494' title='bbox 1981 3604 2213 3638; x_wconf 85' lang='lat' dir='ltr'><strong>errores:</strong></span> <span class='ocrx_word' id='word_1_495' title='bbox 2258 3588 2464 3653; x_wconf 90' lang='lat' dir='ltr'><strong>quando</strong></span> <span class='ocrx_word' id='word_1_496' title='bbox 2502 3589 2593 3654; x_wconf 85' lang='lat' dir='ltr'><strong>qui</strong></span> <span class='ocrx_word' id='word_1_497' title='bbox 2630 3585 2784 3649; x_wconf 85' lang='lat' dir='ltr'><strong>splen·</strong></span> 
     </span>
     <span class='ocr_line' id='line_1_94' title="bbox 1733 3665 2780 3729; baseline 0.003 -13"><span class='ocrx_word' id='word_1_498' title='bbox 1733 3665 1858 3717; x_wconf 87' lang='lat' dir='ltr'><strong>dide</strong></span> <span class='ocrx_word' id='word_1_499' title='bbox 1880 3666 2159 3729; x_wconf 84' lang='lat' dir='ltr'><strong>decipitur,</strong></span> <span class='ocrx_word' id='word_1_500' title='bbox 2183 3680 2423 3729; x_wconf 83' lang='lat' dir='ltr'><strong>sagacem</strong></span> <span class='ocrx_word' id='word_1_501' title='bbox 2454 3680 2510 3714; x_wconf 83' lang='lat' dir='ltr'><strong>se</strong></span> <span class='ocrx_word' id='word_1_502' title='bbox 2534 3667 2780 3719; x_wconf 66' lang='lat' dir='ltr'><strong>ostentm</strong></span> 
     </span>
     <span class='ocr_line' id='line_1_95' title="bbox 1732 3742 2780 3806; baseline -0.006 -16"><span class='ocrx_word' id='word_1_503' title='bbox 1732 3743 1821 3806; x_wconf 89' lang='lat' dir='ltr'><strong>qui</strong></span> <span class='ocrx_word' id='word_1_504' title='bbox 1844 3743 2076 3805; x_wconf 84' lang='lat' dir='ltr'><strong>periculo</strong></span> <span class='ocrx_word' id='word_1_505' title='bbox 2098 3742 2363 3806; x_wconf 81' lang='lat' dir='ltr'><strong>proximus</strong></span> <span class='ocrx_word' id='word_1_506' title='bbox 2387 3749 2486 3804; x_wconf 89' lang='lat' dir='ltr'><strong>est,</strong></span> <span class='ocrx_word' id='word_1_507' title='bbox 2503 3742 2717 3791; x_wconf 91' lang='lat' dir='ltr'><strong>otiosum</strong></span> <span class='ocrx_word' id='word_1_508' title='bbox 2732 3748 2780 3784; x_wconf 75' lang='lat' dir='ltr'><strong>se</strong></span> 
     </span>
     <span class='ocr_line' id='line_1_96' title="bbox 1733 3811 2779 3883; baseline -0.004 -16"><span class='ocrx_word' id='word_1_509' title='bbox 1733 3819 1886 3882; x_wconf 71' lang='lat' dir='ltr'><strong>gerit.</strong></span> <span class='ocrx_word' id='word_1_510' title='bbox 1942 3819 2190 3868; x_wconf 87' lang='lat' dir='ltr'><strong>Chremes</strong></span> <span class='ocrx_word' id='word_1_511' title='bbox 2223 3818 2306 3868; x_wconf 90' lang='lat' dir='ltr'><strong>hic</strong></span> <span class='ocrx_word' id='word_1_512' title='bbox 2339 3834 2492 3883; x_wconf 88' lang='lat' dir='ltr'><strong>quam</strong></span> <span class='ocrx_word' id='word_1_513' title='bbox 2534 3833 2590 3867; x_wconf 87' lang='lat' dir='ltr'><strong>se</strong></span> <span class='ocrx_word' id='word_1_514' title='bbox 2623 3811 2779 3866; x_wconf 78' lang='lat' dir='ltr'><strong>irrisui</strong></span> 
     </span>
     <span class='ocr_line' id='line_1_97' title="bbox 1732 3888 2778 3957; baseline -0.006 -13"><span class='ocrx_word' id='word_1_515' title='bbox 1732 3894 2011 3944; x_wconf 85' lang='lat' dir='ltr'><strong>obnoxium</strong></span> <span class='ocrx_word' id='word_1_516' title='bbox 2052 3894 2276 3957; x_wconf 82' lang='lat' dir='ltr'><strong>praebet,</strong></span> <span class='ocrx_word' id='word_1_517' title='bbox 2315 3909 2431 3944; x_wconf 91' lang='lat' dir='ltr'><strong>cum</strong></span> <span class='ocrx_word' id='word_1_518' title='bbox 2471 3894 2699 3944; x_wconf 87' lang='lat' dir='ltr'><strong>oculatus</strong></span> <span class='ocrx_word' id='word_1_519' title='bbox 2732 3888 2778 3939; x_wconf 79' lang='lat' dir='ltr'><strong>in</strong></span> 
     </span>
     <span class='ocr_line' id='line_1_98' title="bbox 1731 3967 2776 4033; baseline 0.004 -13"><span class='ocrx_word' id='word_1_520' title='bbox 1731 3970 1931 4032; x_wconf 84' lang='lat' dir='ltr'><strong>alienis,</strong></span> <span class='ocrx_word' id='word_1_521' title='bbox 1976 3970 2077 4020; x_wconf 92' lang='lat' dir='ltr'><strong>sibi</strong></span> <span class='ocrx_word' id='word_1_522' title='bbox 2120 3971 2246 4020; x_wconf 87' lang='lat' dir='ltr'><strong>nihil</strong></span> <span class='ocrx_word' id='word_1_523' title='bbox 2291 3971 2452 4033; x_wconf 84' lang='lat' dir='ltr'><strong>videt,</strong></span> <span class='ocrx_word' id='word_1_524' title='bbox 2496 3984 2564 4019; x_wconf 92' lang='lat' dir='ltr'><strong>ne</strong></span> <span class='ocrx_word' id='word_1_525' title='bbox 2605 3967 2776 4024; x_wconf 70' lang='lat' dir='ltr'><strong>dicam,</strong></span> 
     </span>
     <span class='ocr_line' id='line_1_99' title="bbox 1732 4045 2777 4109; baseline -0.005 -16"><span class='ocrx_word' id='word_1_526' title='bbox 1732 4046 2023 4109; x_wconf 82' lang='lat' dir='ltr'><strong>praevidet?</strong></span> <span class='ocrx_word' id='word_1_527' title='bbox 2061 4046 2128 4097; x_wconf 92' lang='lat' dir='ltr'><strong>de</strong></span> <span class='ocrx_word' id='word_1_528' title='bbox 2151 4048 2320 4097; x_wconf 90' lang='lat' dir='ltr'><strong>alieno</strong></span> <span class='ocrx_word' id='word_1_529' title='bbox 2347 4045 2456 4097; x_wconf 86' lang='lat' dir='ltr'><strong>filio</strong></span> <span class='ocrx_word' id='word_1_530' title='bbox 2487 4059 2657 4096; x_wconf 89' lang='lat' dir='ltr'><strong>curam</strong></span> <span class='ocrx_word' id='word_1_531' title='bbox 2679 4053 2777 4090; x_wconf 82' lang='lat' dir='ltr'><strong>sus·</strong></span> 
     </span>
     <span class='ocr_line' id='line_1_100' title="bbox 1731 4120 2773 4187; baseline -0.006 -15"><span class='ocrx_word' id='word_1_532' title='bbox 1731 4121 1878 4187; x_wconf 91' lang='lat' dir='ltr'><strong>cipit,</strong></span> <span class='ocrx_word' id='word_1_533' title='bbox 1895 4122 1983 4187; x_wconf 91' lang='lat' dir='ltr'><strong>qui</strong></span> <span class='ocrx_word' id='word_1_534' title='bbox 2002 4122 2080 4171; x_wconf 90' lang='lat' dir='ltr'><strong>sui</strong></span> <span class='ocrx_word' id='word_1_535' title='bbox 2098 4137 2267 4173; x_wconf 90' lang='lat' dir='ltr'><strong>mores</strong></span> <span class='ocrx_word' id='word_1_536' title='bbox 2283 4123 2506 4187; x_wconf 83' lang='lat' dir='ltr'><strong>ignorat.</strong></span> <span class='ocrx_word' id='word_1_537' title='bbox 2532 4120 2773 4171; x_wconf 71' lang='lat' dir='ltr'><strong>Boecleruae·</strong></span> 
     </span>
    </p>

    <p class='ocr_par' dir='ltr' id='par_1_18' title="bbox 1729 4193 2771 4339">
     <span class='ocr_line' id='line_1_101' title="bbox 1795 4193 2771 4260; baseline -0.001 -13"><span class='ocrx_word' id='word_1_538' title='bbox 1795 4199 1907 4248; x_wconf 80' lang='lat' dir='ltr'><strong>Non</strong></span> <span class='ocrx_word' id='word_1_539' title='bbox 1929 4214 2041 4248; x_wconf 82' lang='lat' dir='ltr'><strong>usus</strong></span> <span class='ocrx_word' id='word_1_540' title='bbox 2062 4196 2243 4260; x_wconf 80' lang='lat' dir='ltr'><strong>veniet]</strong></span> <span class='ocrx_word' id='word_1_541' title='bbox 2282 4200 2330 4253; x_wconf 88' lang='lat'><strong>1.</strong></span> <span class='ocrx_word' id='word_1_542' title='bbox 2355 4215 2402 4250; x_wconf 87' lang='lat' dir='ltr'><strong>e.</strong></span> <span class='ocrx_word' id='word_1_543' title='bbox 2426 4213 2528 4249; x_wconf 87' lang='lat' dir='ltr'><strong>non</strong></span> <span class='ocrx_word' id='word_1_544' title='bbox 2565 4193 2771 4247; x_wconf 76' lang='lat' dir='ltr'><strong>eveniet.</strong></span> 
     </span>
     <span class='ocr_line' id='line_1_102' title="bbox 1729 4275 2229 4339; baseline 0.008 -16"><span class='ocrx_word' id='word_1_545' title='bbox 1729 4287 1903 4339; x_wconf 85' lang='lat' dir='ltr'><strong>spero.</strong></span> <span class='ocrx_word' id='word_1_546' title='bbox 1944 4275 2229 4327; x_wconf 71' lang='lat' dir='ltr'><strong>Fmabim.</strong></span> 
     </span>
    </p>
   </div>
  </div>
 </body>
</html>
