3035 4941
535 370 708 455 1214

543 535 737 585 tantist
771 540 847 597 ut,
880 534 1055 594 Porro,
1082 531 1316 589 Quirites.
1348 529 1514 579 Idem.
1578 533 1579 538 ’

609 609 829 673 Enitere]
884 611 1123 660 Labora:
1180 607 1327 673 qnasi
1379 605 1596 656 difficile

539 687 629 746 sit,
660 694 716 736 et
736 693 928 737 conatu
951 687 1021 734 sit
1040 698 1189 747 opus.
1223 683 1374 731 Idem.

539 815 542 818 ,
605 772 669 818 18
733 767 913 816 Her-cte
958 764 1140 827 sedulo]
1211 761 1594 812 Productiones

540 852 667 894 sunt
688 843 886 895 Comici
905 843 1052 906 styli,
1068 841 1135 891 ad
1156 837 1332 890 fucum
1350 840 1598 889 orationis

540 920 747 988 positae.
780 920 933 969 Idem.

602 998 748 1047 Potes
768 995 930 1064 nune]
971 992 1022 1044 A
1059 991 1293 1059 possibili
1326 959 1596 1057 argumen-

539 1085 667 1126 tum.
703 1076 852 1125 Idem·

602 1153 740 1201 Dum'
757 1155 941 1202 unimus
961 1150 1187 1201 irritatu
1205 1147 1299 1212 est]
1322 1147 1461 1201 Quia
1481 1146 1597 1197 dix-

538 1236 673 1291 erat,
703 1228 837 1278 ‘Irae
870 1236 993 1278 sunt
1025 1227 1165 1277 inter
1199 1226 1498 1290 Glycerium
1539 1231 1596 1274 et

539 1305 789 1370 gnatum!
823 1304 1067 1356 Irritatus
1080 1312 1183 1367 est,
1198 1310 1500 1366 commotus,
1520 1303 1598 1351 ira

539 1389 875 1445 provocatus,
898 1390 958 1432 ut
979 1382 1034 1431 in
1052 1381 1387 1433 Phormione.
1430 1368 1595 1429 Duci-

537 1466 625 1508 tur
645 1464 822 1509 autem
845 1459 1104 1510 verbuma
1131 1459 1365 1518 canibus,
1398 1458 1486 1522 qui
1516 1471 1594 1506 re-

537 1535 737 1585 strictis
772 1534 1016 1585 dentibus
1047 1536 1178 1585 hanc
1207 1534 1412 1585 literam
1433 1548 1462 1581 r
1483 1534 1596 1583 imi·

541 1616 741 1660 tantur.
775 1611 926 1663 Idem.

606 1691 669 1737 19
704 1688 954 1754 Quieseas]
1004 1687 1067 1738 Id
1108 1695 1202 1752 ent,
1243 1687 1593 1754 conquiesce:

538 1764 833 1828 imperativi
852 1765 1011 1831 modi,
1031 1780 1096 1815 ne
1118 1766 1423 1831 injuriosum
1457 1766 1595 1815 vidc-

539 1847 705 1890 retur.
741 1839 892 1891 Idem.

608 1900 857 1983 Quiesce-s]
912 1920 1018 1970 Pro
1055 1919 1297 1985 quiesce:
1336 1927 1426 1971 aut
1446 1885 1597 1970 deest

540 1995 677 2056 volo,
712 2003 802 2044 aut
821 1996 1003 2046 facito.
1038 1996 1191 2047 Idem.

605 2074 713 2135 Age
735 2073 911 2137 igitur]
942 2074 1065 2137 Age,
1086 2074 1204 2124 dic.
1241 2080 1301 2124 nt
1338 2081 1437 2133 est,
1480 2043 1599 2137 Egi,

533 2154 675 2213 atque
695 2152 827 2200 orari
848 2156 1030 2200 tecum:
1075 2158 1166 2201 aut
1189 2149 1491 2201 adverbium
1514 2159 1598 2201 est

535 2228 793 2278 hortandi.
825 2229 974 2279 Idem.

601 2305 784 2353 Mirum
803 2305 858 2353 πὶ
876 2306 1002 2354 domi
1017 2305 1110 2368 est]
1143 2305 1596 2356 Existimationem

540 2379 737 2443 intulit,
758 2381 1012 2431 incertum
1029 2381 1251 2446 fugiens.
1282 2382 1434 2433 Idem.
1470 2395 1480 2406 “

602 2458 789 2507 Mirum
832 2462 884 2508 m·
926 2460 1054 2508 domi
1095 2457 1193 2522 est]
1236 2458 1595 2525 Compositum

541 2541 646 2595 est,
686 2535 852 2598 quasi,
899 2535 994 2585 boc
1026 2543 1109 2585 est
1143 2536 1346 2600 mirum,
1379 2537 1433 2586 ni
1456 2535 1598 2585 domi

541 2620 642 2660 est.
695 2612 860 2665 Caute
897 2625 1075 2660 servus
1115 2612 1597 2663 callidaminterro·

537 2689 798 2750 gationem
820 2688 956 2737 senis
973 2694 1188 2751 paratus
1204 2689 1437 2752 excepit.
1479 2691 1596 2740 Me-

537 2778 653 2813 mor
673 2764 925 2814 simulatae
949 2764 1223 2815 discordiae
1260 2781 1378 2816 cum
1409 2767 1596 2830 amica,

539 2840 710 2904 fingit,
728 2854 899 2890 uou‘se
913 2841 1039 2891 alibi
1051 2856 1169 2892 eum
1188 2858 1303 2894 csse
1319 2845 1595 2909 suspicari,

544 2934 696 2984 quam
719 2919 875 2969 domi.
903 2920 1054 2969 Idem.

601 3001 667 3047 20
699 2997 876 3046 Dicam
897 2999 1055 3047 eadem
1074 2996 1174 3059 iai]
1206 2997 1271 3048 In
1293 2998 1405 3048 aliis
1426 2999 1595 3051 itidem

536 3076 789 3139 scriptum
827 3083 939 3124 est:
976 3074 1110 3139 quod
1148 3074 1191 3123 si
1228 3086 1330 3137 est,
1364 3089 1461 3139 pro
1478 3077 1595 3126 item

535 3152 868 3217 accipiamus.
933 3150 1017 3201 Au
1034 3166 1159 3215 ergo
1175 3152 1302 3202 idem
1324 3166 1419 3218 pro
1435 3153 1595 3205 item?

539 3230 690 3283 Idem.

600 3307 686 3356 Ibo
700 3309 762 3355 ad
781 3323 901 3367 eum,
915 3310 1054 3371 atque
1068 3309 1230 3357 eadem
1242 3307 1361 3370 haec,
1379 3323 1483 3370 quoe
1500 3309 1595 3359 tibi

530 3384 660 3444 (liciti,
681 3385 832 3433 dicam
844 3383 1011 3432 itidem
1027 3383 1125 3444 illi]
1151 3383 1267 3433 Hoc
1293 3384 1404 3434 vult
1416 3385 1555 3435 Simo
1578 3402 1593 3435 ι

540 3474 657 3524 quae
693 3459 788 3508 tibi
827 3460 936 3508 dixi
976 3459 1043 3508 de
1089 3460 1369 3513 Chremete
1401 3462 1593 3512 iterum

534 3536 681 3585 orato
701 3540 863 3600 'atque
884 3543 1119 3598 exorato,
1139 3542 1198 3585 ut
1219 3550 1362 3587 suam
1386 3546 1594 3601 gnatam

532 3610 643 3660 filio
675 3625 790 3661 meo
833 3612 926 3662 det
954 3625 1185 3669 uxorem,
1220 3613 1404 3663 eadem
1422 3614 1593 3665 dicam

533 3687 633 3746 illi,
673 3694 732 3738 ut
768 3688 901 3739 sciat
938 3687 1146 3753 nuptias
1183 3689 1338 3739 hodie
1371 3688 1594 3743 futuras.

538 3765 796 3816 Boeclerus.
1554 3828 1555 3833 ¹

542 3862 548 3870 ·
601 3843 775 3892 Nullus
809 3841 938 3905 eum]
978 3842 1105 3892 Plus
1140 3851 1224 3894 est
1264 3845 1442 3895 nullum
1476 3862 1593 3905 esse,

532 3934 687 3984 quam
706 3919 933 3983 periisse.
923 3933 936 3946 ·
965 3933 1083 3969 nam
1099 3920 1185 3984 qui
1204 3922 1360 3985 perit,
1380 3923 1463 3974 vel
1482 3938 1594 3972 cor-

532 4011 629 4060 pus
662 3995 822 4046 habet
842 3995 1127 4061 reliquum:
1163 3997 1249 4062 qui
1274 4013 1399 4048 vero
1421 4000 1593 4050 nullus

533 4083 646 4137 est,
661 4075 734 4125 ita
755 4088 855 4124 nou
878 4081 1058 4137 est,ac
1093 4074 1137 4123 si
1174 4082 1325 4125 natus
1364 4090 1468 4125 non
1502 4077 1591 4127 sit.

534 4153 772 4202 Donatus.

527 4256 538 4269 ι
604 4230 779 4279 Nullus
798 4227 923 4292 sum]
957 4227 1044 4279 De
1079 4243 1161 4277 me
1185 4234 1359 4277 actum
1379 4234 1479 4291 est,
1500 4244 1592 4294 pe-

533 4320 617 4370 ru,
628 4306 832 4371 penitus
848 4306 1056 4358 interii:
1088 4304 1245 4357 Δειλοὶ
1268 4305 1307 4355 δ’
1325 4305 1443 4357 εἰσὶν
1462 4305 1595 4357 οὐδὲν

1221 384 1438 433 NorAE
1485 382 1886 433 vammum
1936 345 2045 433 ιιι·

1669 528 1901 591 offlano&
1921 530 2107 594 Eurip.
2130 542 2198 579 ex
2219 531 2500 596 Iphigenia
2521 532 2576 582 in
2597 534 2730 582 Tau·

1672 607 1762 656 ris.
1822 606 1912 657 Τὸν
1937 607 2034 656 ,οὐκ
2072 606 2189 657 ὄντα
2228 608 2417 668 μᾶλλον
2457 608 2490 667 ἢ
2531 609 2729 670 μηδένα.

1666 682 1954 748 Sophocles
1975 685 2031 734 in
2056 686 2341 749 Antigone.
2375 687 2663 738 Fur-nabitu.

1734 764 1796 811 21
1832 760 1988 825 Hine]
2019 761 2084 812 Id
2117 769 2218 820 est,
2242 776 2308 812 ex
2328 764 2588 816 hocloco.
2623 766 2729 816 Do-

1668 842 1827 888 uatus.

1733 914 2027 980 Pistrinum]
2050 917 2173 980 Ubi,
2194 918 2346 968 molis
2368 918 2730 982 jumentorum

1670 1006 2044 1060 servorumque
2077 1009 2239 1060 opera
2271 997 2601 1050 circumactis
2620 997 2729 1050 fru-

1670 1085 1762 1133 ges
1783 1072 2295 1124 comminuebantur:
2314 1074 2368 1123 in
2391 1075 2729 1138 pistrinaser·

1670 1148 1744 1211 vi,
1766 1148 1829 1198 ad
1854 1163 2033 1214 poenas
2052 1149 2270 1214 detrusi,
2289 1152 2572 1202 molebant.
2607 1153 2731 1203 Fur-

1668 1225 1856 1276 nobiae.

1736 1304 1890 1354 Recta
1922 1265 2197 1369 proficiscar
2213 1303 2316 1368 via]
2335 1304 2481 1355 Bene
2496 1310 2645 1367 reeta,
2667 1312 2731 1356 nt

1672 1381 1901 1446 corporis
1954 1382 2317 1446 impulsionem
2379 1381 2729 1432 lucrifaciam.

1672 1467 1766 1510 ant
1783 1465 1933 1521 reeta,
1954 1466 2013 1508 ut
2038 1473 2140 1508 non
2161 1473 2276 1509 eam
2297 1458 2365 1509 ad
2388 1466 2735 1525 precatorem,

1672 1542 1763 1585 aut
1784 1535 1850 1585 ad
1872 1535 2223 1600 Pamphilum.
2291 1535 2361 1585 Et
2398 1535 2539 1585 bene‘
2573 1536 2733 1601 Prcfi·

1668 1614 1823 1662 eiseur
1840 1629 1858 1661 .-
1891 1611 2143 1677 Profieisci
2171 1611 2308 1661 enim
2331 1611 2382 1661 in
2406 1625 2513 1661 rem
2536 1625 2731 1678 εει-ιω

1670 1704 1734 1740 ac
1756 1689 2019 1740 difficilem
2042 1689 2276 1741 dicimus.
2341 1691 2413 1739 Et
2446 1695 2582 1741 recta
2615 1691 2694 1740 viu
2713 1708 2734 1748 ,-

1671 1767 1830 1831 plana
1866 1766 2019 1831 dixit,
2045 1780 2147 1815 non
2187 1771 2407 1816 tantum
2428 1773 2595 1817 recta.
2630 1767 2735 1816 Do·

1670 1848 1825 1894 natus.

1736 1926 1802 1972 22
1827 1920 1966 1971 Nihil
1985 1925 2055 1970 est
2075 1920 2204 1983 preci
2225 1919 2312 1969 loci
2333 1918 2577 1981 relictum]
2597 1875 2732 1969 Sub-

1666 1996 1846 2061 jungit
1878 2011 2004 2059 ergo
2026 2010 2209 2045 cauisas
2241 2009 2335 2044 cur
2364 1995 2731 2060 proficiscatur

1673 2073 1728 2124 in
1751 2073 2040 2137 pistrinum.
2073 2074 2223 2123 Idem.

1741 2149 1881 2199 Nihil
1903 2153 1972 2199 est
1988 2149 2143 2214 preci]
2177 2149 2334 2201 Quod
2373 2148 2625 2214 praedixit
2657 2164 2737 2199 sc-

1671 2242 1792 2278 nex.
1823 2229 1973 2277 Idem.
2092 2271 2097 2278 .

1698 2285 1883 2353 Nihil
1901 2308 1972 2353 est
2000 2304 2131 2367 preci
2163 2303 2253 2353 loci
2286 2302 2470 2367 ναίει]
2503 2302 2734 2367 Propter

1673 2379 1840 2429 minas
1874 2378 2032 2439 senis,
2064 2392 2223 2443 supra
2261 2385 2363 2427 act.
2381 2392 2422 2429 1.
2452 2393 2528 2429 sc.
2546 2382 2597 2430 2.
2630 2394 2733 2428 vss.

1672 2443 1754 2507 28'.
1774 2461 1830 2507 et
1852 2459 1935 2506 29.
1968 2455 2108 2506 uude
2144 2456 2305 2506 etiam
2343 2454 2547 2518 pistrini
2588 2470 2730 2507 men·

1674 2534 1868 2584 tionem
1891 2534 1974 2583 bic
1996 2532 2143 2583 facit.
2177 2533 2438 2582 Boeclem.

1742 2611 1879 2661 Preei
1900 2611 1992 2660 loci
2017 2609 2257 2673 relictum]
2298 2600 2488 2659 Dativo
2507 2608 2606 2660 boc
2628 2611 2730 2659 uti·

1671 2695 1757 2739 tur
1779 2689 1957 2748 etiam,
1978 2687 2032 2737 in
2054 2685 2389 2751 Phormione,
2408 2693 2511 2736 act.
2530 2700 2622 2737 111.
2654 2701 2728 2736 sc.

1671 2769 1721 2816 8.
1745 2766 2033 2816 Farnabius.

1731 2846 1848 2893 Jam
1863 2841 2142 2906 perturbavi
2163 2840 2343 2904 omniu]
2376 2840 2693 2905 Allocutio,
2681 2856 2732 2895 ιιι

1670 2935 1774 2985 qua
1810 2921 1934 2986 quid
1973 2925 2193 2980 metuat,
2224 2918 2347 2984 quid
2384 2919 2535 2981 velit,
2573 2920 2735 2968 mani-

1666 2997 1859 3048 festum
1883 3004 1982 3048 est.
2015 2996 2253 3045 Donatus.
2608 3026 2611 3029 -

1730 3077 1795 3124 23
1830 3071 2211 3135 Herumsefelli]
2245 3071 2378 3122 Hoec
2406 3072 2735 3122 enumeratio

1667 3163 1939 3201 causarum
1961 3156 2063 3212 est,
2080 3162 2185 3213 qua
2206 3147 2484 3214 magnifice
2505 3162 2734 3214 exagge-

1667 3226 1805 3276 ravit
1822 3239 2030 3277 errores
2050 3239 2186 3274 suos.
2220 3225 2374 3274 Idem.
2418 3284 2421 3287 ,

1737 3303 1951 3366 conjeci]
1984 3303 2100 3353 Nec
2139 3302 2347 3365 immisi,
2390 3301 2485 3351 sed
2516 3302 2694 3363 conjeci
2721 3318 2737 3348 .-

1667 3381 1808 3446 quod
1831 3381 2086 3445 impetum
2109 3387 2164 3431 et
2185 3380 2423 3443 injuriam
2445 3378 2728 3445 significat.

1668 3458 1822 3508 Idem.

1733 3533 1954 3583 Hei-ilem
1968 3532 2159 3597 filium]
2189 3530 2332 3582 Τὸντ
2485 3525 2544 3582 'u-
2582 3533 2735 3583 Idem.

1730 3615 1797 3662 24
1829 3612 1948 3661 Feci
1966 3610 2129 3674 hodie]
2166 3611 2280 3660 Nec
2303 3611 2468 3662 solum
2489 3609 2612 3674 feei,
2644 3626 2731 3660 ve-

1668 3703 1782 3737 rum
1804 3689 1962 3738 etiam
1984 3687 2187 3738 addidit
2213 3695 2440 3751 tempus,
2470 3687 2641 3738 hodie.-
2674 3694 2734 3736 ut

1586 3816 1591 3823 „
1668 3780 1735 3816 ne
1759 3765 1966 3816 diecula
1986 3764 2195 3830 quidem
2219 3764 2330 3827 ejus
2357 3764 2443 3828 sit,
2474 3763 2617 3828 quod
2658 3761 2734 3813 fe-

1668 3853 1837 3907 cerat,
1859 3844 1998 3893 mali.
2035 3842 2188 3893 Idem.

1737 3922 2013 3986 insperante
2048 3920 2154 3984 hoe,
2185 3924 2326 3983 atque
2355 3917 2538 3983 invito]
2569 3919 2733 3984 Inspe-

1665 4005 1804 4049 ruute
1822 4004 1879 4048 et
1898 3999 2068 4059 invito,
2082 3996 2277 4062 duplex
2294 3993 2528 4056 offensio.
2559 3998 2713 4061 Idem.

1739 4076 2018 4140 Ιιιερεναιιίε
2033 4074 2138 4136 hoe,
2168 4078 2309 4137 atque
2328 4073 2481 4123 inuito
2502 4074 2734 4138 Pamphi·

1668 4152 1738 4216 10]
1769 4153 2041 4203 Donatus:
2082 4152 2098 4180 ‘
2118 4151 2431 4216 Insperante
2467 4157 2524 4200 et
2545 4151 2731 4213 invito,

1671 4230 1870 4294 duplex
1909 4226 2181 4279 offensio!
2230 4226 2439 4277 videtur
2480 4226 2545 4276 ad
2581 4227 2733 4276 Pam·

1671 4306 1865 4373 pbilum
1922 4304 2162 4356 retulisse
2211 4288 2482 4370 utramque
2537 4319 2735 4356 vocem.
