3035 4941
813 440 1180 491 'I'ERENTII
1226 439 1464 491 ANDR.
1509 438 1679 489 AG'r.
1722 439 1926 489 Iaso.
1977 438 2025 487 1.

377 592 473 640 113
507 588 632 645 Quo
651 586 777 652 sese]
817 587 951 652 Illic,
990 602 1107 638 mea
1139 585 1377 650 Glyceri-

317 677 403 716 um
427 676 449 715 ι·
478 666 562 714 liic
584 672 873 728 pronomen
896 664 1051 714 dixit.
1112 664 1253 713 Mira
1274 662 1374 712 dis-

314 742 598 803 simulatio,
635 747 879 804 tanquam
902 741 1042 790 illam
1063 747 1260 804 prater
1289 754 1375 803 pe·

317 818 538 871 ticulum
561 817 782 867 nesciat.
816 816 969 866 Idem.

378 893 500 951 Quoe
518 910 619 944 sese
639 893 790 943 voluit
810 893 864 943 iu
884 890 1249 955 igneminjicere
1269 906 1375 955 pro·

315 971 471 1034 bibiti]
523 973 598 1021 Et
633 972 877 1020 Donatus
938 981 995 1020 et
1031 977 1207 1018 omnes
1253 968 1375 1018 libri

317 1050 498 1113 scripti
536 1049 769 1099 Terentii
819 1047 897 1098 ita
935 1047 1222 1097 collocant:
1273 1061 1376 1110 qua

313 1139 411 1175 rese
441 1125 497 1174 in
519 1125 684 1187 ignem
715 1124 909 1186 injicere
941 1124 1110 1187 voluit,
1133 1122 1375 1187 prohibui.

312 1200 564 1255 FaErnus.
1364 1207 1379 1263 ζ

378 1280 502 1336 Quoe
522 1293 625 1329 sese
644 1279 700 1328 in
719 1279 880 1341 iguem
897 1279 1070 1328 inicere
1099 1276 1248 1328 voluit
1269 1291 1376 1340 pro-

315 1355 472 1420 leikai]
524 1356 766 1406 Meorum
822 1356 972 1417 alter,
1020 1363 1077 1405 et
1127 1355 1379 1406 Biblioth.

315 1430 542 1495 Argent.
606 1432 830 1495 codices,
877 1431 1116 1497 proicere,
1166 1431 1378 1483 habent.

321 1508 582 1560 Boeclerus.

366 1589 477 1636 ,116
506 1587 637 1635 Num
650 1586 694 1634 si
711 1584 866 1650 illum]
887 1583 1265 1649 Argumentum
1284 1597 1380 1649 per

321 1663 774 1713 ratiocinationem
814 1678 847 1713 a
879 1662 1175 1714 contrario:
1229 1669 1290 1712 ut
1333 1662 1380 1711 si

323 1740 466 1790 dicas
486 1758 503 1792 z
557 1742 573 1769 ‘
599 1741 726 1790 Viro
763 1739 890 1790 forti
929 1737 1194 1803 praemium
1225 1739 1380 1788 debe·

323 1824 430 1881 tur,
452 1818 496 1867 si
514 1817 771 1868 desertori
795 1828 948 1882 poeua
963 1816 1248 1868 constituta
1260 1815 1384 1866 est.’

320 1894 565 1947 Donatus.

389 1969 549 2033 mit]
582 1969 687 2019 Pro
706 1969 901 2023 attulit.
966 1969 1072 2023 Sed
1092 1969 1259 2019 multa
1280 1969 1382 2033 sig·

317 2047 519 2098 nificat.
590 2048 662 2097 Et
685 2048 812 2097 alias
826 2047 1062 2112 pertulit.-
1096 2045 1379 2109 Virgiliusz

318 2127 335 2156 ‘
361 2127 486 2176 Non
527 2125 652 2175 tulit
709 2125 843 2174 hanc
902 2123 1129 2187 speciem
1188 2120 1383 2172 furiata

319 2208 499 2255 mente
522 2198 845 2250 choroebus?
909 2200 1056 2249 Alias
1087 2200 1300 2261 sustulit,
1322 2204 1384 2248 ut

320 2277 498 2327 idem:
534 2280 549 2307 ‘
573 2275 761 2326 Omnia
803 2274 913 2327 fert
957 2282 1109 2338 aetas,
1155 2275 1383 2325 animum

323 2353 580 2420 qnoque:'
615 2368 708 2417 pro
724 2353 901 2412 aufert.
934 2352 1103 2402 Idem.

328 2467 336 2482 ,
392 2436 492 2483 116
529 2432 637 2496 1115]
670 2433 776 2482 Pro
798 2433 906 2482 illo.
937 2431 1092 2482 Idem.

389 2511 600 2561 Dederit
633 2512 858 2560 damnum
889 2515 972 2560 aut
1007 2508 1202 2572 malum]
1233 2509 1387 2558 Dans·

321 2604 457 2651 m,
482 2589 560 2640 rei
580 2595 697 2638 est:
733 2588 927 2650 molam,
958 2586 1121 2651 ipsius
1152 2585 1387 2636 honunis.

366 2771 371 2776 ι
395 2741 532 2797 Quid
557 2738 718 2800 facias
737 2738 828 2801 illi,
857 2738 940 2802 qui
963 2738 1147 2789 dederit
1167 2739 1388 2788 damnum

322 2822 424 2867 mit
468 2816 669 2879 ndum]
722 2816 1019 2865 Priscianus
1077 2814 1170 2865 lib.
1214 2827 1386 2865 xvln.

332 2894 523 2944 Graece
569 2893 767 2941 vertit:
799 2890 851 2940 τί
886 2890 948 2940 ἂν
970 2888 1182 2950 ποιήσοις
1214 2890 1391 2955 ἐκείνῳ,

328 2967 385 3021 ὃς
411 2968 504 3035 ἄρα
522 2969 728 3019 δεδωκὼς
746 2966 780 3034 ᾖ
791 2967 962 3034 ζημίανΔ
979 2966 1011 3026 ἢ
1032 2966 1194 3029 κακόν,
1218 2975 1277 3017 ut
1307 2983 1392 3017 su·

332 3056 428 3109 pra
449 3061 528 3097 vs.
547 3050 633 3096 9¹7.
653 3046 669 3073 ‘
688 3060 807 3109 quae
824 3046 891 3095 sit
912 3044 1070 3110 rogo,'
1090 3043 1164 3095 τίς
1179 3042 1269 3110 ἄρα
1289 3045 1390 3105 εἴης

332 3129 390 3173 et
435 3137 515 3174 vs.
562 3125 677 3172 lon.
713 3122 729 3150 ⁸
751 3136 902 3186 quam
939 3122 1113 3182 timeo,
1149 3136 1390 3185 quorsum

330 3198 560 3259 evadat:
584 3198 688 3261 (ita
709 3198 843 3247 enim
865 3196 1017 3263 legit)
1033 3197 1094 3248 ὥς
1117 3187 1301 3248 δέδοικα
1314 3199 1398 3247 roi*

334 3275 668 3342 ἅραᾶποβαίη.
704 3274 964 3325 Βωσῑενιιε.

404 3357 499 3404 117
542 3351 686 3402 Venit
730 3351 974 3415 Chremes]
1016 3350 1394 3415 Argumentum

335 3445 401 3480 ex
423 3430 749 3494 conjectura,
770 3429 836 3479 de
854 3426 1096 3478 testibus.
1165 3427 1237 3476 Et
1267 3426 1396 3475 mire

341 3524 520 3574 snpra,
561 3508 749 3557 ‘Ultro
789 3506 933 3556 venit
971 3505 1036 3554 ad
1071 3504 1192 3555 me.'
1257 3507 1395 3569 Ergo

337 3586 422 3636 hic
464 3600 624 3636 causa
673 3584 806 3650 justi
856 3584 1048 3633 doloris
1085 3583 1396 3646 ostenditur,

339 3666 458 3730 quia
481 3666 628 3716 dolet
656 3665 811 3715 etiam
851 3665 1130 3715 Chremes:
1168 3675 1397 3726 nampu-

337 3743 461 3803 tuit,
492 3756 598 3792 non
635 3742 849 3792 daturus
872 3740 1051 3804 filiam,
1073 3754 1176 3789 non
1201 3739 1396 3790 venire.

337 3819 577 3872 Donatus.

404 3894 651 3944 Postridie
671 3895 735 3944 ad
769 3909 864 3955 me,
883 3892 1155 3956 clamitans]
1188 3893 1264 3942 Ut
1288 3892 1399 3942 sine

334 3971 597 4021 dilatione
632 3970 753 4020 sciri
788 3977 998 4034 posset:
1037 3974 1093 4018 et
1134 3968 1398 4031 clamitans,

338 4046 658 4110 indignantis
671 4054 784 4098 est:
819 4053 879 4096 nt
899 4048 915 4076 ‘
935 4044 1400 4096 Clamantomnes?

409 4203 506 4248 118
538 4196 1026 4261 Indignumfucinus]
1059 4198 1400 4262 Distinguen-

348 4276 487 4339 dum,
507 4284 566 4325 ιιι
590 4290 685 4340 per
700 4289 762 4325 se
787 4274 1113 4338 intelligatur
1132 4274 1400 4340 indignum

346 4351 581 4417 §acinum
613 4358 671 4404 et
702 4352 818 4417 ipse
860 4351 1040 4405 doleat
1069 4352 1401 4417 Pamphilum

2334 416 2526 517 1051&

1448 583 1731 649 corrumpi.
1766 585 1916 634 Idm.

1519 661 1833 725 Comperisse]
1856 662 2000 725 Ergo
2036 657 2103 708 ab
2139 656 2252 707 aliis
2278 672 2294 708 z
2327 663 2389 707 ut
2409 670 2504 722 apa

1448 744 1637 802 pareat
1659 751 1837 787 verum
1877 734 2019 801 quod
2052 736 2149 796 ait,
2172 734 2295 783 Tum
2312 749 2406 783 uno
2427 748 2509 782 ore

1448 829 1639 865 omnes.-
1674 822 1748 876 et,
1787 813 1899 863 Hae
1916 810 2062 874 samu
2091 812 2317 875 impulsus
2362 809 2511 866 Chre-

1448 904 1562 939 mes.
1595 889 1765 939 Idem.
2259 892 2266 899 ’

1515 965 1774 1027 Indignum
1784 965 1981 1026 facinus
1999 962 2299 1028 comperisse]
2344 962 2511 1012 Deest

1449 1055 1527 1091 se.-
1550 1043 1858 1106 incertaque
1879 1042 2159 1096 distinctio.
2195 1041 2349 1090 Idem·

1515 1119 1845 1183 Pamphilam]
1882 1119 2011 1168 Cum
2028 1114 2263 1181 emphasi
2281 1114 2439 1177 dixit,
2458 1113 2512 1163 id

1450 1199 1550 1257 est,
1567 1194 1848 1259 pudentem
1868 1202 1923 1244 et
1947 1194 2082 1244 bene
2104 1197 2380 1243 moratum.
2442 1190 2511 1239 Et

1448 1285 1547 1320 nee
1591 1270 1826 1332 amicam,
1868 1270 1961 1319 sed
2001 1284 2091 1333 pro
2139 1282 2305 1318 uxore.
2369 1265 2510 1315 Mire

1450 1360 1596 1410 ergo,
1611 1349 1756 1411 quasi
1778 1361 1878 1395 non
1896 1348 1992 1395 hoc
2007 1345 2181 1395 doleat
2201 1342 2337 1408 quod
2350 1349 2512 1402 amet,

1451 1423 1543 1472 sed
1570 1421 1709 1487 quod
1749 1436 1844 1485 pro
1883 1435 2042 1475 uxore
2081 1420 2289 1471 habeat.
2355 1419 2427 1468 Et
2449 1417 2517 1466 si-

1450 1499 1560 1548 mul
1577 1505 1858 1548 excusatur
1879 1496 2037 1548 filiam
2061 1496 2418 1559 denegaturus
2432 1507 2513 1543 so·

1454 1589 1564 1625 cer.
1587 1575 1832 1624 Donatus.

1522 1655 1619 1700 119
1651 1650 1799 1700 Hm
1837 1647 2159 1714 peregrinam]
2215 1647 2360 1697 Hane
2394 1659 2513 1696 cum

1456 1732 1757 1792 contemptu
1781 1726 1976 1776 dictum
2001 1734 2098 1786 est,
2116 1730 2174 1776 at
2186 1723 2512 1788 peregrinam,

1454 1811 1515 1854 ut
1530 1803 1677 1853 alibi:
1701 1803 1943 1853 ‘Adeone
1974 1808 2057 1852 est
2077 1801 2292 1851 demens
2315 1814 2381 1849 ex
2404 1812 2519 1862 per-

1456 1881 1636 1944 egriua
1654 1879 1687 1929 ?'
1732 1894 1847 1929 nam
1870 1879 1968 1928 lioc
1989 1878 2198 1928 nomine
2213 1876 2517 1927 meretrices

1456 1958 1617 2007 etiam
1639 1957 2056 2007 nominabantur.
2090 1955 2240 2004 Idm.

1522 2034 1859 2098 Peregrinam]
1890 2032 2035 2083 Male
2060 2029 2343 2080 audiebant
2367 2040 2518 2090 pere-

1456 2110 1638 2173 grinae,
1679 2118 1924 2174 tanquam
1961 2107 2285 2158 meretrices.
2335 2105 2519 2154 Farno-

1457 2187 1581 2239 bins.

1522 2263 1631 2324 Ego
1674 2260 1796 2311 illud
1826 2259 2011 2323 naulo]
2061 2261 2274 2311 Quanto
2321 2254 2516 2309 affectu

1458 2348 1613 2405 pater
1630 2338 1844 2405 factum,
1860 2339 1999 2406 quod
2016 2338 2241 2400 viderat,
2255 2336 2483 2401 negabat
2503 2336 2517 2384 l

1457 2419 1697 2473 Donatum.

1526 2495 1721 2558 Sedulo]
1756 2493 2026 2548 Quomodo
2064 2492 2238 2552 sedulo,
2284 2489 2329 2540 si
2369 2503 2525 2553 nega·-

1461 2572 1590 2622 bat?
1624 2587 1689 2622 au
1708 2572 1887 2633 sedulo,
1906 2577 1966 2620 ut
1988 2568 2179 2619 Sosiae?
2212 2567 2265 2616 id
2288 2572 2388 2630 est,
2411 2566 2529 2616 sim·

1462 2648 1691 2714 pliciter.
1725 2647 1878 2696 Idem.

1486 2781 1503 2786 ι
1528 2724 1728 2787 Sedulo]
1766 2724 1905 2775 Quia
1946 2736 2050 2772 non
2092 2720 2252 2771 semel
2293 2717 2530 2782 negavit,

1464 2802 1547 2851 vel
1569 2802 1657 2851 ille
1679 2799 1887 2849 institit.

1531 2881 1626 2929 120
1666 2874 1885 2938 Pactum]
1917 2871 2366 2938 Impersonaliter.
2401 2871 2482 2921 Id.

1531 2956 1726 3017 Negare
1749 2951 1964 3016 sactum]
1987 2948 2233 3001 Officium
2267 2947 2450 3012 patris,
2472 2952 2529 2997 et

1467 3031 1614 3080 simul
1656 3044 1749 3095 per
1771 3030 1869 3079 hoc
1906 3027 2172 3091 expressio
2195 3025 2533 3091 probationis.

1462 3109 1622 3159 Idem.
2355 3107 2374 3134 ⁶

1487 3191 1492 3198 ’
1533 3183 1625 3233 Ille
1665 3182 1815 3232 instat
1849 3179 2061 3242 sactum]
2104 3179 2347 3242 Plautus,
2406 3176 2424 3206 ⁴
2443 3178 2531 3227 In·

1468 3269 1611 3311 stare
1643 3257 1843 3309 factum
1860 3255 1896 3306 :’
1931 3257 2109 3307 similis
2148 3262 2229 3306 est
2252 3252 2531 3318 ἀρχαῖα-μύε-

1469 3338 1621 3387 Idem.
2513 3371 2518 3376 .

1535 3416 1724 3463 Instare
1745 3412 1961 3476 sactum]
1981 3411 2226 3472 Vetuste,
2247 3406 2301 3458 id
2334 3412 2436 3473 est,
2457 3408 2533 3459 in·

1469 3497 1582 3544 stat
1604 3492 1777 3542 dicere
1804 3487 2003 3539 factum
2028 3501 2164 3537 esse.
2196 3487 2348 3536 Idem.

1535 3566 1777 3632 Denique]
1811 3564 1952 3619 Quid
1986 3563 2250 3629 denique?
2288 3559 2356 3611 ad
2390 3575 2527 3611 sum-

1470 3660 1606 3695 mam
1654 3649 1924 3708 properat,
1957 3648 2016 3691 et
2056 3640 2122 3689 ad
2162 3638 2320 3690 finem
2363 3637 2531 3688 dicto·

1472 3737 1604 3773 rum.
1638 3722 1789 3771 Idem·

1537 3796 1779 3861 Denique]
1817 3795 1878 3844 Id
1899 3800 1997 3849 est,
2020 3798 2303 3858 postremo.
2334 3792 2492 3842 Idem.

1509 3879 1637 3925 [121.
1670 3871 1902 3935 Discedo]
1955 3868 2205 3933 Proprie:
2252 3883 2353 3919 non
2397 3868 2537 3918 enim

1474 3951 1622 4002 abeo.
1687 3948 1842 3999 Unde
1864 3947 2101 3998 discessio.
2137 3946 2302 3996 Idem.

1545 4028 1614 4077 Ut
1635 4028 1786 4091 quise
1801 4023 1966 4087 neget]
1985 4022 2253 4083 Probavit,
2275 4019 2412 4085 quod
2433 4034 2537 4070 non

1474 4104 1688 4155 volebat
1707 4116 1887 4162 senex,
1920 4099 2119 4149 Sosiae:
2154 4097 2323 4146 adhuc
2362 4108 2543 4159 super.

1474 4187 1638 4233 estut
1679 4180 1946 4241 ostendat,
1981 4176 2119 4242 quod
2156 4188 2260 4224 non
2300 4173 2372 4222 sit
2410 4173 2536 4224 iras-

1475 4260 1718 4322 cendum,
1738 4258 1862 4322 quin
1876 4258 2024 4319 juste
2046 4254 2319 4301 irascatur.
2349 4250 2505 4300 Idem.
2585 4299 2588 4303 Α

1542 4339 1637 4388 122
1673 4336 1783 4387 Non
1803 4330 1946 4384 tuibi
1975 4325 2198 4396 gnatum]
2236 4324 2530 4390 Ἀποσιόης
