3035 4941
794 435 1162 487 Tannum
1210 413 1666 487 Annnjsc‘r.
1710 439 1758 485 1.
1803 439 1910 488 sc,
1961 438 2022 485 v,

276 594 423 632 ¹nem
444 580 710 633 inferens:
744 583 799 631 id
818 583 941 634 anilii
952 585 1082 634 uisas
1096 592 1168 636 est
1195 585 1368 648 disere,

300 658 383 706 ubi
412 657 598 709 αἰανῆ
630 662 856 721 suspende
889 665 967 710 te.-
1000 661 1089 710 ubi
1124 662 1367 712 celeritas

298 735 644 797 admirabilis,
663 742 903 801 tauquam
917 738 974 787 in
997 753 1230 804 praeceps
1248 754 1369 789 moe·

300 820 509 863 rentem
528 825 716 877 rapere
729 814 954 864 animum
968 816 1194 866 videtur:
1216 830 1369 882 quam

296 890 569 940 elementa
605 890 896 954 literarum,
930 893 1133 941 numeri
1170 907 1371 957 vocum,

300 969 581 1018 sententiae
599 968 871 1032 absolutio,
887 969 1098 1020 nimium
1117 978 1367 1037 quantum

286 1045 620 1110 perficiunt:
656 1047 767 1097 haec
802 1047 1154 1098 consternatio
1187 1054 1368 1113 stupo-

299 1138 410 1173 rem
438 1124 612 1173 animo
633 1123 874 1186 induxit;
898 1122 1148 1188 obstupui:
1186 1129 1368 1188 stupor

303 1201 513 1250 inclusit
529 1215 739 1262 vocem3
755 1201 982 1252 obmutui.
1013 1202 1222 1252 Pudeat
1237 1203 1369 1265 illos,

291 1278 387 1343 qui
428 1280 736 1342 languorem
758 1279 1078 1329 in'l'erentio
1113 1280 1369 1341 suspicari

298 1362 610 1419 potuerunt.
647 1355 907 1412 Boeclerus.

317 1454 322 1463 ¹
368 1435 435 1480 19
465 1430 720 1494 Ducenda]
754 1432 889 1481 Mire
906 1433 1144 1482 ducenda:
1165 1447 1369 1497 semper

302 1508 403 1559 hoc
426 1522 589 1573 genus
610 1507 972 1559 declinationis
1002 1510 1366 1560 necessitatem

296 1584 570 1635 ostendit:
606 1591 665 1635 ut
702 1586 982 1650 Virgilius:
1033 1589 1049 1615 ‘
1075 1588 1149 1637 Et
1185 1602 1368 1651 pacem

302 1663 538 1726 Trojano
563 1662 628 1712 ab
652 1676 776 1727 rege
799 1663 1117 1727 petendum!
1181 1664 1371 1716 Sallus-

300 1740 439 1790 tius:
474 1740 492 1769 ‘
514 1739 810 1804 Agendum,
834 1747 992 1806 atque
1020 1739 1220 1791 obviam
1243 1755 1368 1790 eun·

310 1815 435 1866 dum
456 1822 556 1865 est.
561 1815 576 1837 '
609 1816 849 1866 Donatus.

294 1923 307 1930 —
366 1896 434 1943 20
455 1893 679 1958 Abicite,
694 1900 741 1943 et
756 1897 982 1957 suspende
992 1894 1065 1958 te]
1087 1894 1170 1945 Ad
1192 1895 1369 1959 Hodie,

295 1970 422 2021 ,cito
445 1970 660 2021 tetulit·
694 1970 759 2019 ad
783 1971 918 2020 Uxor
938 1972 1029 2022 tibi
1047 1975 1256 2023 cluendo
1278 1979 1370 2038 est,

303 2046 546 2112 Suspende
568 2053 633 2097 te.
665 2049 830 2098 Idem.

367 2125 470 2175 Abi
491 2127 608 2190 cito,
643 2131 690 2176 et
725 2128 950 2190 suspende
970 2127 1043 2191 te]
1073 2127 1154 2177 Ex
1190 2126 1370 2177 Plauti

306 2201 567 2253 Paenulo.
609 2201 753 2251 ‘Abi
778 2203 1007 2264 domum,
1030 2208 1084 2254 et
1111 2204 1369 2268 suspende

308 2277 410 2328 te!
444 2284 553 2328 act.
575 2291 613 2327 ι.
638 2293 712 2329 sc.
731 2284 780 2329 2.
816 2280 1097 2329 Far-uolnus.

296 2378 304 2387 ·
371 2359 434 2404 21
478 2356 743 2419 Obstupui:
774 2355 953 2405 censen'
989 2358 1137 2407 ullum
1164 2372 1237 2407 me
1267 2372 1370 2409 ver·

309 2429 415 2481 bam
467 2432 682 2495 potuisse
731 2430 968 2496 proloqui]
1019 2432 1088 2483 Ο.
1131 2433 1167 2483 l.
1207 2449 1250 2484 s.
1295 2434 1371 2485 ita

298 2511 590 2568 collocant,
612 2510 857 2573 obstupui.-
882 2508 1062 2559 censeu'
1084 2525 1160 2559 me
1183 2511 1373 2560 verbnm

304 2588 516 2651 potuisse
555 2589 706 2637 uuum
744 2587 986 2650 proloqui?
1027 2602 1127 2652 qua
1171 2588 1372 2637 ratione

306 2680 487 2714 versus
510 2673 595 2715 est
625 2664 936 2727 trochaicus,
970 2670 1029 2713 ut
1065 2664 1260 2716 ceteri:
1295 2670 1373 2713 at-

303 2755 410 2807 que
431 2741 480 2790 is
505 2755 709 2805 quoque
742 2740 828 2805 qui
865 2740 1096 2804 proxime
1117 2741 1372 2806 sequitur,

304 2819 346 2869 si
369 2820 488 2883 ejus
512 2819 683 2883 prima
716 2817 911 2881 syllaba
938 2817 1261 2881 praecedenti
1282 2833 1373 2882 ap-

290 2897 550 2962 plicetur.
630 2894 913 2966 Vaticanus
957 2901 1013 2943 et
1059 2895 1375 2944 Decurtatus

296 2973 516 3038 obstipui
576 2972 787 3034 habent,
841 2970 1271 3036 quemadmodum
1319 2981 1376 3023 et

303 3049 432 3100 alibi
470 3048 794 3109 Bembinus3
835 3058 893 3098 et
935 3050 1073 3112 apud
1103 3049 1374 3113 Virgilium

301 3124 700 3190 antiquissimus
739 3123 873 3174 liber
913 3125 1188 3174 Romanus.
1227 3124 1377 3174 Fa'e'r·

296 3216 413 3251 aas.

290 3316 299 3322 .
366 3281 438 3327 22
497 3276 717 3340 Ineptum
763 3278 948 3339 saltem,
997 3276 1199 3340 falsam]
1238 3278 1378 3328 .Duo

303 3359 685 3418 comparantur
740 3352 794 3401 in
848 3350 1225 3417 defensionem,
1285 3361 1378 3404 aut

301 3445 435 3483 vera
483 3436 580 3480 aut
622 3429 688 3479 ad
714 3436 935 3495 tempus
973 3430 1377 3482 accommodata.

302 3511 535 3573 Ineptum
550 3515 650 3571 est,
664 3507 801 3571 quod
815 3522 846 3557 a
863 3507 1046 3572 quovis
1067 3507 1377 3572 reprehendi

301 3593 511 3650 potest.
580 3585 780 3635 Falsum
800 3585 937 3650 quod
971 3584 1131 3633 etiam
1154 3584 1379 3648 pruden-

304 3671 418 3713 tem
442 3662 613 3728 possit
633 3660 834 3711 fallere.
870 3662 1108 3711 Donatus.

294 3773 301 3780 -
368 3745 435 3790 23
477 3740 620 3794 Quod
641 3738 792 3799 siege
817 3737 1080 3800 rescissem]
1100 3736 1157 3787 Si
1178 3752 1380 3788 mecum

299 3817 748 3868 communicasset
773 3815 930 3879 prius.
964 3815 1118 3863 Idem.

290 3929 300 3944 .
330 3894 511 3949 Quid
521 3891 762 3954 facerem]
797 3892 917 3955 lpse
942 3905 998 3940 se
1023 3891 1378 3956 reprehendit.

303 3971 465 4020 Idem.

372 4047 511 4102 Quid
526 4043 765 4107 facerem]
793 4041 1047 4108 Ὑποφορά,
1081 4043 1230 4096 Idem.

262 4151 268 4155 -
372 4127 444 4170 24
484 4123 664 4171 Utwhoc
685 4120 989 4183 nefacerem]
1022 4122 1301 4171 Tacerem:
1325 4127 1383 4171 et

305 4201 457 4276 nota,
479 4198 712 4259 facerem,
749 4211 845 4260 pro
870 4204 1118 4247 tacerem.
1151 4199 1302 4247 Idem.

375 4272 584 4335 Aliquid
608 4273 835 4335 facerem,
861 4279 916 4322 ut
943 4274 1030 4324 hoc
1065 4289 1124 4323 ue
1149 4272 1383 4334 facerem
1363 4304 1384 4337 J

307 4350 375 4402 In
400 4349 501 4400 hac
519 4348 857 4401 traductione
880 4364 1060 4401 seusus
1088 4357 1172 4401 est
1200 4343 1384 4402 obscu-

2324 421 2498 488 1069

1440 581 1568 635 rior.
1638 585 1881 636 Donatus
1902 587 1977 636 lta
2011 583 2226 650 accipit,
2258 590 2317 635 ut
2347 590 2499 649 putet

1441 660 1541 711 hoc
1562 660 1702 711 dicit
1734 661 1925 728 aliquid
1956 662 2202 724 facerem,
2233 677 2298 712 ne
2324 669 2499 712 tacere

1441 738 1566 786 mihi
1587 737 1654 787 ad
1674 738 1787 788 haec
1810 754 2023 789 necesse
2041 738 2206 800 fore13
2241 744 2297 788 ut
2325 754 2383 788 ne
2416 739 2500 787 hoc

1432 814 1661 878 facerem,
1690 814 1865 877 idest,
1898 827 1959 866 ut
1980 830 2047 866 ne
2082 824 2325 866 tacerem.
2390 814 2501 867 Alii
2599 838 2607 849 ·

1438 892 1539 941 hoc
1576 893 1758 942 volunt
1785 892 2098 956 significari:
2133 892 2322 956 aliquid
2346 890 2503 942 fecis-

1441 983 1569 1032 sem,
1611 976 1671 1018 ut
1702 984 1766 1018 ne
1804 970 1902 1020 hoc
1941 969 2187 1033 facerem,
2221 969 2274 1019 id
2309 977 2407 1032 est,
2441 976 2500 1019 ut

1441 1050 1650 1099 minime
1687 1049 1970 1112 ducerem,-
1993 1063 2145 1115 quam
2186 1055 2337 1112 pater
2376 1046 2500 1096 mihi

1442 1126 1677 1176 obtrudit
1690 1143 1716 1176 τε
1740 1126 1935 1191 aliquid
1956 1125 2214 1175 fecissem·
2234 1138 2335 1190 quo
2367 1123 2500 1173 hauc

1444 1203 1806 1253 necessitatem
1858 1202 2110 1252 ducendoe
2157 1201 2333 1252 uxoris
2374 1197 2499 1249 effu·

1444 1280 1646 1342 gissem.
1714 1280 1820 1328 Per
1858 1279 2097 1342 ambages
2140 1275 2502 1341 conquerenti·

1442 1356 1541 1408 hus
1557 1355 1836 1406 familiares
1854 1356 2059 1406 scilicet
2074 1353 2290 1414 indicat,
2304 1365 2359 1402 se
2375 1349 2503 1414 fuga

1440 1433 1542 1483 sibi
1567 1435 1921 1484 consulturum
1944 1430 2105 1483 fuisse
2125 1447 2140 1480 ι
2164 1444 2280 1478 nam
2304 1442 2367 1477 eo
2386 1442 2501 1489 pro·

1444 1509 1684 1574 graditur
1700 1509 1976 1560 amantium
1993 1505 2200 1557 rasosin
2212 1502 2499 1565 Comoedia.

1444 1588 1569 1637 Non
1603 1587 1778 1651 placet
1808 1584 1936 1638 illud
1958 1584 2155 1636 Donati
2188 1583 2253 1632 de
2292 1582 2502 1631 tacendo.

1441 1662 1730 1712 Boeclerus.

1514 1741 1581 1789 Ut
1622 1741 1707 1789 Ιιοο
1743 1756 1803 1790 ne
1835 1738 2073 1803 facerem]
2128 1738 2212 1787 Ne
2255 1736 2500 1786 ducerem

1443 1818 1597 1869 aliam
1651 1833 1859 1869 uxorem
1915 1833 2069 1884 quam
2123 1817 2500 1867 Philumenam.

1444 1894 1727 1945 Fur-nabitu.
2013 1922 2018 1931 -

1508 1973 1608 2022 Sed
1653 1971 1803 2036 nunc}
1835 1928 2179 2035 Deliberatio,
2223 1977 2280 2020 et
2323 1976 2503 2035 partes

1443 2051 1573 2115 ejus.
1607 2043 1847 2100 Donatus.

1507 2127 1606 2177 Sed
1623 2143 1743 2177 nunc
1746 2128 1883 2190 ,quid
1899 2126 2105 2199 primum
2120 2122 2346 2187 exequar]
2364 2121 2504 2172 Hac-

1443 2210 1592 2254 tenus
1631 2205 1840 2270 querela
1875 2196 2142 2253 desaeviit·
2177 2214 2313 2250 nunc
2335 2206 2503 2249 status

1446 2283 1511 2333 ad
1551 2281 1945 2331 consultandum
1980 2278 2208 2343 capitur,
2240 2275 2507 2341 proposito

1445 2360 1657 2423 negotio
1689 2375 1753 2409 ex
1788 2367 2007 2422 utraque
2041 2361 2209 2419 parte.
2277 2351 2359 2402 Ab
2403 2365 2507 2401 una

1446 2445 1601 2504 parte
1639 2444 1779 2488 stat:
1812 2438 1828 2465 ‘
1854 2437 2015 2487 Amor
2054 2440 2111 2485 et
2151 2429 2508 2484 misericordia

1446 2515 1638 2580 hujus‚’
1669 2514 1901 2579 Glycerii
1924 2528 1995 2563 sc.
2020 2511 2195 2562 statim
2218 2508 2356 2559 enim
2380 2521 2507 2571 pon-

1447 2592 1547 2642 dus
1574 2592 1943 2642 contribuit-in
1977 2590 2110 2638 hanc
2132 2588 2356 2647 lancem,
2385 2596 2506 2633 cum

1444 2669 1772 2719 misericordia
1789 2670 1868 2731 (iu
1890 2682 1991 2732 qua
2012 2672 2068 2715 et
2089 2662 2316 2729 justitiae
2341 2667 2396 2709 et
2417 2660 2508 2708 hu-

1445 2747 1711 2796 manitatis
1747 2747 1954 2795 nomina
1983 2741 2188 2805 insunt)
2223 2755 2279 2789 se
2316 2737 2510 2788 moveri

1444 2822 1692 2883 ostendit,
1736 2835 1836 2886 quo
1876 2822 2045 2870 minus
2086 2824 2305 2867 amatam
2350 2814 2511 2863 desti·

1448 2905 1595 2959 tuat3
1631 2898 1721 2947 sed
1756 2900 1853 2947 hoc
1887 2903 2067 2961 postea
2103 2892 2328 2943 oratoria
2357 2889 2510 2953 copia

1448 2982 1507 3026 et
1535 2974 1767 3027 efficacia
1785 2975 2047 3030 tractabit,
2066 2972 2272 3021 nuncin
2293 2969 2509 3019 alteram

1450 3060 1651 3117 partem
1696 3055 1922 3102 animum
1965 3051 2140 3111 trahit,
2172 3050 2188 3077 ‘
2213 3045 2512 3110 nuptiarum

1447 3131 1762 3193 sollicitudo,
1783 3129 1919 3179 tum’
1944 3128 2066 3193 (hoc
2089 3121 2509 3176 momento'enim

1451 3208 1542 3257 illa
1559 3207 1943 3271 praegravatur)
1965 3207 1981 3235 ⁸
2001 3204 2165 3269 patris
2187 3197 2398 3265 pudor3'
2415 3206 2512 3247 nec

1452 3287 1823 3351 qualiscunque
1847 3284 2028 3349 patris,
2055 3280 2148 3331 sed
2170 3278 2514 3343 indulgentis-

1451 3363 1595 3413 simi:
1633 3362 1768 3428 quod
1793 3378 1859 3411 ex
1893 3376 1984 3411 ore
2017 3359 2112 3409 filii
2144 3353 2510 3421 ingens-testi·

1450 3440 1675 3490 monium
1718 3439 1975 3489 attollitur
2015 3433 2387 3500 descriptione,
2416 3433 2515 3494 ,qui

1450 3532 1527 3567 me
1559 3523 1659 3567 tam
1693 3519 1803 3578 lem,
1823 3519 1903 3579 &a
1937 3515 2020 3565 cui
2056 3508 2398 3562 honestissimi
2426 3521 2515 3571 ge-

1453 3594 1592 3644 neris
1613 3592 1756 3644 πάθος
1775 3591 2106 3657 adjungitur:
2126 3589 2229 3638 eine
2248 3601 2335 3648 ego
2352 3589 2407 3634 at
2426 3586 2511 3633 ad·
2579 3593 2580 3596 ’

1450 3676 1641 3719 verser?
1676 3671 1765 3719 heu
1804 3668 1960 3719 mihi!
2000 3665 2169 3715 donec
2206 3660 2513 3712 conficiatur

1453 3745 1582 3795 illud
1606 3760 1759 3810 poene
1779 3741 2106 3804 incredibile,
2129 3740 2183 3788 iu
2206 3743 2433 3798 amante,
2457 3742 2515 3786 et

1453 3822 1810 3882 adolescente,
1853 3827 1909 3870 et
1951 3817 2233 3868 obstricto:
2283 3815 2516 3863 mmm

1452 3903 1542 3958 est,
1560 3898 1672 3961 quid
1689 3911 1850 3959 agam.
1895 3895 2000 3945 Hic
2018 3893 2368 3958 opportunum
2379 3895 2515 3950 erat,

1455 3973 1719 4038 Mysidem
1741 3971 2088 4024 intervenire:
2127 3982 2245 4033 quae
2268 3971 2325 4014 et
2342 3965 2517 4013 hacte-

1453 4063 1549 4099 nus
1560 4050 1715 4099 fidam
1730 4064 1824 4114 pro
1837 4048 2087 4113 Glycerio
2098 4041 2517 4103 sollicitudiuem,

1455 4129 1694 4188 theatr03
1728 4136 1785 4177 et
1818 4141 1977 4188 nunc,
2011 4137 2114 4173 non
2139 4121 2250 4170 sine
2272 4131 2515 4168 successu
2617 4149 2621 4154 -

1456 4206 1676 4263 consilii,
1713 4202 1985 4268 Pamphilo
2027 4196 2317 4263 approbat:
2352 4194 2515 4243 incu-

1448 4283 1539 4346 jus
1570 4281 1821 4338 oratione,
1855 4273 2193 4343 penetrabilis
2213 4271 2303 4319 illa
2324 4270 2515 4328 instau-

1458 4360 1552 4422 tia,
1591 4357 1716 4423 quid
1759 4371 1862 4406 non
1903 4349 2169 4405 efficeret?
2221 4362 2359 4410 cum,
2395 4349 2516 4409 post
