<?xml version="1.0" encoding="UTF-8"?>
<!DOCTYPE html PUBLIC "-//W3C//DTD XHTML 1.0 Transitional//EN"
    "http://www.w3.org/TR/xhtml1/DTD/xhtml1-transitional.dtd">
<html xmlns="http://www.w3.org/1999/xhtml" xml:lang="en" lang="en">
 <head>
  <title>
</title>
<meta http-equiv="Content-Type" content="text/html;charset=utf-8" />
  <meta name='ocr-system' content='tesseract 3.04.00' />
  <meta name='ocr-capabilities' content='ocr_page ocr_carea ocr_par ocr_line ocrx_word'/>
</head>
<body>
  <div class='ocr_page' id='page_1' title='image "./comoedisexvolum00westgoog_0046.png"; bbox 0 0 3035 4941; ppageno 0'>
   <div class='ocr_carea' id='block_1_1' title="bbox 513 368 685 437">
    <p class='ocr_par' dir='ltr' id='par_1_1' title="bbox 513 368 685 437">
     <span class='ocr_line' id='line_1_1' title="bbox 513 368 685 437; baseline 0.006 -1"><span class='ocrx_word' id='word_1_1' title='bbox 513 368 685 437; x_wconf 71' lang='lat'><strong>1056</strong></span> 
     </span>
    </p>
   </div>
   <div class='ocr_carea' id='block_1_2' title="bbox 460 527 1573 1441">
    <p class='ocr_par' dir='ltr' id='par_1_2' title="bbox 509 527 1570 811">
     <span class='ocr_line' id='line_1_2' title="bbox 511 527 1567 594; baseline -0.006 -11"><span class='ocrx_word' id='word_1_2' title='bbox 511 546 626 584; x_wconf 87' lang='lat' dir='ltr'><strong>esse</strong></span> <span class='ocrx_word' id='word_1_3' title='bbox 658 529 988 594; x_wconf 80' lang='lat' dir='ltr'><strong>intelligitur,</strong></span> <span class='ocrx_word' id='word_1_4' title='bbox 1009 530 1195 580; x_wconf 84' lang='lat' dir='ltr'><strong>Davus</strong></span> <span class='ocrx_word' id='word_1_5' title='bbox 1214 527 1460 578; x_wconf 79' lang='lat' dir='ltr'><strong>eludendi</strong></span> <span class='ocrx_word' id='word_1_6' title='bbox 1479 541 1567 578; x_wconf 87' lang='lat' dir='ltr'><strong>oc·</strong></span> 
     </span>
     <span class='ocr_line' id='line_1_3' title="bbox 509 606 1568 672; baseline -0.007 -12"><span class='ocrx_word' id='word_1_7' title='bbox 509 610 770 660; x_wconf 75' lang='lat' dir='ltr'><strong>tensionem</strong></span> <span class='ocrx_word' id='word_1_8' title='bbox 810 613 1046 672; x_wconf 82' lang='lat' dir='ltr'><strong>captans,</strong></span> <span class='ocrx_word' id='word_1_9' title='bbox 1084 607 1138 656; x_wconf 76' lang='lat' dir='ltr'><strong>id</strong></span> <span class='ocrx_word' id='word_1_10' title='bbox 1187 606 1386 670; x_wconf 70' lang='lat' dir='ltr'><strong>populns</strong></span> <span class='ocrx_word' id='word_1_11' title='bbox 1430 610 1568 654; x_wconf 76' lang='lat' dir='ltr'><strong>curat</strong></span> 
     </span>
     <span class='ocr_line' id='line_1_4' title="bbox 511 682 1570 747; baseline -0.006 -11"><span class='ocrx_word' id='word_1_12' title='bbox 511 686 707 747; x_wconf 76' lang='lat' dir='ltr'><strong>scilicet,</strong></span> <span class='ocrx_word' id='word_1_13' title='bbox 729 685 916 747; x_wconf 85' lang='lat' dir='ltr'><strong>inquit,</strong></span> <span class='ocrx_word' id='word_1_14' title='bbox 950 682 1003 732; x_wconf 91' lang='lat' dir='ltr'><strong>id</strong></span> <span class='ocrx_word' id='word_1_15' title='bbox 1041 690 1144 744; x_wconf 91' lang='lat' dir='ltr'><strong>est,</strong></span> <span class='ocrx_word' id='word_1_16' title='bbox 1177 682 1325 747; x_wconf 85' lang='lat' dir='ltr'><strong>quasi</strong></span> <span class='ocrx_word' id='word_1_17' title='bbox 1348 683 1570 745; x_wconf 83' lang='lat' dir='ltr'><strong>populus</strong></span> 
     </span>
     <span class='ocr_line' id='line_1_5' title="bbox 511 757 1571 811; baseline -0.005 0"><span class='ocrx_word' id='word_1_18' title='bbox 511 762 578 811; x_wconf 91' lang='lat' dir='ltr'><strong>de</strong></span> <span class='ocrx_word' id='word_1_19' title='bbox 601 761 776 810; x_wconf 78' lang='lat' dir='ltr'><strong>amore</strong></span> <span class='ocrx_word' id='word_1_20' title='bbox 798 758 949 809; x_wconf 89' lang='lat' dir='ltr'><strong>unius</strong></span> <span class='ocrx_word' id='word_1_21' title='bbox 983 757 1357 808; x_wconf 77' lang='lat' dir='ltr'><strong>adolescentuli</strong></span> <span class='ocrx_word' id='word_1_22' title='bbox 1378 757 1571 806; x_wconf 86' lang='lat' dir='ltr'><strong>sollici-</strong></span> 
     </span>
    </p>

    <p class='ocr_par' dir='ltr' id='par_1_3' title="bbox 511 834 1567 888">
     <span class='ocr_line' id='line_1_6' title="bbox 511 834 1567 888; baseline -0.008 0"><span class='ocrx_word' id='word_1_23' title='bbox 511 846 597 888; x_wconf 89' lang='lat' dir='ltr'><strong>tus</strong></span> <span class='ocrx_word' id='word_1_24' title='bbox 619 842 776 887; x_wconf 89' lang='lat' dir='ltr'><strong>esset.</strong></span> <span class='ocrx_word' id='word_1_25' title='bbox 842 834 948 884; x_wconf 85' lang='lat' dir='ltr'><strong>Sed</strong></span> <span class='ocrx_word' id='word_1_26' title='bbox 970 834 1130 882; x_wconf 89' lang='lat' dir='ltr'><strong>instat</strong></span> <span class='ocrx_word' id='word_1_27' title='bbox 1151 834 1339 882; x_wconf 87' lang='lat' dir='ltr'><strong>iterum</strong></span> <span class='ocrx_word' id='word_1_28' title='bbox 1373 847 1567 882; x_wconf 86' lang='lat' dir='ltr'><strong>senex:</strong></span> 
     </span>
    </p>

    <p class='ocr_par' dir='ltr' id='par_1_4' title="bbox 460 910 1573 1441">
     <span class='ocr_line' id='line_1_7' title="bbox 509 910 1570 978; baseline -0.008 -11"><span class='ocrx_word' id='word_1_29' title='bbox 509 917 696 966; x_wconf 65' lang='lat' dir='ltr'><strong>sweine</strong></span> <span class='ocrx_word' id='word_1_30' title='bbox 715 914 842 978; x_wconf 73' lang='lat' dir='ltr'><strong>agis,</strong></span> <span class='ocrx_word' id='word_1_31' title='bbox 858 929 921 962; x_wconf 81' lang='grc' dir='ltr'><strong>αιι</strong></span> <span class='ocrx_word' id='word_1_32' title='bbox 939 917 1062 962; x_wconf 73' lang='lat' dir='ltr'><strong>uon?</strong></span> <span class='ocrx_word' id='word_1_33' title='bbox 1084 910 1370 977; x_wconf 85' lang='lat' dir='ltr'><strong>praecidere</strong></span> <span class='ocrx_word' id='word_1_34' title='bbox 1389 911 1570 961; x_wconf 87' lang='lat' dir='ltr'><strong>volens</strong></span> 
     </span>
     <span class='ocr_line' id='line_1_8' title="bbox 460 981 1571 1051; baseline -0.006 -8"><span class='ocrx_word' id='word_1_35' title='bbox 460 981 465 987; x_wconf 47' lang='lat'>⁸</span> <span class='ocrx_word' id='word_1_36' title='bbox 513 1007 715 1043; x_wconf 91' lang='lat' dir='ltr'><strong>omnem</strong></span> <span class='ocrx_word' id='word_1_37' title='bbox 739 990 981 1040; x_wconf 90' lang='lat' dir='ltr'><strong>elabendi</strong></span> <span class='ocrx_word' id='word_1_38' title='bbox 1013 988 1362 1051; x_wconf 74' lang='lat' dir='ltr'><strong>occasionem,</strong></span> <span class='ocrx_word' id='word_1_39' title='bbox 1399 995 1571 1051; x_wconf 81' lang='lat' dir='ltr'><strong>atten—</strong></span> 
     </span>
     <span class='ocr_line' id='line_1_9' title="bbox 510 1063 1571 1130; baseline -0.006 -11"><span class='ocrx_word' id='word_1_40' title='bbox 510 1069 639 1119; x_wconf 86' lang='lat' dir='ltr'><strong>dere</strong></span> <span class='ocrx_word' id='word_1_41' title='bbox 674 1069 902 1118; x_wconf 85' lang='lat' dir='ltr'><strong>animum</strong></span> <span class='ocrx_word' id='word_1_42' title='bbox 932 1066 1107 1130; x_wconf 87' lang='lat' dir='ltr'><strong>jubet,</strong></span> <span class='ocrx_word' id='word_1_43' title='bbox 1144 1072 1201 1114; x_wconf 90' lang='lat' dir='ltr'><strong>et</strong></span> <span class='ocrx_word' id='word_1_44' title='bbox 1238 1063 1304 1114; x_wconf 88' lang='lat' dir='ltr'><strong>ad</strong></span> <span class='ocrx_word' id='word_1_45' title='bbox 1342 1079 1452 1114; x_wconf 85' lang='lat' dir='ltr'><strong>rcm</strong></span> <span class='ocrx_word' id='word_1_46' title='bbox 1487 1079 1571 1113; x_wconf 89' lang='lat' dir='ltr'><strong>re-</strong></span> 
     </span>
     <span class='ocr_line' id='line_1_10' title="bbox 509 1141 1573 1210; baseline -0.005 -16"><span class='ocrx_word' id='word_1_47' title='bbox 509 1145 785 1210; x_wconf 88' lang='lat' dir='ltr'><strong>spondere,</strong></span> <span class='ocrx_word' id='word_1_48' title='bbox 825 1142 964 1193; x_wconf 89' lang='lat' dir='ltr'><strong>unde</strong></span> <span class='ocrx_word' id='word_1_49' title='bbox 1016 1143 1330 1193; x_wconf 87' lang='lat' dir='ltr'><strong>constrictus</strong></span> <span class='ocrx_word' id='word_1_50' title='bbox 1372 1141 1573 1202; x_wconf 85' lang='lat' dir='ltr'><strong>Davus,</strong></span> 
     </span>
     <span class='ocr_line' id='line_1_11' title="bbox 509 1219 1571 1286; baseline -0.005 -14"><span class='ocrx_word' id='word_1_51' title='bbox 509 1239 596 1285; x_wconf 79' lang='lat' dir='ltr'><strong>ego</strong></span> <span class='ocrx_word' id='word_1_52' title='bbox 612 1237 723 1272; x_wconf 77' lang='lat' dir='ltr'><strong>vero</strong></span> <span class='ocrx_word' id='word_1_53' title='bbox 743 1223 868 1270; x_wconf 70' lang='lat' dir='ltr'><strong>istuc</strong></span> <span class='ocrx_word' id='word_1_54' title='bbox 887 1236 998 1285; x_wconf 79' lang='lat' dir='ltr'><strong>ago,</strong></span> <span class='ocrx_word' id='word_1_55' title='bbox 1022 1221 1192 1286; x_wconf 87' lang='lat' dir='ltr'><strong>inquit</strong></span> <span class='ocrx_word' id='word_1_56' title='bbox 1210 1238 1223 1268; x_wconf 77' lang='lat' dir='ltr'>z</span> <span class='ocrx_word' id='word_1_57' title='bbox 1248 1228 1304 1269; x_wconf 86' lang='lat' dir='ltr'><strong>et</strong></span> <span class='ocrx_word' id='word_1_58' title='bbox 1326 1219 1571 1269; x_wconf 74' lang='lat' dir='ltr'><strong>simulans</strong></span> 
     </span>
     <span class='ocr_line' id='line_1_12' title="bbox 511 1296 1571 1362; baseline -0.005 -13"><span class='ocrx_word' id='word_1_59' title='bbox 511 1300 854 1349; x_wconf 75' lang='lat' dir='ltr'><strong>attentionem</strong></span> <span class='ocrx_word' id='word_1_60' title='bbox 898 1299 1227 1362; x_wconf 80' lang='lat' dir='ltr'><strong>singularem,</strong></span> <span class='ocrx_word' id='word_1_61' title='bbox 1269 1312 1385 1347; x_wconf 89' lang='lat' dir='ltr'><strong>cum</strong></span> <span class='ocrx_word' id='word_1_62' title='bbox 1428 1296 1571 1345; x_wconf 84' lang='lat' dir='ltr'><strong>Simo</strong></span> 
     </span>
     <span class='ocr_line' id='line_1_13' title="bbox 511 1373 1571 1441; baseline -0.002 -17"><span class='ocrx_word' id='word_1_63' title='bbox 511 1390 620 1426; x_wconf 90' lang='lat' dir='ltr'><strong>rem</strong></span> <span class='ocrx_word' id='word_1_64' title='bbox 638 1376 804 1441; x_wconf 78' lang='lat' dir='ltr'><strong>ipsam</strong></span> <span class='ocrx_word' id='word_1_65' title='bbox 829 1382 1085 1441; x_wconf 75' lang='lat' dir='ltr'><strong>coeptaret</strong></span> <span class='ocrx_word' id='word_1_66' title='bbox 1107 1375 1379 1436; x_wconf 79' lang='lat' dir='ltr'><strong>disserere,</strong></span> <span class='ocrx_word' id='word_1_67' title='bbox 1408 1373 1460 1422; x_wconf 92' lang='lat' dir='ltr'><strong>in</strong></span> <span class='ocrx_word' id='word_1_68' title='bbox 1495 1373 1571 1437; x_wconf 80' lang='lat' dir='ltr'><strong>ig·</strong></span> 
     </span>
    </p>
   </div>
   <div class='ocr_carea' id='block_1_3' title="bbox 408 1452 1571 1514">
    <p class='ocr_par' dir='ltr' id='par_1_5' title="bbox 408 1452 1571 1514">
     <span class='ocr_line' id='line_1_14' title="bbox 408 1452 1571 1514; baseline -0.001 -13"><span class='ocrx_word' id='word_1_69' title='bbox 408 1496 409 1501; x_wconf 75' lang='grc'>,</span> <span class='ocrx_word' id='word_1_70' title='bbox 510 1453 800 1503; x_wconf 81' lang='lat' dir='ltr'><strong>norantiam</strong></span> <span class='ocrx_word' id='word_1_71' title='bbox 837 1460 894 1502; x_wconf 91' lang='lat' dir='ltr'><strong>et</strong></span> <span class='ocrx_word' id='word_1_72' title='bbox 931 1452 1324 1502; x_wconf 82' lang='lat' dir='ltr'><strong>admirationem</strong></span> <span class='ocrx_word' id='word_1_73' title='bbox 1362 1465 1571 1514; x_wconf 89' lang='lat' dir='ltr'><strong>compo-</strong></span> 
     </span>
    </p>
   </div>
   <div class='ocr_carea' id='block_1_4' title="bbox 470 1528 1574 4370">
    <p class='ocr_par' dir='ltr' id='par_1_6' title="bbox 470 1528 1574 2826">
     <span class='ocr_line' id='line_1_15' title="bbox 513 1528 1571 1594; baseline -0.001 -15"><span class='ocrx_word' id='word_1_74' title='bbox 513 1529 666 1591; x_wconf 88' lang='lat' dir='ltr'><strong>situs,</strong></span> <span class='ocrx_word' id='word_1_75' title='bbox 709 1531 783 1580; x_wconf 89' lang='lat' dir='ltr'><strong>ait</strong></span> <span class='ocrx_word' id='word_1_76' title='bbox 810 1545 832 1581; x_wconf 70' lang='grc' dir='ltr'><strong>,ι</strong></span> <span class='ocrx_word' id='word_1_77' title='bbox 899 1531 984 1580; x_wconf 75' lang='lat' dir='ltr'><strong>hoc</strong></span> <span class='ocrx_word' id='word_1_78' title='bbox 1025 1531 1145 1594; x_wconf 75' lang='lat' dir='ltr'><strong>quod</strong></span> <span class='ocrx_word' id='word_1_79' title='bbox 1185 1529 1272 1592; x_wconf 71' lang='lat' dir='ltr'><strong>sit,</strong></span> <span class='ocrx_word' id='word_1_80' title='bbox 1313 1528 1428 1579; x_wconf 88' lang='lat' dir='ltr'><strong>sub.</strong></span> <span class='ocrx_word' id='word_1_81' title='bbox 1467 1543 1571 1578; x_wconf 90' lang='lat' dir='ltr'><strong>non</strong></span> 
     </span>
     <span class='ocr_line' id='line_1_16' title="bbox 509 1606 1571 1671; baseline -0.002 -16"><span class='ocrx_word' id='word_1_82' title='bbox 509 1606 772 1669; x_wconf 82' lang='lat' dir='ltr'><strong>intelligo:</strong></span> <span class='ocrx_word' id='word_1_83' title='bbox 808 1606 861 1654; x_wconf 91' lang='lat' dir='ltr'><strong>in</strong></span> <span class='ocrx_word' id='word_1_84' title='bbox 885 1621 987 1671; x_wconf 91' lang='lat' dir='ltr'><strong>qua</strong></span> <span class='ocrx_word' id='word_1_85' title='bbox 1008 1606 1333 1655; x_wconf 79' lang='lat' dir='ltr'><strong>simulatione</strong></span> <span class='ocrx_word' id='word_1_86' title='bbox 1349 1610 1571 1670; x_wconf 83' lang='lat' dir='ltr'><strong>perstat,</strong></span> 
     </span>
     <span class='ocr_line' id='line_1_17' title="bbox 510 1683 1570 1734; baseline -0.004 0"><span class='ocrx_word' id='word_1_87' title='bbox 510 1684 680 1734; x_wconf 79' lang='lat' dir='ltr'><strong>donec</strong></span> <span class='ocrx_word' id='word_1_88' title='bbox 725 1684 862 1734; x_wconf 88' lang='lat' dir='ltr'><strong>senis</strong></span> <span class='ocrx_word' id='word_1_89' title='bbox 905 1683 1328 1734; x_wconf 84' lang='lat' dir='ltr'><strong>interminatione</strong></span> <span class='ocrx_word' id='word_1_90' title='bbox 1370 1683 1570 1732; x_wconf 87' lang='lat' dir='ltr'><strong>excuti-</strong></span> 
     </span>
     <span class='ocr_line' id='line_1_18' title="bbox 512 1759 1571 1824; baseline -0.004 -13"><span class='ocrx_word' id='word_1_91' title='bbox 512 1769 617 1813; x_wconf 84' lang='lat' dir='ltr'><strong>tur.</strong></span> <span class='ocrx_word' id='word_1_92' title='bbox 681 1759 878 1813; x_wconf 80' lang='lat' dir='ltr'><strong>Confer</strong></span> <span class='ocrx_word' id='word_1_93' title='bbox 915 1761 1122 1810; x_wconf 90' lang='lat' dir='ltr'><strong>omnino</strong></span> <span class='ocrx_word' id='word_1_94' title='bbox 1158 1761 1222 1810; x_wconf 88' lang='lat' dir='ltr'><strong>ad</strong></span> <span class='ocrx_word' id='word_1_95' title='bbox 1257 1760 1571 1824; x_wconf 86' lang='lat' dir='ltr'><strong>principium</strong></span> 
     </span>
     <span class='ocr_line' id='line_1_19' title="bbox 509 1837 1572 1906; baseline -0.002 -18"><span class='ocrx_word' id='word_1_96' title='bbox 509 1839 664 1906; x_wconf 81' lang='lat' dir='ltr'><strong>hujus</strong></span> <span class='ocrx_word' id='word_1_97' title='bbox 710 1846 873 1898; x_wconf 90' lang='lat' dir='ltr'><strong>astus,</strong></span> <span class='ocrx_word' id='word_1_98' title='bbox 911 1838 966 1888; x_wconf 89' lang='lat' dir='ltr'><strong>id</strong></span> <span class='ocrx_word' id='word_1_99' title='bbox 1006 1845 1109 1900; x_wconf 88' lang='lat' dir='ltr'><strong>est,</strong></span> <span class='ocrx_word' id='word_1_100' title='bbox 1146 1838 1210 1887; x_wconf 87' lang='lat' dir='ltr'><strong>ad</strong></span> <span class='ocrx_word' id='word_1_101' title='bbox 1251 1838 1394 1887; x_wconf 86' lang='lat' dir='ltr'><strong>illam</strong></span> <span class='ocrx_word' id='word_1_102' title='bbox 1437 1837 1572 1887; x_wconf 83' lang='lat' dir='ltr'><strong>Davi</strong></span> 
     </span>
     <span class='ocr_line' id='line_1_20' title="bbox 511 1917 1573 1980; baseline -0.003 -14"><span class='ocrx_word' id='word_1_103' title='bbox 511 1917 1015 1980; x_wconf 78' lang='lat' dir='ltr'><strong>tergiversationem,</strong></span> <span class='ocrx_word' id='word_1_104' title='bbox 1053 1922 1156 1965; x_wconf 84' lang='lat' dir='ltr'><strong>act.</strong></span> <span class='ocrx_word' id='word_1_105' title='bbox 1196 1929 1258 1965; x_wconf 82' lang='lat' dir='ltr'><strong>n.</strong></span> <span class='ocrx_word' id='word_1_106' title='bbox 1292 1930 1366 1966; x_wconf 89' lang='lat' dir='ltr'><strong>sc.</strong></span> <span class='ocrx_word' id='word_1_107' title='bbox 1402 1918 1452 1964; x_wconf 83' lang='lat'><strong>6.</strong></span> <span class='ocrx_word' id='word_1_108' title='bbox 1491 1928 1573 1979; x_wconf 88' lang='lat' dir='ltr'><strong>pr.</strong></span> 
     </span>
     <span class='ocr_line' id='line_1_21' title="bbox 512 1991 1573 2057; baseline -0.001 -15"><span class='ocrx_word' id='word_1_109' title='bbox 512 1991 696 2043; x_wconf 80' lang='lat' dir='ltr'><strong>Gallus</strong></span> <span class='ocrx_word' id='word_1_110' title='bbox 718 1993 974 2057; x_wconf 83' lang='lat' dir='ltr'><strong>interpres</strong></span> <span class='ocrx_word' id='word_1_111' title='bbox 1003 1992 1078 2042; x_wconf 85' lang='lat' dir='ltr'><strong>ita</strong></span> <span class='ocrx_word' id='word_1_112' title='bbox 1101 1993 1295 2056; x_wconf 89' lang='lat' dir='ltr'><strong>accipit</strong></span> <span class='ocrx_word' id='word_1_113' title='bbox 1316 1991 1434 2043; x_wconf 81' lang='lat' dir='ltr'><strong>ills·</strong></span> <span class='ocrx_word' id='word_1_114' title='bbox 1456 1993 1573 2055; x_wconf 74' lang='lat' dir='ltr'><strong>quid</strong></span> 
     </span>
     <span class='ocr_line' id='line_1_22' title="bbox 511 2068 1572 2134; baseline 0.002 -16"><span class='ocrx_word' id='word_1_115' title='bbox 511 2070 602 2127; x_wconf 81' lang='lat' dir='ltr'><strong>ais,</strong></span> <span class='ocrx_word' id='word_1_116' title='bbox 625 2070 677 2119; x_wconf 88' lang='lat' dir='ltr'><strong>id</strong></span> <span class='ocrx_word' id='word_1_117' title='bbox 700 2076 800 2134; x_wconf 85' lang='lat' dir='ltr'><strong>est,</strong></span> <span class='ocrx_word' id='word_1_118' title='bbox 827 2069 952 2134; x_wconf 88' lang='lat' dir='ltr'><strong>quid</strong></span> <span class='ocrx_word' id='word_1_119' title='bbox 989 2068 1197 2119; x_wconf 87' lang='lat' dir='ltr'><strong>videtur</strong></span> <span class='ocrx_word' id='word_1_120' title='bbox 1229 2069 1360 2119; x_wconf 83' lang='lat' dir='ltr'><strong>tibi?</strong></span> <span class='ocrx_word' id='word_1_121' title='bbox 1397 2085 1492 2134; x_wconf 68' lang='lat' dir='ltr'><strong>qua</strong></span> <span class='ocrx_word' id='word_1_122' title='bbox 1512 2072 1572 2120; x_wconf 78' lang='lat' dir='ltr'><strong>de</strong></span> 
     </span>
     <span class='ocr_line' id='line_1_23' title="bbox 509 2145 1571 2211; baseline 0.001 -15"><span class='ocrx_word' id='word_1_123' title='bbox 509 2151 593 2196; x_wconf 78' lang='lat' dir='ltr'><strong>re?</strong></span> <span class='ocrx_word' id='word_1_124' title='bbox 624 2147 675 2196; x_wconf 86' lang='lat' dir='ltr'><strong>id</strong></span> <span class='ocrx_word' id='word_1_125' title='bbox 700 2152 798 2208; x_wconf 81' lang='lat' dir='ltr'><strong>est,</strong></span> <span class='ocrx_word' id='word_1_126' title='bbox 819 2145 886 2196; x_wconf 85' lang='lat' dir='ltr'><strong>de</strong></span> <span class='ocrx_word' id='word_1_127' title='bbox 920 2161 1023 2211; x_wconf 90' lang='lat' dir='ltr'><strong>qua</strong></span> <span class='ocrx_word' id='word_1_128' title='bbox 1055 2160 1111 2196; x_wconf 89' lang='lat' dir='ltr'><strong>re</strong></span> <span class='ocrx_word' id='word_1_129' title='bbox 1148 2146 1394 2211; x_wconf 87' lang='lat' dir='ltr'><strong>loqueris,</strong></span> <span class='ocrx_word' id='word_1_130' title='bbox 1425 2147 1571 2203; x_wconf 80' lang='lat' dir='ltr'><strong>here,</strong></span> 
     </span>
     <span class='ocr_line' id='line_1_24' title="bbox 510 2221 1572 2288; baseline -0.002 -16"><span class='ocrx_word' id='word_1_131' title='bbox 510 2229 600 2272; x_wconf 87' lang='lat' dir='ltr'><strong>aut</strong></span> <span class='ocrx_word' id='word_1_132' title='bbox 637 2224 945 2286; x_wconf 80' lang='lat' dir='ltr'><strong>interrogas,</strong></span> <span class='ocrx_word' id='word_1_133' title='bbox 985 2222 1109 2288; x_wconf 87' lang='lat' dir='ltr'><strong>quid</strong></span> <span class='ocrx_word' id='word_1_134' title='bbox 1144 2223 1269 2273; x_wconf 87' lang='lat' dir='ltr'><strong>mihi</strong></span> <span class='ocrx_word' id='word_1_135' title='bbox 1297 2221 1572 2274; x_wconf 83' lang='lat' dir='ltr'><strong>videatur?</strong></span> 
     </span>
     <span class='ocr_line' id='line_1_25' title="bbox 508 2304 1570 2363; baseline -0.002 -13"><span class='ocrx_word' id='word_1_136' title='bbox 508 2305 684 2363; x_wconf 76' lang='lat' dir='ltr'><strong>rogas?</strong></span> <span class='ocrx_word' id='word_1_137' title='bbox 714 2315 866 2350; x_wconf 83' lang='lat' dir='ltr'><strong>meum</strong></span> <span class='ocrx_word' id='word_1_138' title='bbox 883 2305 1086 2362; x_wconf 75' lang='lat' dir='ltr'><strong>gnatum</strong></span> <span class='ocrx_word' id='word_1_139' title='bbox 1105 2313 1269 2349; x_wconf 77' lang='lat' dir='ltr'><strong>rumor</strong></span> <span class='ocrx_word' id='word_1_140' title='bbox 1283 2304 1355 2349; x_wconf 78' lang='lat' dir='ltr'><strong>est</strong></span> <span class='ocrx_word' id='word_1_141' title='bbox 1376 2314 1537 2349; x_wconf 66' lang='lat' dir='ltr'><strong>nature</strong></span> <span class='ocrx_word' id='word_1_142' title='bbox 1552 2316 1570 2348; x_wconf 80' lang='lat'><strong>.-</strong></span> 
     </span>
     <span class='ocr_line' id='line_1_26' title="bbox 470 2376 1569 2439; baseline -0.002 -13"><span class='ocrx_word' id='word_1_143' title='bbox 470 2416 471 2437; x_wconf 59' lang='grc'>,</span> <span class='ocrx_word' id='word_1_144' title='bbox 509 2377 564 2426; x_wconf 90' lang='lat' dir='ltr'><strong>id</strong></span> <span class='ocrx_word' id='word_1_145' title='bbox 589 2384 690 2439; x_wconf 88' lang='lat' dir='ltr'><strong>est,</strong></span> <span class='ocrx_word' id='word_1_146' title='bbox 723 2391 786 2425; x_wconf 93' lang='lat' dir='ltr'><strong>an</strong></span> <span class='ocrx_word' id='word_1_147' title='bbox 811 2384 869 2426; x_wconf 89' lang='lat' dir='ltr'><strong>tu</strong></span> <span class='ocrx_word' id='word_1_148' title='bbox 901 2377 1001 2426; x_wconf 83' lang='lat' dir='ltr'><strong>hoc</strong></span> <span class='ocrx_word' id='word_1_149' title='bbox 1024 2376 1257 2426; x_wconf 81' lang='lat' dir='ltr'><strong>nescias?</strong></span> <span class='ocrx_word' id='word_1_150' title='bbox 1286 2389 1462 2425; x_wconf 87' lang='lat' dir='ltr'><strong>rumor</strong></span> <span class='ocrx_word' id='word_1_151' title='bbox 1489 2377 1569 2424; x_wconf 89' lang='lat' dir='ltr'><strong>in·</strong></span> 
     </span>
     <span class='ocr_line' id='line_1_27' title="bbox 511 2452 1573 2518; baseline -0.003 -13"><span class='ocrx_word' id='word_1_152' title='bbox 511 2454 655 2505; x_wconf 86' lang='lat' dir='ltr'><strong>cedit</strong></span> <span class='ocrx_word' id='word_1_153' title='bbox 678 2468 772 2518; x_wconf 89' lang='lat' dir='ltr'><strong>per</strong></span> <span class='ocrx_word' id='word_1_154' title='bbox 794 2455 992 2517; x_wconf 84' lang='lat' dir='ltr'><strong>urbem,</strong></span> <span class='ocrx_word' id='word_1_155' title='bbox 1011 2452 1176 2503; x_wconf 88' lang='lat' dir='ltr'><strong>filium</strong></span> <span class='ocrx_word' id='word_1_156' title='bbox 1196 2467 1366 2503; x_wconf 87' lang='lat' dir='ltr'><strong>meum</strong></span> <span class='ocrx_word' id='word_1_157' title='bbox 1392 2452 1573 2503; x_wconf 89' lang='lat' dir='ltr'><strong>seduc-</strong></span> 
     </span>
     <span class='ocr_line' id='line_1_28' title="bbox 509 2528 1571 2595; baseline -0.003 -13"><span class='ocrx_word' id='word_1_158' title='bbox 509 2539 618 2582; x_wconf 90' lang='lat' dir='ltr'><strong>tum</strong></span> <span class='ocrx_word' id='word_1_159' title='bbox 645 2532 805 2581; x_wconf 79' lang='lat' dir='ltr'><strong>amori</strong></span> <span class='ocrx_word' id='word_1_160' title='bbox 829 2546 1040 2595; x_wconf 80' lang='lat' dir='ltr'><strong>operam</strong></span> <span class='ocrx_word' id='word_1_161' title='bbox 1072 2531 1233 2581; x_wconf 86' lang='lat' dir='ltr'><strong>dare:</strong></span> <span class='ocrx_word' id='word_1_162' title='bbox 1267 2528 1326 2578; x_wconf 76' lang='grc' dir='ltr'><strong>τὸ</strong></span> <span class='ocrx_word' id='word_1_163' title='bbox 1352 2529 1407 2579; x_wconf 72' lang='lat' dir='ltr'><strong>id</strong></span> <span class='ocrx_word' id='word_1_164' title='bbox 1425 2546 1571 2595; x_wconf 78' lang='lat' dir='ltr'><strong>popu·</strong></span> 
     </span>
     <span class='ocr_line' id='line_1_29' title="bbox 508 2607 1570 2672; baseline -0.002 -14"><span class='ocrx_word' id='word_1_165' title='bbox 508 2610 582 2658; x_wconf 79' lang='lat' dir='ltr'><strong>lus</strong></span> <span class='ocrx_word' id='word_1_166' title='bbox 619 2614 754 2658; x_wconf 85' lang='lat' dir='ltr'><strong>curat</strong></span> <span class='ocrx_word' id='word_1_167' title='bbox 787 2610 985 2672; x_wconf 83' lang='lat' dir='ltr'><strong>scilicet,</strong></span> <span class='ocrx_word' id='word_1_168' title='bbox 1023 2609 1208 2659; x_wconf 88' lang='lat' dir='ltr'><strong>Cicero</strong></span> <span class='ocrx_word' id='word_1_169' title='bbox 1251 2607 1570 2672; x_wconf 83' lang='lat' dir='ltr'><strong>proverbiali</strong></span> 
     </span>
     <span class='ocr_line' id='line_1_30' title="bbox 510 2684 1574 2749; baseline 0.002 -15"><span class='ocrx_word' id='word_1_170' title='bbox 510 2686 773 2735; x_wconf 79' lang='lat' dir='ltr'><strong>schemate</strong></span> <span class='ocrx_word' id='word_1_171' title='bbox 793 2686 1067 2749; x_wconf 86' lang='lat' dir='ltr'><strong>usurpavit</strong></span> <span class='ocrx_word' id='word_1_172' title='bbox 1081 2686 1145 2735; x_wconf 87' lang='lat' dir='ltr'><strong>ad</strong></span> <span class='ocrx_word' id='word_1_173' title='bbox 1159 2685 1328 2737; x_wconf 79' lang='lat' dir='ltr'><strong>Attio.</strong></span> <span class='ocrx_word' id='word_1_174' title='bbox 1349 2684 1423 2735; x_wconf 86' lang='lat' dir='ltr'><strong>lib</strong></span> <span class='ocrx_word' id='word_1_175' title='bbox 1441 2698 1574 2736; x_wconf 82' lang='lat' dir='ltr'><strong>xm.</strong></span> 
     </span>
     <span class='ocr_line' id='line_1_31' title="bbox 510 2764 998 2826; baseline 0 -14"><span class='ocrx_word' id='word_1_176' title='bbox 510 2776 595 2826; x_wconf 86' lang='lat' dir='ltr'><strong>ep.</strong></span> <span class='ocrx_word' id='word_1_177' title='bbox 618 2766 701 2812; x_wconf 78' lang='lat'><strong>34.</strong></span> <span class='ocrx_word' id='word_1_178' title='bbox 737 2764 998 2812; x_wconf 75' lang='lat' dir='ltr'><strong>Boeclenas.</strong></span> 
     </span>
    </p>

    <p class='ocr_par' dir='ltr' id='par_1_7' title="bbox 501 2838 1574 3057">
     <span class='ocr_line' id='line_1_32' title="bbox 577 2838 1574 2904; baseline 0.001 -16"><span class='ocrx_word' id='word_1_179' title='bbox 577 2843 638 2889; x_wconf 73' lang='lat'><strong>14</strong></span> <span class='ocrx_word' id='word_1_180' title='bbox 671 2840 836 2889; x_wconf 79' lang='lat' dir='ltr'><strong>Meum</strong></span> <span class='ocrx_word' id='word_1_181' title='bbox 865 2844 1065 2902; x_wconf 79' lang='lat' dir='ltr'><strong>gnatum</strong></span> <span class='ocrx_word' id='word_1_182' title='bbox 1095 2853 1258 2889; x_wconf 75' lang='lat' dir='ltr'><strong>rumor</strong></span> <span class='ocrx_word' id='word_1_183' title='bbox 1287 2844 1360 2891; x_wconf 81' lang='lat' dir='ltr'><strong>est</strong></span> <span class='ocrx_word' id='word_1_184' title='bbox 1390 2838 1574 2904; x_wconf 72' lang='lat' dir='ltr'><strong>amare]</strong></span> 
     </span>
     <span class='ocr_line' id='line_1_33' title="bbox 508 2915 1572 2984; baseline 0.004 -20"><span class='ocrx_word' id='word_1_185' title='bbox 508 2915 650 2965; x_wconf 81' lang='lat' dir='ltr'><strong>Mire</strong></span> <span class='ocrx_word' id='word_1_186' title='bbox 666 2915 804 2979; x_wconf 87' lang='lat' dir='ltr'><strong>apud</strong></span> <span class='ocrx_word' id='word_1_187' title='bbox 819 2931 1021 2966; x_wconf 87' lang='lat' dir='ltr'><strong>servum</strong></span> <span class='ocrx_word' id='word_1_188' title='bbox 1037 2917 1330 2967; x_wconf 84' lang='lat' dir='ltr'><strong>dissimulat</strong></span> <span class='ocrx_word' id='word_1_189' title='bbox 1344 2917 1418 2982; x_wconf 90' lang='lat' dir='ltr'><strong>id,</strong></span> <span class='ocrx_word' id='word_1_190' title='bbox 1430 2918 1572 2984; x_wconf 86' lang='lat' dir='ltr'><strong>quod</strong></span> 
     </span>
     <span class='ocr_line' id='line_1_34' title="bbox 501 2992 1114 3057; baseline 0.002 -14"><span class='ocrx_word' id='word_1_191' title='bbox 501 2993 613 3057; x_wconf 82' lang='lat' dir='ltr'><strong>jam</strong></span> <span class='ocrx_word' id='word_1_192' title='bbox 638 2992 894 3057; x_wconf 80' lang='lat' dir='ltr'><strong>probavit.</strong></span> <span class='ocrx_word' id='word_1_193' title='bbox 929 2995 1114 3045; x_wconf 74' lang='lat' dir='ltr'><strong>Donat.</strong></span> 
     </span>
    </p>

    <p class='ocr_par' dir='ltr' id='par_1_8' title="bbox 506 3043 1571 3427">
     <span class='ocr_line' id='line_1_35' title="bbox 573 3043 1569 3135; baseline 0.002 -15"><span class='ocrx_word' id='word_1_194' title='bbox 573 3070 740 3121; x_wconf 79' lang='lat' dir='ltr'><strong>Meum</strong></span> <span class='ocrx_word' id='word_1_195' title='bbox 751 3075 951 3134; x_wconf 65' lang='lat' dir='ltr'><strong>gnatum</strong></span> <span class='ocrx_word' id='word_1_196' title='bbox 967 3087 1125 3121; x_wconf 78' lang='lat' dir='ltr'><strong>rumor</strong></span> <span class='ocrx_word' id='word_1_197' title='bbox 1138 3076 1210 3121; x_wconf 81' lang='lat' dir='ltr'><strong>est</strong></span> <span class='ocrx_word' id='word_1_198' title='bbox 1228 3071 1410 3135; x_wconf 73' lang='lat' dir='ltr'><strong>amare]</strong></span> <span class='ocrx_word' id='word_1_199' title='bbox 1435 3043 1569 3122; x_wconf 78' lang='lat' dir='ltr'><strong>Gra-</strong></span> 
     </span>
     <span class='ocr_line' id='line_1_36' title="bbox 507 3147 1565 3215; baseline 0.001 -18"><span class='ocrx_word' id='word_1_200' title='bbox 507 3147 646 3199; x_wconf 88' lang='lat' dir='ltr'><strong>viter</strong></span> <span class='ocrx_word' id='word_1_201' title='bbox 684 3156 1089 3215; x_wconf 82' lang='lat' dir='ltr'><strong>constanterque</strong></span> <span class='ocrx_word' id='word_1_202' title='bbox 1139 3164 1298 3199; x_wconf 83' lang='lat' dir='ltr'><strong>senex</strong></span> <span class='ocrx_word' id='word_1_203' title='bbox 1335 3149 1565 3198; x_wconf 86' lang='lat' dir='ltr'><strong>nondum</strong></span> 
     </span>
     <span class='ocr_line' id='line_1_37' title="bbox 507 3223 1564 3287; baseline 0.001 -12"><span class='ocrx_word' id='word_1_204' title='bbox 507 3238 564 3275; x_wconf 84' lang='lat' dir='ltr'><strong>se</strong></span> <span class='ocrx_word' id='word_1_205' title='bbox 585 3223 784 3276; x_wconf 81' lang='lat' dir='ltr'><strong>fatetur</strong></span> <span class='ocrx_word' id='word_1_206' title='bbox 805 3227 1039 3287; x_wconf 83' lang='lat' dir='ltr'><strong>credere,</strong></span> <span class='ocrx_word' id='word_1_207' title='bbox 1066 3239 1166 3275; x_wconf 84' lang='lat' dir='ltr'><strong>nec</strong></span> <span class='ocrx_word' id='word_1_208' title='bbox 1191 3240 1366 3276; x_wconf 89' lang='lat' dir='ltr'><strong>verum</strong></span> <span class='ocrx_word' id='word_1_209' title='bbox 1399 3225 1564 3277; x_wconf 71' lang='lat' dir='ltr'><strong>sciret</strong></span> 
     </span>
     <span class='ocr_line' id='line_1_38' title="bbox 508 3301 1571 3366; baseline 0.003 -18"><span class='ocrx_word' id='word_1_210' title='bbox 508 3314 574 3351; x_wconf 86' lang='lat' dir='ltr'><strong>ne</strong></span> <span class='ocrx_word' id='word_1_211' title='bbox 596 3301 802 3351; x_wconf 87' lang='lat' dir='ltr'><strong>amittat</strong></span> <span class='ocrx_word' id='word_1_212' title='bbox 835 3302 938 3352; x_wconf 79' lang='lat' dir='ltr'><strong>vim</strong></span> <span class='ocrx_word' id='word_1_213' title='bbox 972 3302 1308 3366; x_wconf 83' lang='lat' dir='ltr'><strong>vindicaturi,</strong></span> <span class='ocrx_word' id='word_1_214' title='bbox 1338 3302 1382 3351; x_wconf 88' lang='lat' dir='ltr'><strong>si</strong></span> <span class='ocrx_word' id='word_1_215' title='bbox 1412 3302 1571 3352; x_wconf 84' lang='lat' dir='ltr'><strong>resci-</strong></span> 
     </span>
     <span class='ocr_line' id='line_1_39' title="bbox 506 3374 806 3427; baseline 0.003 -2"><span class='ocrx_word' id='word_1_216' title='bbox 506 3378 625 3427; x_wconf 87' lang='lat' dir='ltr'><strong>erit.</strong></span> <span class='ocrx_word' id='word_1_217' title='bbox 657 3374 806 3426; x_wconf 69' lang='lat' dir='ltr'><strong>Idm.</strong></span> 
     </span>
    </p>

    <p class='ocr_par' dir='ltr' id='par_1_9' title="bbox 504 3454 1570 3890">
     <span class='ocr_line' id='line_1_40' title="bbox 575 3454 1570 3519; baseline 0 -16"><span class='ocrx_word' id='word_1_218' title='bbox 575 3456 638 3504; x_wconf 84' lang='lat' dir='ltr'><strong>Id</strong></span> <span class='ocrx_word' id='word_1_219' title='bbox 663 3456 861 3519; x_wconf 79' lang='lat' dir='ltr'><strong>populus</strong></span> <span class='ocrx_word' id='word_1_220' title='bbox 879 3459 1014 3504; x_wconf 73' lang='lat' dir='ltr'><strong>curat</strong></span> <span class='ocrx_word' id='word_1_221' title='bbox 1031 3454 1234 3517; x_wconf 69' lang='lat' dir='ltr'><strong>seilicet]</strong></span> <span class='ocrx_word' id='word_1_222' title='bbox 1267 3454 1402 3507; x_wconf 79' lang='lat' dir='ltr'><strong>Quia</strong></span> <span class='ocrx_word' id='word_1_223' title='bbox 1416 3454 1570 3504; x_wconf 86' lang='lat' dir='ltr'><strong>rumi-</strong></span> 
     </span>
     <span class='ocr_line' id='line_1_41' title="bbox 509 3530 1568 3597; baseline -0.001 -16"><span class='ocrx_word' id='word_1_224' title='bbox 509 3532 710 3597; x_wconf 86' lang='lat' dir='ltr'><strong>geratio</strong></span> <span class='ocrx_word' id='word_1_225' title='bbox 749 3532 926 3595; x_wconf 87' lang='lat' dir='ltr'><strong>populi</strong></span> <span class='ocrx_word' id='word_1_226' title='bbox 964 3538 1080 3581; x_wconf 87' lang='lat' dir='ltr'><strong>est:</strong></span> <span class='ocrx_word' id='word_1_227' title='bbox 1114 3530 1207 3592; x_wconf 86' lang='lat' dir='ltr'><strong>sed</strong></span> <span class='ocrx_word' id='word_1_228' title='bbox 1230 3531 1331 3580; x_wconf 84' lang='lat' dir='ltr'><strong>hoc</strong></span> <span class='ocrx_word' id='word_1_229' title='bbox 1356 3545 1568 3581; x_wconf 81' lang='lat' dir='ltr'><strong>aversus</strong></span> 
     </span>
     <span class='ocr_line' id='line_1_42' title="bbox 509 3607 1565 3672; baseline 0 -13"><span class='ocrx_word' id='word_1_230' title='bbox 509 3608 574 3659; x_wconf 86' lang='lat' dir='ltr'><strong>ab</strong></span> <span class='ocrx_word' id='word_1_231' title='bbox 613 3610 702 3660; x_wconf 86' lang='lat' dir='ltr'><strong>illo</strong></span> <span class='ocrx_word' id='word_1_232' title='bbox 728 3608 1144 3659; x_wconf 82' lang='lat' dir='ltr'><strong>contumaciter:</strong></span> <span class='ocrx_word' id='word_1_233' title='bbox 1183 3608 1258 3658; x_wconf 90' lang='lat' dir='ltr'><strong>sic</strong></span> <span class='ocrx_word' id='word_1_234' title='bbox 1279 3607 1565 3672; x_wconf 80' lang='lat' dir='ltr'><strong>Virgilius:</strong></span> 
     </span>
     <span class='ocr_line' id='line_1_43' title="bbox 507 3683 1569 3749; baseline 0 -13"><span class='ocrx_word' id='word_1_235' title='bbox 507 3687 754 3737; x_wconf 86' lang='lat' dir='ltr'><strong>‘Scilicet</strong></span> <span class='ocrx_word' id='word_1_236' title='bbox 788 3687 832 3735; x_wconf 88' lang='lat' dir='ltr'><strong>is</strong></span> <span class='ocrx_word' id='word_1_237' title='bbox 853 3686 1065 3749; x_wconf 85' lang='lat' dir='ltr'><strong>Superis</strong></span> <span class='ocrx_word' id='word_1_238' title='bbox 1097 3685 1245 3735; x_wconf 90' lang='lat' dir='ltr'><strong>labor</strong></span> <span class='ocrx_word' id='word_1_239' title='bbox 1277 3683 1396 3735; x_wconf 87' lang='lat' dir='ltr'><strong>est.&#39;</strong></span> <span class='ocrx_word' id='word_1_240' title='bbox 1460 3685 1569 3736; x_wconf 74' lang='lat' dir='ltr'><strong>Sci·</strong></span> 
     </span>
     <span class='ocr_line' id='line_1_44' title="bbox 504 3760 1565 3828; baseline 0.003 -16"><span class='ocrx_word' id='word_1_241' title='bbox 504 3764 618 3812; x_wconf 77' lang='lat' dir='ltr'><strong>licet</strong></span> <span class='ocrx_word' id='word_1_242' title='bbox 678 3777 887 3827; x_wconf 85' lang='lat' dir='ltr'><strong>semper</strong></span> <span class='ocrx_word' id='word_1_243' title='bbox 932 3778 1047 3812; x_wconf 90' lang='lat' dir='ltr'><strong>cum</strong></span> <span class='ocrx_word' id='word_1_244' title='bbox 1091 3760 1296 3828; x_wconf 72' lang='grc' dir='ltr'><strong>εἰρωνείᾳ</strong></span> <span class='ocrx_word' id='word_1_245' title='bbox 1335 3765 1565 3827; x_wconf 88' lang='lat' dir='ltr'><strong>ponitur.</strong></span> 
     </span>
     <span class='ocr_line' id='line_1_45' title="bbox 506 3839 660 3890; baseline 0.013 -2"><span class='ocrx_word' id='word_1_246' title='bbox 506 3839 660 3890; x_wconf 82' lang='lat' dir='ltr'><strong>Idem.</strong></span> 
     </span>
    </p>

    <p class='ocr_par' dir='ltr' id='par_1_10' title="bbox 506 3917 1568 4274">
     <span class='ocr_line' id='line_1_46' title="bbox 572 3917 1567 3982; baseline 0.005 -17"><span class='ocrx_word' id='word_1_247' title='bbox 572 3917 635 3966; x_wconf 84' lang='lat' dir='ltr'><strong>Id</strong></span> <span class='ocrx_word' id='word_1_248' title='bbox 652 3917 849 3981; x_wconf 77' lang='lat' dir='ltr'><strong>populus</strong></span> <span class='ocrx_word' id='word_1_249' title='bbox 868 3922 1003 3966; x_wconf 75' lang='lat' dir='ltr'><strong>curat</strong></span> <span class='ocrx_word' id='word_1_250' title='bbox 1021 3918 1254 3982; x_wconf 68' lang='lat' dir='ltr'><strong>scilicet]-</strong></span> <span class='ocrx_word' id='word_1_251' title='bbox 1263 3920 1422 3972; x_wconf 82' lang='lat' dir='ltr'><strong>Quasi</strong></span> <span class='ocrx_word' id='word_1_252' title='bbox 1442 3934 1567 3970; x_wconf 87' lang='lat' dir='ltr'><strong>vero</strong></span> 
     </span>
     <span class='ocr_line' id='line_1_47' title="bbox 506 3992 1567 4057; baseline 0.008 -17"><span class='ocrx_word' id='word_1_253' title='bbox 506 3992 559 4041; x_wconf 88' lang='lat' dir='ltr'><strong>id</strong></span> <span class='ocrx_word' id='word_1_254' title='bbox 583 3993 778 4057; x_wconf 91' lang='lat' dir='ltr'><strong>populo</strong></span> <span class='ocrx_word' id='word_1_255' title='bbox 800 4008 938 4043; x_wconf 84' lang='lat' dir='ltr'><strong>curae</strong></span> <span class='ocrx_word' id='word_1_256' title='bbox 964 3995 1051 4054; x_wconf 89' lang='lat' dir='ltr'><strong>sit,</strong></span> <span class='ocrx_word' id='word_1_257' title='bbox 1085 3996 1149 4044; x_wconf 85' lang='lat' dir='ltr'><strong>de</strong></span> <span class='ocrx_word' id='word_1_258' title='bbox 1172 3995 1265 4046; x_wconf 84' lang='lat' dir='ltr'><strong>tilii</strong></span> <span class='ocrx_word' id='word_1_259' title='bbox 1289 3999 1365 4047; x_wconf 88' lang='lat' dir='ltr'><strong>tui</strong></span> <span class='ocrx_word' id='word_1_260' title='bbox 1392 4013 1567 4048; x_wconf 89' lang='lat' dir='ltr'><strong>amore</strong></span> 
     </span>
     <span class='ocr_line' id='line_1_48' title="bbox 507 4070 1567 4141; baseline 0.008 -25"><span class='ocrx_word' id='word_1_261' title='bbox 507 4070 827 4131; x_wconf 84' lang='lat' dir='ltr'><strong>rumigerare</strong></span> <span class='ocrx_word' id='word_1_262' title='bbox 848 4073 930 4120; x_wconf 87' lang='lat' dir='ltr'><strong>vel</strong></span> <span class='ocrx_word' id='word_1_263' title='bbox 964 4071 1282 4132; x_wconf 85' lang='lat' dir='ltr'><strong>rumiferare,</strong></span> <span class='ocrx_word' id='word_1_264' title='bbox 1323 4081 1382 4124; x_wconf 86' lang='lat' dir='ltr'><strong>ut</strong></span> <span class='ocrx_word' id='word_1_265' title='bbox 1410 4075 1567 4141; x_wconf 88' lang='lat' dir='ltr'><strong>loqui·</strong></span> 
     </span>
     <span class='ocr_line' id='line_1_49' title="bbox 508 4147 1568 4215; baseline 0.009 -22"><span class='ocrx_word' id='word_1_266' title='bbox 508 4151 592 4194; x_wconf 84' lang='lat' dir='ltr'><strong>tur</strong></span> <span class='ocrx_word' id='word_1_267' title='bbox 629 4147 847 4196; x_wconf 79' lang='lat' dir='ltr'><strong>Plautus</strong></span> <span class='ocrx_word' id='word_1_268' title='bbox 888 4148 1153 4215; x_wconf 73' lang='lat' dir='ltr'><strong>Amphitr.</strong></span> <span class='ocrx_word' id='word_1_269' title='bbox 1189 4166 1253 4204; x_wconf 82' lang='grc' dir='ltr'><strong>ιι.</strong></span> <span class='ocrx_word' id='word_1_270' title='bbox 1290 4159 1396 4203; x_wconf 86' lang='lat' dir='ltr'><strong>act.</strong></span> <span class='ocrx_word' id='word_1_271' title='bbox 1418 4158 1468 4202; x_wconf 77' lang='lat'><strong>2.</strong></span> <span class='ocrx_word' id='word_1_272' title='bbox 1491 4167 1568 4203; x_wconf 89' lang='lat' dir='ltr'><strong>sc.</strong></span> 
     </span>
     <span class='ocr_line' id='line_1_50' title="bbox 510 4222 797 4274; baseline 0.014 -4"><span class='ocrx_word' id='word_1_273' title='bbox 510 4222 797 4274; x_wconf 77' lang='lat' dir='ltr'><strong>Famabius.</strong></span> 
     </span>
    </p>

    <p class='ocr_par' dir='ltr' id='par_1_11' title="bbox 576 4301 1453 4370">
     <span class='ocr_line' id='line_1_51' title="bbox 576 4301 1453 4370; baseline 0.008 -23"><span class='ocrx_word' id='word_1_274' title='bbox 576 4302 636 4348; x_wconf 83' lang='lat'><strong>15</strong></span> <span class='ocrx_word' id='word_1_275' title='bbox 673 4301 885 4352; x_wconf 69' lang='lat' dir='ltr'><strong>Homine</strong></span> <span class='ocrx_word' id='word_1_276' title='bbox 920 4303 1052 4367; x_wconf 75' lang='lat' dir='ltr'><strong>agis]</strong></span> <span class='ocrx_word' id='word_1_277' title='bbox 1091 4304 1235 4370; x_wconf 75' lang='lat' dir='ltr'><strong>Agis,</strong></span> <span class='ocrx_word' id='word_1_278' title='bbox 1266 4304 1319 4355; x_wconf 90' lang='lat' dir='ltr'><strong>id</strong></span> <span class='ocrx_word' id='word_1_279' title='bbox 1353 4312 1453 4369; x_wconf 87' lang='lat' dir='ltr'><strong>est,</strong></span> 
     </span>
    </p>
   </div>
   <div class='ocr_carea' id='block_1_5' title="bbox 1203 381 2015 433">
    <p class='ocr_par' dir='ltr' id='par_1_12' title="bbox 1203 381 2015 433">
     <span class='ocr_line' id='line_1_52' title="bbox 1203 381 2015 433; baseline 0.006 -7"><span class='ocrx_word' id='word_1_280' title='bbox 1203 382 1429 433; x_wconf 71' lang='lat' dir='ltr'><strong>,NOTAE</strong></span> <span class='ocrx_word' id='word_1_281' title='bbox 1478 381 1883 432; x_wconf 74' lang='lat' dir='ltr'><strong>vAmoRnM</strong></span> <span class='ocrx_word' id='word_1_282' title='bbox 1935 382 2015 431; x_wconf 62' lang='lat'><strong>11⁴1</strong></span> 
     </span>
    </p>
   </div>
   <div class='ocr_carea' id='block_1_6' title="bbox 1643 517 2717 3051">
    <p class='ocr_par' dir='ltr' id='par_1_13' title="bbox 1643 517 2717 898">
     <span class='ocr_line' id='line_1_53' title="bbox 1643 517 2717 589; baseline -0.007 -13"><span class='ocrx_word' id='word_1_283' title='bbox 1643 526 1740 577; x_wconf 82' lang='lat' dir='ltr'><strong>dis.</strong></span> <span class='ocrx_word' id='word_1_284' title='bbox 1827 525 1972 575; x_wconf 88' lang='lat' dir='ltr'><strong>Alibi</strong></span> <span class='ocrx_word' id='word_1_285' title='bbox 2019 525 2113 589; x_wconf 86' lang='lat' dir='ltr'><strong>sie,</strong></span> <span class='ocrx_word' id='word_1_286' title='bbox 2160 529 2175 552; x_wconf 88' lang='lat'>‘</span> <span class='ocrx_word' id='word_1_287' title='bbox 2199 522 2320 574; x_wconf 84' lang='lat' dir='ltr'><strong>Hoc</strong></span> <span class='ocrx_word' id='word_1_288' title='bbox 2365 536 2466 586; x_wconf 77' lang='lat' dir='ltr'><strong>age</strong></span> <span class='ocrx_word' id='word_1_289' title='bbox 2516 517 2717 575; x_wconf 50' lang='lat' dir='ltr'><strong>ambe.)</strong></span> 
     </span>
     <span class='ocr_line' id='line_1_54' title="bbox 1645 599 2708 665; baseline -0.007 -12"><span class='ocrx_word' id='word_1_290' title='bbox 1645 603 1900 663; x_wconf 82' lang='lat' dir='ltr'><strong>Plautus:</strong></span> <span class='ocrx_word' id='word_1_291' title='bbox 1936 602 2089 652; x_wconf 87' lang='lat' dir='ltr'><strong>‘Hoc</strong></span> <span class='ocrx_word' id='word_1_292' title='bbox 2127 601 2267 665; x_wconf 82' lang='lat' dir='ltr'><strong>agite</strong></span> <span class='ocrx_word' id='word_1_293' title='bbox 2301 600 2452 650; x_wconf 81' lang='lat' dir='ltr'><strong>sultis</strong></span> <span class='ocrx_word' id='word_1_294' title='bbox 2488 599 2708 665; x_wconf 80' lang='lat' dir='ltr'><strong>Specta-</strong></span> 
     </span>
     <span class='ocr_line' id='line_1_55' title="bbox 1646 677 2711 745; baseline -0.001 -15"><span class='ocrx_word' id='word_1_295' title='bbox 1646 687 1785 731; x_wconf 89' lang='lat' dir='ltr'><strong>tores</strong></span> <span class='ocrx_word' id='word_1_296' title='bbox 1812 696 1947 730; x_wconf 89' lang='lat' dir='ltr'><strong>nuuc</strong></span> <span class='ocrx_word' id='word_1_297' title='bbox 1968 677 2113 745; x_wconf 65' lang='lat' dir='ltr'><strong>jam?</strong></span> <span class='ocrx_word' id='word_1_298' title='bbox 2180 678 2533 728; x_wconf 75' lang='lat' dir='ltr'><strong>pronuntians</strong></span> <span class='ocrx_word' id='word_1_299' title='bbox 2557 677 2711 729; x_wconf 73' lang='lat' dir='ltr'><strong>simui</strong></span> 
     </span>
     <span class='ocr_line' id='line_1_56' title="bbox 1646 757 2710 819; baseline -0.003 -12"><span class='ocrx_word' id='word_1_300' title='bbox 1646 757 2077 819; x_wconf 78' lang='lat' dir='ltr'><strong>demonstrative,</strong></span> <span class='ocrx_word' id='word_1_301' title='bbox 2127 757 2286 806; x_wconf 84' lang='lat' dir='ltr'><strong>veluti</strong></span> <span class='ocrx_word' id='word_1_302' title='bbox 2340 771 2515 805; x_wconf 86' lang='lat' dir='ltr'><strong>aurem</strong></span> <span class='ocrx_word' id='word_1_303' title='bbox 2564 768 2710 805; x_wconf 79' lang='lat' dir='ltr'><strong>suam</strong></span> 
     </span>
     <span class='ocr_line' id='line_1_57' title="bbox 1646 836 2165 898; baseline -0.002 -14"><span class='ocrx_word' id='word_1_304' title='bbox 1646 841 1885 898; x_wconf 78' lang='lat' dir='ltr'><strong>tangens.</strong></span> <span class='ocrx_word' id='word_1_305' title='bbox 1922 836 2165 885; x_wconf 63' lang='lat' dir='ltr'><strong>Donatus.</strong></span> 
     </span>
    </p>

    <p class='ocr_par' dir='ltr' id='par_1_14' title="bbox 1711 906 2712 974">
     <span class='ocr_line' id='line_1_58' title="bbox 1711 906 2712 974; baseline 0.001 -14"><span class='ocrx_word' id='word_1_306' title='bbox 1711 911 1898 974; x_wconf 71' lang='lat' dir='ltr'><strong>Ismuc]</strong></span> <span class='ocrx_word' id='word_1_307' title='bbox 1933 912 2094 960; x_wconf 89' lang='lat' dir='ltr'><strong>Deest</strong></span> <span class='ocrx_word' id='word_1_308' title='bbox 2114 926 2226 973; x_wconf 79' lang='lat' dir='ltr'><strong>ago,</strong></span> <span class='ocrx_word' id='word_1_309' title='bbox 2249 909 2331 958; x_wconf 91' lang='lat' dir='ltr'><strong>vel</strong></span> <span class='ocrx_word' id='word_1_310' title='bbox 2354 909 2515 958; x_wconf 80' lang='lat' dir='ltr'><strong>audio.</strong></span> <span class='ocrx_word' id='word_1_311' title='bbox 2542 906 2712 961; x_wconf 72' lang='lat' dir='ltr'><strong>Idem»</strong></span> 
     </span>
    </p>

    <p class='ocr_par' dir='ltr' id='par_1_15' title="bbox 1646 987 2717 2581">
     <span class='ocr_line' id='line_1_59' title="bbox 1707 987 2709 1050; baseline -0.005 -12"><span class='ocrx_word' id='word_1_312' title='bbox 1707 989 1766 1038; x_wconf 84' lang='lat' dir='ltr'><strong>S.</strong></span> <span class='ocrx_word' id='word_1_313' title='bbox 1783 988 2344 1050; x_wconf 74' lang='lat' dir='ltr'><strong>Haecineagisannon?</strong></span> <span class='ocrx_word' id='word_1_314' title='bbox 2405 987 2478 1036; x_wconf 90' lang='lat' dir='ltr'><strong>D.</strong></span> <span class='ocrx_word' id='word_1_315' title='bbox 2495 1000 2582 1048; x_wconf 75' lang='lat' dir='ltr'><strong>ego</strong></span> <span class='ocrx_word' id='word_1_316' title='bbox 2598 999 2709 1035; x_wconf 77' lang='lat' dir='ltr'><strong>cero</strong></span> 
     </span>
     <span class='ocr_line' id='line_1_60' title="bbox 1646 1064 2707 1130; baseline -0.002 -13"><span class='ocrx_word' id='word_1_317' title='bbox 1646 1067 1826 1130; x_wconf 78' lang='lat' dir='ltr'><strong>isthuc]</strong></span> <span class='ocrx_word' id='word_1_318' title='bbox 1861 1068 1981 1117; x_wconf 89' lang='lat' dir='ltr'><strong>Non</strong></span> <span class='ocrx_word' id='word_1_319' title='bbox 2018 1067 2109 1117; x_wconf 89' lang='lat' dir='ltr'><strong>abs</strong></span> <span class='ocrx_word' id='word_1_320' title='bbox 2152 1080 2211 1115; x_wconf 88' lang='lat' dir='ltr'><strong>re</strong></span> <span class='ocrx_word' id='word_1_321' title='bbox 2248 1064 2408 1115; x_wconf 88' lang='lat' dir='ltr'><strong>fuerit</strong></span> <span class='ocrx_word' id='word_1_322' title='bbox 2445 1064 2545 1113; x_wconf 89' lang='lat' dir='ltr'><strong>hoc</strong></span> <span class='ocrx_word' id='word_1_323' title='bbox 2581 1064 2707 1129; x_wconf 10' lang='lat' dir='ltr'><strong>*loco</strong></span> 
     </span>
     <span class='ocr_line' id='line_1_61' title="bbox 1648 1136 2712 1208; baseline -0.006 -14"><span class='ocrx_word' id='word_1_324' title='bbox 1648 1145 1845 1202; x_wconf 89' lang='lat' dir='ltr'><strong>dicere,</strong></span> <span class='ocrx_word' id='word_1_325' title='bbox 1903 1143 2040 1208; x_wconf 86' lang='lat' dir='ltr'><strong>quod</strong></span> <span class='ocrx_word' id='word_1_326' title='bbox 2086 1143 2199 1207; x_wconf 77' lang='lat' dir='ltr'><strong>jam</strong></span> <span class='ocrx_word' id='word_1_327' title='bbox 2252 1142 2491 1191; x_wconf 84' lang='lat' dir='ltr'><strong>dicturus</strong></span> <span class='ocrx_word' id='word_1_328' title='bbox 2546 1154 2658 1189; x_wconf 86' lang='lat' dir='ltr'><strong>sum</strong></span> <span class='ocrx_word' id='word_1_329' title='bbox 2683 1136 2712 1201; x_wconf 67' lang='grc' dir='ltr'><strong>’ς</strong></span> 
     </span>
     <span class='ocr_line' id='line_1_62' title="bbox 1647 1217 2715 1285; baseline -0.005 -13"><span class='ocrx_word' id='word_1_330' title='bbox 1647 1235 1835 1285; x_wconf 80' lang='lat' dir='ltr'><strong>nempe</strong></span> <span class='ocrx_word' id='word_1_331' title='bbox 1874 1234 1974 1270; x_wconf 81' lang='lat' dir='ltr'><strong>mc</strong></span> <span class='ocrx_word' id='word_1_332' title='bbox 2016 1219 2154 1285; x_wconf 90' lang='lat' dir='ltr'><strong>apud</strong></span> <span class='ocrx_word' id='word_1_333' title='bbox 2193 1219 2434 1268; x_wconf 88' lang='lat' dir='ltr'><strong>meliores</strong></span> <span class='ocrx_word' id='word_1_334' title='bbox 2457 1217 2715 1267; x_wconf 55' lang='lat' dir='ltr'><strong>Latinitat-</strong></span> 
     </span>
     <span class='ocr_line' id='line_1_63' title="bbox 1648 1295 2712 1360; baseline -0.004 -13"><span class='ocrx_word' id='word_1_335' title='bbox 1648 1298 1717 1347; x_wconf 89' lang='lat' dir='ltr'><strong>tis</strong></span> <span class='ocrx_word' id='word_1_336' title='bbox 1761 1297 2047 1360; x_wconf 80' lang='lat' dir='ltr'><strong>scriptores</strong></span> <span class='ocrx_word' id='word_1_337' title='bbox 2100 1295 2234 1346; x_wconf 91' lang='lat' dir='ltr'><strong>sumi</strong></span> <span class='ocrx_word' id='word_1_338' title='bbox 2290 1308 2387 1359; x_wconf 91' lang='lat' dir='ltr'><strong>pro</strong></span> <span class='ocrx_word' id='word_1_339' title='bbox 2440 1306 2616 1356; x_wconf 64' lang='lat' dir='ltr'><strong>mnus»,</strong></span> <span class='ocrx_word' id='word_1_340' title='bbox 2645 1300 2712 1345; x_wconf 73' lang='lat' dir='ltr'><strong>at</strong></span> 
     </span>
     <span class='ocr_line' id='line_1_64' title="bbox 1650 1374 2716 1438; baseline -0.007 -13"><span class='ocrx_word' id='word_1_341' title='bbox 1650 1387 1768 1425; x_wconf 68' lang='lat' dir='ltr'><strong>rvrs-</strong></span> <span class='ocrx_word' id='word_1_342' title='bbox 1790 1389 1885 1438; x_wconf 88' lang='lat' dir='ltr'><strong>pro</strong></span> <span class='ocrx_word' id='word_1_343' title='bbox 1904 1387 2061 1424; x_wconf 72' lang='lat' dir='ltr'><strong>Tuus,</strong></span> <span class='ocrx_word' id='word_1_344' title='bbox 2148 1374 2344 1423; x_wconf 84' lang='lat' dir='ltr'><strong>Primae</strong></span> <span class='ocrx_word' id='word_1_345' title='bbox 2368 1376 2716 1437; x_wconf 82' lang='lat' dir='ltr'><strong>personaeest</strong></span> 
     </span>
     <span class='ocr_line' id='line_1_65' title="bbox 1650 1442 2714 1515; baseline -0.007 -14"><span class='ocrx_word' id='word_1_346' title='bbox 1650 1465 1771 1515; x_wconf 80' lang='lat' dir='ltr'><strong>mc,</strong></span> <span class='ocrx_word' id='word_1_347' title='bbox 1804 1451 2051 1501; x_wconf 75' lang='lat' dir='ltr'><strong>secundae</strong></span> <span class='ocrx_word' id='word_1_348' title='bbox 2093 1457 2267 1500; x_wconf 88' lang='lat' dir='ltr'><strong>autem</strong></span> <span class='ocrx_word' id='word_1_349' title='bbox 2308 1462 2451 1511; x_wconf 63' lang='grc' dir='ltr'><strong>κει-Ε,</strong></span> <span class='ocrx_word' id='word_1_350' title='bbox 2484 1447 2568 1497; x_wconf 88' lang='lat' dir='ltr'><strong>vel</strong></span> <span class='ocrx_word' id='word_1_351' title='bbox 2605 1442 2714 1496; x_wconf 69' lang='lat' dir='ltr'><strong>xs‘r-</strong></span> 
     </span>
     <span class='ocr_line' id='line_1_66' title="bbox 1650 1524 2714 1593; baseline -0.008 -13"><span class='ocrx_word' id='word_1_352' title='bbox 1650 1544 1771 1580; x_wconf 81' lang='lat' dir='ltr'><strong>mc.</strong></span> <span class='ocrx_word' id='word_1_353' title='bbox 1838 1529 1968 1593; x_wconf 87' lang='lat' dir='ltr'><strong>Ejus</strong></span> <span class='ocrx_word' id='word_1_354' title='bbox 2003 1529 2082 1578; x_wconf 89' lang='lat' dir='ltr'><strong>rei</strong></span> <span class='ocrx_word' id='word_1_355' title='bbox 2117 1534 2222 1577; x_wconf 89' lang='lat' dir='ltr'><strong>tam</strong></span> <span class='ocrx_word' id='word_1_356' title='bbox 2260 1527 2422 1576; x_wconf 81' lang='lat' dir='ltr'><strong>multa</strong></span> <span class='ocrx_word' id='word_1_357' title='bbox 2456 1524 2594 1587; x_wconf 84' lang='lat' dir='ltr'><strong>apud</strong></span> <span class='ocrx_word' id='word_1_358' title='bbox 2616 1525 2714 1573; x_wconf 84' lang='lat' dir='ltr'><strong>Te-</strong></span> 
     </span>
     <span class='ocr_line' id='line_1_67' title="bbox 1650 1605 2715 1667; baseline -0.009 -8"><span class='ocrx_word' id='word_1_359' title='bbox 1650 1609 1873 1659; x_wconf 84' lang='lat' dir='ltr'><strong>rentium</strong></span> <span class='ocrx_word' id='word_1_360' title='bbox 1913 1613 1971 1658; x_wconf 89' lang='lat' dir='ltr'><strong>et</strong></span> <span class='ocrx_word' id='word_1_361' title='bbox 2007 1608 2254 1657; x_wconf 85' lang='lat' dir='ltr'><strong>Plautum</strong></span> <span class='ocrx_word' id='word_1_362' title='bbox 2299 1605 2538 1667; x_wconf 81' lang='lat' dir='ltr'><strong>exempla</strong></span> <span class='ocrx_word' id='word_1_363' title='bbox 2571 1608 2715 1664; x_wconf 88' lang='lat' dir='ltr'><strong>sunt,</strong></span> 
     </span>
     <span class='ocr_line' id='line_1_68' title="bbox 1651 1679 2715 1748; baseline -0.009 -11"><span class='ocrx_word' id='word_1_364' title='bbox 1651 1701 1717 1737; x_wconf 90' lang='lat' dir='ltr'><strong>ea</strong></span> <span class='ocrx_word' id='word_1_365' title='bbox 1740 1697 1798 1735; x_wconf 91' lang='lat' dir='ltr'><strong>ut</strong></span> <span class='ocrx_word' id='word_1_366' title='bbox 1830 1685 2076 1748; x_wconf 85' lang='lat' dir='ltr'><strong>colligere</strong></span> <span class='ocrx_word' id='word_1_367' title='bbox 2099 1679 2296 1747; x_wconf 64' lang='lat' dir='ltr'><strong>pigeat}</strong></span> <span class='ocrx_word' id='word_1_368' title='bbox 2361 1681 2548 1745; x_wconf 88' lang='lat' dir='ltr'><strong>Itaque</strong></span> <span class='ocrx_word' id='word_1_369' title='bbox 2570 1679 2614 1729; x_wconf 92' lang='lat' dir='ltr'><strong>si</strong></span> <span class='ocrx_word' id='word_1_370' title='bbox 2638 1679 2715 1728; x_wconf 87' lang='lat' dir='ltr'><strong>lo-</strong></span> 
     </span>
     <span class='ocr_line' id='line_1_69' title="bbox 1653 1757 2717 1813; baseline -0.008 0"><span class='ocrx_word' id='word_1_371' title='bbox 1653 1777 1746 1813; x_wconf 89' lang='lat' dir='ltr'><strong>cus</strong></span> <span class='ocrx_word' id='word_1_372' title='bbox 1784 1761 1869 1812; x_wconf 87' lang='lat' dir='ltr'><strong>hic</strong></span> <span class='ocrx_word' id='word_1_373' title='bbox 1901 1758 2142 1811; x_wconf 83' lang='lat' dir='ltr'><strong>Terentii</strong></span> <span class='ocrx_word' id='word_1_374' title='bbox 2179 1758 2302 1809; x_wconf 88' lang='lat' dir='ltr'><strong>mihi</strong></span> <span class='ocrx_word' id='word_1_375' title='bbox 2346 1757 2554 1808; x_wconf 84' lang='lat' dir='ltr'><strong>Gallice</strong></span> <span class='ocrx_word' id='word_1_376' title='bbox 2587 1769 2717 1806; x_wconf 89' lang='lat' dir='ltr'><strong>con-</strong></span> 
     </span>
     <span class='ocr_line' id='line_1_70' title="bbox 1650 1835 2713 1896; baseline -0.008 -6"><span class='ocrx_word' id='word_1_377' title='bbox 1650 1838 1933 1890; x_wconf 83' lang='lat' dir='ltr'><strong>vertendus</strong></span> <span class='ocrx_word' id='word_1_378' title='bbox 1955 1844 2114 1896; x_wconf 88' lang='lat' dir='ltr'><strong>esset,</strong></span> <span class='ocrx_word' id='word_1_379' title='bbox 2152 1851 2253 1886; x_wconf 91' lang='lat' dir='ltr'><strong>non</strong></span> <span class='ocrx_word' id='word_1_380' title='bbox 2286 1835 2514 1886; x_wconf 88' lang='lat' dir='ltr'><strong>dicerem</strong></span> <span class='ocrx_word' id='word_1_381' title='bbox 2534 1839 2593 1882; x_wconf 87' lang='lat' dir='ltr'><strong>nt</strong></span> <span class='ocrx_word' id='word_1_382' title='bbox 2616 1847 2713 1882; x_wconf 91' lang='lat' dir='ltr'><strong>nu-</strong></span> 
     </span>
     <span class='ocr_line' id='line_1_71' title="bbox 1651 1911 2714 1981; baseline -0.007 -15"><span class='ocrx_word' id='word_1_383' title='bbox 1651 1916 1767 1981; x_wconf 87' lang='lat' dir='ltr'><strong>peri</strong></span> <span class='ocrx_word' id='word_1_384' title='bbox 1806 1917 2157 1980; x_wconf 79' lang='lat' dir='ltr'><strong>interpretes3</strong></span> <span class='ocrx_word' id='word_1_385' title='bbox 2194 1914 2427 1963; x_wconf 63' lang='lat' dir='ltr'><strong>Peme-tu</strong></span> <span class='ocrx_word' id='word_1_386' title='bbox 2459 1911 2567 1961; x_wconf 79' lang='lat' dir='ltr'><strong>bien</strong></span> <span class='ocrx_word' id='word_1_387' title='bbox 2597 1913 2629 1959; x_wconf 80' lang='grc' dir='ltr'><em>ὰ</em></span> <span class='ocrx_word' id='word_1_388' title='bbox 2660 1924 2714 1960; x_wconf 76' lang='lat' dir='ltr'><strong>ce</strong></span> 
     </span>
     <span class='ocr_line' id='line_1_72' title="bbox 1649 1989 2713 2056; baseline -0.008 -12"><span class='ocrx_word' id='word_1_389' title='bbox 1649 2009 1740 2056; x_wconf 81' lang='lat' dir='ltr'><strong>que</strong></span> <span class='ocrx_word' id='word_1_390' title='bbox 1763 2004 1835 2043; x_wconf 76' lang='lat' dir='ltr'><strong>‘ru</strong></span> <span class='ocrx_word' id='word_1_391' title='bbox 1859 1993 1967 2043; x_wconf 74' lang='lat' dir='ltr'><strong>dis?</strong></span> <span class='ocrx_word' id='word_1_392' title='bbox 1997 1992 2101 2041; x_wconf 89' lang='lat' dir='ltr'><strong>imo</strong></span> <span class='ocrx_word' id='word_1_393' title='bbox 2123 1996 2297 2040; x_wconf 84' lang='lat' dir='ltr'><strong>autem</strong></span> <span class='ocrx_word' id='word_1_394' title='bbox 2316 1989 2392 2038; x_wconf 88' lang='lat' dir='ltr'><strong>sic</strong></span> <span class='ocrx_word' id='word_1_395' title='bbox 2417 1994 2675 2037; x_wconf 82' lang='lat' dir='ltr'><strong>verterem</strong></span> <span class='ocrx_word' id='word_1_396' title='bbox 2693 2002 2713 2036; x_wconf 71' lang='lat' dir='ltr'><em>z</em></span> 
     </span>
     <span class='ocr_line' id='line_1_73' title="bbox 1651 2066 2714 2131; baseline -0.009 -8"><span class='ocrx_word' id='word_1_397' title='bbox 1651 2074 1883 2123; x_wconf 55' lang='lat' dir='ltr'><strong>Possem</strong></span> <span class='ocrx_word' id='word_1_398' title='bbox 1907 2071 2019 2121; x_wconf 68' lang='lat' dir='ltr'><strong>bien</strong></span> <span class='ocrx_word' id='word_1_399' title='bbox 2052 2072 2086 2119; x_wconf 81' lang='grc' dir='ltr'><em>ὰ</em></span> <span class='ocrx_word' id='word_1_400' title='bbox 2120 2085 2173 2118; x_wconf 80' lang='lat' dir='ltr'><strong>ce</strong></span> <span class='ocrx_word' id='word_1_401' title='bbox 2204 2083 2293 2131; x_wconf 76' lang='lat' dir='ltr'><strong>que</strong></span> <span class='ocrx_word' id='word_1_402' title='bbox 2312 2080 2377 2117; x_wconf 70' lang='grc' dir='ltr'><strong>,ιιι</strong></span> <span class='ocrx_word' id='word_1_403' title='bbox 2399 2066 2478 2116; x_wconf 78' lang='lat' dir='ltr'><strong>dis</strong></span> <span class='ocrx_word' id='word_1_404' title='bbox 2499 2071 2521 2115; x_wconf 69' lang='grc' dir='ltr'><strong><em>Ρ</em></strong></span> <span class='ocrx_word' id='word_1_405' title='bbox 2552 2071 2714 2129; x_wconf 84' lang='lat' dir='ltr'><strong>atque</strong></span> 
     </span>
     <span class='ocr_line' id='line_1_74' title="bbox 1650 2142 2714 2212; baseline -0.009 -14"><span class='ocrx_word' id='word_1_406' title='bbox 1650 2149 1744 2212; x_wconf 83' lang='lat' dir='ltr'><strong>ita,</strong></span> <span class='ocrx_word' id='word_1_407' title='bbox 1781 2150 1822 2198; x_wconf 90' lang='lat' dir='ltr'><strong>si</strong></span> <span class='ocrx_word' id='word_1_408' title='bbox 1864 2149 2041 2197; x_wconf 90' lang='lat' dir='ltr'><strong>Davus</strong></span> <span class='ocrx_word' id='word_1_409' title='bbox 2085 2147 2160 2196; x_wconf 88' lang='lat' dir='ltr'><strong>sic</strong></span> <span class='ocrx_word' id='word_1_410' title='bbox 2193 2142 2570 2207; x_wconf 78' lang='lat' dir='ltr'><strong>responderet3</strong></span> <span class='ocrx_word' id='word_1_411' title='bbox 2605 2142 2714 2203; x_wconf 80' lang='lat' dir='ltr'><strong>Ego</strong></span> 
     </span>
     <span class='ocr_line' id='line_1_75' title="bbox 1647 2221 2712 2286; baseline -0.008 -11"><span class='ocrx_word' id='word_1_412' title='bbox 1647 2239 1759 2275; x_wconf 75' lang='lat' dir='ltr'><strong>cero</strong></span> <span class='ocrx_word' id='word_1_413' title='bbox 1792 2225 1980 2282; x_wconf 59' lang='lat' dir='ltr'><strong>isthuu</strong></span> <span class='ocrx_word' id='word_1_414' title='bbox 2011 2221 2066 2272; x_wconf 90' lang='lat' dir='ltr'><strong>id</strong></span> <span class='ocrx_word' id='word_1_415' title='bbox 2089 2237 2186 2286; x_wconf 82' lang='lat' dir='ltr'><strong>ego</strong></span> <span class='ocrx_word' id='word_1_416' title='bbox 2207 2222 2284 2271; x_wconf 88' lang='lat' dir='ltr'><strong>ita</strong></span> <span class='ocrx_word' id='word_1_417' title='bbox 2317 2225 2712 2271; x_wconf 73' lang='lat' dir='ltr'><strong>converteremz</strong></span> 
     </span>
     <span class='ocr_line' id='line_1_76' title="bbox 1654 2299 2714 2368; baseline -0.008 -17"><span class='ocrx_word' id='word_1_418' title='bbox 1654 2304 1765 2368; x_wconf 77' lang='lat' dir='ltr'><strong>Ouy</strong></span> <span class='ocrx_word' id='word_1_419' title='bbox 1786 2305 2074 2366; x_wconf 68' lang='lat' dir='ltr'><strong>amymonem,</strong></span> <span class='ocrx_word' id='word_1_420' title='bbox 2102 2299 2159 2358; x_wconf 73' lang='lat' dir='ltr'><strong>je</strong></span> <span class='ocrx_word' id='word_1_421' title='bbox 2187 2313 2329 2362; x_wconf 80' lang='lat' dir='ltr'><strong>pense</strong></span> <span class='ocrx_word' id='word_1_422' title='bbox 2358 2301 2390 2346; x_wconf 82' lang='grc' dir='ltr'><em>ὰ</em></span> <span class='ocrx_word' id='word_1_423' title='bbox 2405 2311 2473 2346; x_wconf 63' lang='grc' dir='ltr'><strong>»σε</strong></span> <span class='ocrx_word' id='word_1_424' title='bbox 2492 2311 2578 2360; x_wconf 67' lang='lat' dir='ltr'><strong>que</strong></span> <span class='ocrx_word' id='word_1_425' title='bbox 2600 2309 2714 2344; x_wconf 71' lang='lat' dir='ltr'><strong>votis</strong></span> 
     </span>
     <span class='ocr_line' id='line_1_77' title="bbox 1649 2376 2708 2443; baseline -0.007 -15"><span class='ocrx_word' id='word_1_426' title='bbox 1649 2380 1789 2428; x_wconf 75' lang='lat' dir='ltr'><strong>dites.</strong></span> <span class='ocrx_word' id='word_1_427' title='bbox 1868 2379 2043 2427; x_wconf 88' lang='lat' dir='ltr'><strong>Herus</strong></span> <span class='ocrx_word' id='word_1_428' title='bbox 2089 2376 2378 2437; x_wconf 84' lang='lat' dir='ltr'><strong>interrogat</strong></span> <span class='ocrx_word' id='word_1_429' title='bbox 2428 2388 2525 2437; x_wconf 88' lang='lat' dir='ltr'><strong>per</strong></span> <span class='ocrx_word' id='word_1_430' title='bbox 2575 2385 2708 2443; x_wconf 62' lang='lat' dir='ltr'><strong>noe,</strong></span> 
     </span>
     <span class='ocr_line' id='line_1_78' title="bbox 1651 2448 2711 2517; baseline -0.007 -12"><span class='ocrx_word' id='word_1_431' title='bbox 1651 2460 1707 2504; x_wconf 82' lang='lat' dir='ltr'><strong>at</strong></span> <span class='ocrx_word' id='word_1_432' title='bbox 1749 2454 1981 2504; x_wconf 88' lang='lat' dir='ltr'><strong>servulus</strong></span> <span class='ocrx_word' id='word_1_433' title='bbox 2021 2465 2116 2517; x_wconf 88' lang='lat' dir='ltr'><strong>per</strong></span> <span class='ocrx_word' id='word_1_434' title='bbox 2166 2462 2363 2501; x_wconf 69' lang='lat' dir='ltr'><strong>lsrnnc</strong></span> <span class='ocrx_word' id='word_1_435' title='bbox 2407 2448 2711 2515; x_wconf 79' lang='lat' dir='ltr'><strong>respondet.</strong></span> 
     </span>
     <span class='ocr_line' id='line_1_79' title="bbox 1651 2531 1826 2581; baseline 0.006 -1"><span class='ocrx_word' id='word_1_436' title='bbox 1651 2531 1826 2581; x_wconf 83' lang='lat' dir='ltr'><strong>Faber.</strong></span> 
     </span>
    </p>

    <p class='ocr_par' dir='ltr' id='par_1_16' title="bbox 1645 2601 2713 3051">
     <span class='ocr_line' id='line_1_80' title="bbox 1715 2601 2710 2669; baseline -0.008 -12"><span class='ocrx_word' id='word_1_437' title='bbox 1715 2608 1813 2658; x_wconf 82' lang='lat' dir='ltr'><strong>Sed</strong></span> <span class='ocrx_word' id='word_1_438' title='bbox 1839 2622 1963 2657; x_wconf 73' lang='lat' dir='ltr'><strong>nunc</strong></span> <span class='ocrx_word' id='word_1_439' title='bbox 1982 2621 2038 2655; x_wconf 81' lang='lat' dir='ltr'><strong>ea</strong></span> <span class='ocrx_word' id='word_1_440' title='bbox 2058 2621 2133 2655; x_wconf 88' lang='lat' dir='ltr'><strong>me</strong></span> <span class='ocrx_word' id='word_1_441' title='bbox 2154 2604 2414 2669; x_wconf 76' lang='lat' dir='ltr'><strong>exquirere,</strong></span> <span class='ocrx_word' id='word_1_442' title='bbox 2446 2601 2599 2667; x_wconf 75' lang='lat' dir='ltr'><strong>iniqui</strong></span> <span class='ocrx_word' id='word_1_443' title='bbox 2624 2616 2710 2666; x_wconf 82' lang='lat' dir='ltr'><strong>pa-</strong></span> 
     </span>
     <span class='ocr_line' id='line_1_81' title="bbox 1646 2680 2711 2747; baseline -0.006 -13"><span class='ocrx_word' id='word_1_444' title='bbox 1646 2685 1742 2734; x_wconf 75' lang='lat' dir='ltr'><strong>tris</strong></span> <span class='ocrx_word' id='word_1_445' title='bbox 1762 2689 1853 2747; x_wconf 80' lang='lat' dir='ltr'><strong>est,</strong></span> <span class='ocrx_word' id='word_1_446' title='bbox 1874 2683 1982 2747; x_wconf 61' lang='lat' dir='ltr'>&amp;cx-J</span> <span class='ocrx_word' id='word_1_447' title='bbox 2005 2683 2071 2732; x_wconf 89' lang='lat' dir='ltr'><strong>In</strong></span> <span class='ocrx_word' id='word_1_448' title='bbox 2091 2684 2221 2732; x_wconf 85' lang='lat' dir='ltr'><strong>hanc</strong></span> <span class='ocrx_word' id='word_1_449' title='bbox 2239 2681 2524 2732; x_wconf 82' lang='lat' dir='ltr'><strong>orationem</strong></span> <span class='ocrx_word' id='word_1_450' title='bbox 2548 2680 2711 2729; x_wconf 82' lang='lat' dir='ltr'><strong>Simo-</strong></span> 
     </span>
     <span class='ocr_line' id='line_1_82' title="bbox 1648 2755 2713 2824; baseline -0.007 -14"><span class='ocrx_word' id='word_1_451' title='bbox 1648 2761 1748 2818; x_wconf 82' lang='lat' dir='ltr'><strong>nis,</strong></span> <span class='ocrx_word' id='word_1_452' title='bbox 1799 2774 2103 2824; x_wconf 88' lang='lat' dir='ltr'><strong>omnemque</strong></span> <span class='ocrx_word' id='word_1_453' title='bbox 2158 2760 2274 2823; x_wconf 87' lang='lat' dir='ltr'><strong>ejus</strong></span> <span class='ocrx_word' id='word_1_454' title='bbox 2328 2757 2380 2807; x_wconf 85' lang='lat' dir='ltr'><strong>iu</strong></span> <span class='ocrx_word' id='word_1_455' title='bbox 2425 2755 2713 2807; x_wconf 88' lang='lat' dir='ltr'><strong>tolerandis</strong></span> 
     </span>
     <span class='ocr_line' id='line_1_83' title="bbox 1647 2835 2709 2899; baseline -0.006 -12"><span class='ocrx_word' id='word_1_456' title='bbox 1647 2837 1908 2887; x_wconf 88' lang='lat' dir='ltr'><strong>amoribus</strong></span> <span class='ocrx_word' id='word_1_457' title='bbox 1945 2836 2340 2899; x_wconf 77' lang='lat' dir='ltr'><strong>indulgentiam,</strong></span> <span class='ocrx_word' id='word_1_458' title='bbox 2385 2835 2566 2883; x_wconf 82' lang='lat' dir='ltr'><strong>Rivius</strong></span> <span class='ocrx_word' id='word_1_459' title='bbox 2603 2843 2709 2881; x_wconf 79' lang='lat' dir='ltr'><strong>non</strong></span> 
     </span>
     <span class='ocr_line' id='line_1_84' title="bbox 1645 2910 2711 2979; baseline -0.004 -15"><span class='ocrx_word' id='word_1_460' title='bbox 1645 2912 2000 2979; x_wconf 83' lang='lat' dir='ltr'><strong>perfunctorie</strong></span> <span class='ocrx_word' id='word_1_461' title='bbox 2034 2914 2327 2962; x_wconf 86' lang='lat' dir='ltr'><strong>invehitur:</strong></span> <span class='ocrx_word' id='word_1_462' title='bbox 2355 2912 2583 2962; x_wconf 76' lang='lat' dir='ltr'><strong>merito:</strong></span> <span class='ocrx_word' id='word_1_463' title='bbox 2618 2910 2711 2960; x_wconf 75' lang='lat' dir='ltr'><strong>sed</strong></span> 
     </span>
     <span class='ocr_line' id='line_1_85' title="bbox 1645 2989 2710 3051; baseline -0.006 -9"><span class='ocrx_word' id='word_1_464' title='bbox 1645 2992 1937 3042; x_wconf 87' lang='lat' dir='ltr'><strong>meminisse</strong></span> <span class='ocrx_word' id='word_1_465' title='bbox 1954 2998 2127 3042; x_wconf 86' lang='lat' dir='ltr'><strong>tamen</strong></span> <span class='ocrx_word' id='word_1_466' title='bbox 2146 2991 2416 3051; x_wconf 82' lang='lat' dir='ltr'><strong>debemus,</strong></span> <span class='ocrx_word' id='word_1_467' title='bbox 2432 2989 2710 3042; x_wconf 56' lang='lat' dir='ltr'><strong>luanc&#39;teme-</strong></span> 
     </span>
    </p>
   </div>
   <div class='ocr_carea' id='block_1_7' title="bbox 1635 3065 2710 3133">
    <p class='ocr_par' dir='ltr' id='par_1_17' title="bbox 1635 3065 2710 3133">
     <span class='ocr_line' id='line_1_86' title="bbox 1635 3065 2710 3133; baseline -0.004 -15"><span class='ocrx_word' id='word_1_468' title='bbox 1635 3068 1790 3133; x_wconf 23' lang='lat' dir='ltr'><strong>*poris</strong></span> <span class='ocrx_word' id='word_1_469' title='bbox 1805 3082 1908 3118; x_wconf 84' lang='lat' dir='ltr'><strong>non</strong></span> <span class='ocrx_word' id='word_1_470' title='bbox 1922 3068 2143 3117; x_wconf 84' lang='lat' dir='ltr'><strong>hominis</strong></span> <span class='ocrx_word' id='word_1_471' title='bbox 2168 3067 2335 3117; x_wconf 86' lang='lat' dir='ltr'><strong>labem</strong></span> <span class='ocrx_word' id='word_1_472' title='bbox 2354 3065 2531 3116; x_wconf 82' lang='lat' dir='ltr'><strong>fuisse.</strong></span> <span class='ocrx_word' id='word_1_473' title='bbox 2589 3067 2710 3118; x_wconf 81' lang='lat' dir='ltr'><strong>Quo</strong></span> 
     </span>
    </p>
   </div>
   <div class='ocr_carea' id='block_1_8' title="bbox 1640 3143 2719 4290">
    <p class='ocr_par' dir='ltr' id='par_1_18' title="bbox 1640 3143 2719 4290">
     <span class='ocr_line' id='line_1_87' title="bbox 1645 3143 2713 3204; baseline -0.005 -8"><span class='ocrx_word' id='word_1_474' title='bbox 1645 3145 1708 3196; x_wconf 84' lang='lat' dir='ltr'><strong>fit</strong></span> <span class='ocrx_word' id='word_1_475' title='bbox 1729 3152 1790 3195; x_wconf 87' lang='lat' dir='ltr'><strong>nt</strong></span> <span class='ocrx_word' id='word_1_476' title='bbox 1817 3146 1930 3196; x_wconf 73' lang='lat' dir='ltr'><strong>haec</strong></span> <span class='ocrx_word' id='word_1_477' title='bbox 1967 3145 2154 3203; x_wconf 84' lang='lat' dir='ltr'><strong>oratio,</strong></span> <span class='ocrx_word' id='word_1_478' title='bbox 2188 3159 2311 3193; x_wconf 79' lang='lat' dir='ltr'><strong>vera</strong></span> <span class='ocrx_word' id='word_1_479' title='bbox 2345 3143 2713 3204; x_wconf 72' lang='lat' dir='ltr'><strong>aestimatione,</strong></span> 
     </span>
     <span class='ocr_line' id='line_1_88' title="bbox 1641 3220 2710 3287; baseline -0.003 -16"><span class='ocrx_word' id='word_1_480' title='bbox 1641 3222 1965 3287; x_wconf 79' lang='lat' dir='ltr'><strong>negligentis</strong></span> <span class='ocrx_word' id='word_1_481' title='bbox 2005 3228 2062 3274; x_wconf 87' lang='lat' dir='ltr'><strong>et</strong></span> <span class='ocrx_word' id='word_1_482' title='bbox 2110 3221 2321 3272; x_wconf 88' lang='lat' dir='ltr'><strong>nimium</strong></span> <span class='ocrx_word' id='word_1_483' title='bbox 2362 3220 2567 3283; x_wconf 79' lang='lat' dir='ltr'><strong>blandi3</strong></span> <span class='ocrx_word' id='word_1_484' title='bbox 2616 3231 2710 3284; x_wconf 88' lang='lat' dir='ltr'><strong>pro</strong></span> 
     </span>
     <span class='ocr_line' id='line_1_89' title="bbox 1645 3298 2709 3364; baseline -0.004 -15"><span class='ocrx_word' id='word_1_485' title='bbox 1645 3299 1873 3349; x_wconf 88' lang='lat' dir='ltr'><strong>moribus</strong></span> <span class='ocrx_word' id='word_1_486' title='bbox 1898 3309 2205 3364; x_wconf 89' lang='lat' dir='ltr'><strong>temporum,</strong></span> <span class='ocrx_word' id='word_1_487' title='bbox 2224 3299 2353 3348; x_wconf 88' lang='lat' dir='ltr'><strong>lenis</strong></span> <span class='ocrx_word' id='word_1_488' title='bbox 2375 3306 2430 3348; x_wconf 84' lang='lat' dir='ltr'><strong>et</strong></span> <span class='ocrx_word' id='word_1_489' title='bbox 2452 3298 2709 3347; x_wconf 88' lang='lat' dir='ltr'><strong>mansueti</strong></span> 
     </span>
     <span class='ocr_line' id='line_1_90' title="bbox 1644 3374 2707 3441; baseline -0.004 -16"><span class='ocrx_word' id='word_1_490' title='bbox 1644 3376 1813 3440; x_wconf 83' lang='lat' dir='ltr'><strong>patris</strong></span> <span class='ocrx_word' id='word_1_491' title='bbox 1854 3377 2138 3427; x_wconf 77' lang='lat' dir='ltr'><strong>habeaturz</strong></span> <span class='ocrx_word' id='word_1_492' title='bbox 2185 3377 2365 3441; x_wconf 80' lang='lat' dir='ltr'><strong>itaque</strong></span> <span class='ocrx_word' id='word_1_493' title='bbox 2403 3390 2508 3425; x_wconf 89' lang='lat' dir='ltr'><strong>non</strong></span> <span class='ocrx_word' id='word_1_494' title='bbox 2554 3374 2707 3423; x_wconf 75' lang='lat' dir='ltr'><strong>aliter</strong></span> 
     </span>
     <span class='ocr_line' id='line_1_91' title="bbox 1644 3455 2710 3521; baseline -0.004 -16"><span class='ocrx_word' id='word_1_495' title='bbox 1644 3455 1844 3506; x_wconf 81' lang='lat' dir='ltr'><strong>Laches</strong></span> <span class='ocrx_word' id='word_1_496' title='bbox 1876 3457 2102 3521; x_wconf 83' lang='lat' dir='ltr'><strong>loquitur</strong></span> <span class='ocrx_word' id='word_1_497' title='bbox 2127 3456 2178 3504; x_wconf 91' lang='lat' dir='ltr'><strong>in</strong></span> <span class='ocrx_word' id='word_1_498' title='bbox 2210 3455 2424 3518; x_wconf 82' lang='lat' dir='ltr'><strong>Hecyra</strong></span> <span class='ocrx_word' id='word_1_499' title='bbox 2457 3467 2531 3502; x_wconf 75' lang='grc' dir='ltr'><strong>ιν.</strong></span> <span class='ocrx_word' id='word_1_500' title='bbox 2555 3456 2710 3501; x_wconf 59' lang='lat'><em>4:62.</em></span> 
     </span>
     <span class='ocr_line' id='line_1_92' title="bbox 1642 3530 2711 3584; baseline -0.006 0"><span class='ocrx_word' id='word_1_501' title='bbox 1642 3536 1743 3584; x_wconf 85' lang='lat' dir='ltr'><strong>&amp;c.</strong></span> <span class='ocrx_word' id='word_1_502' title='bbox 1759 3533 1893 3583; x_wconf 85' lang='lat' dir='ltr'><strong>adde</strong></span> <span class='ocrx_word' id='word_1_503' title='bbox 1905 3533 2196 3583; x_wconf 88' lang='lat' dir='ltr'><strong>Chremetis</strong></span> <span class='ocrx_word' id='word_1_504' title='bbox 2215 3532 2500 3582; x_wconf 86' lang='lat' dir='ltr'><strong>orationem</strong></span> <span class='ocrx_word' id='word_1_505' title='bbox 2513 3530 2711 3580; x_wconf 77' lang='lat' dir='ltr'><strong>Heaut-</strong></span> 
     </span>
     <span class='ocr_line' id='line_1_93' title="bbox 1642 3604 2711 3660; baseline -0.003 -2"><span class='ocrx_word' id='word_1_506' title='bbox 1642 3623 1683 3658; x_wconf 85' lang='grc' dir='ltr'><strong>ι.</strong></span> <span class='ocrx_word' id='word_1_507' title='bbox 1702 3614 1752 3659; x_wconf 84' lang='lat'><strong>2.</strong></span> <span class='ocrx_word' id='word_1_508' title='bbox 1772 3613 1855 3660; x_wconf 73' lang='lat'><strong>82.</strong></span> <span class='ocrx_word' id='word_1_509' title='bbox 1877 3613 1977 3659; x_wconf 86' lang='lat' dir='ltr'><strong>&amp;c.</strong></span> <span class='ocrx_word' id='word_1_510' title='bbox 2012 3615 2069 3660; x_wconf 87' lang='lat' dir='ltr'><strong>et</strong></span> <span class='ocrx_word' id='word_1_511' title='bbox 2092 3622 2177 3659; x_wconf 87' lang='lat'>111.</span> <span class='ocrx_word' id='word_1_512' title='bbox 2195 3613 2241 3658; x_wconf 86' lang='lat' dir='ltr'><strong>l.</strong></span> <span class='ocrx_word' id='word_1_513' title='bbox 2278 3612 2360 3657; x_wconf 74' lang='lat'><strong>34.</strong></span> <span class='ocrx_word' id='word_1_514' title='bbox 2393 3610 2489 3657; x_wconf 72' lang='grc' dir='ltr'><strong>διο.</strong></span> <span class='ocrx_word' id='word_1_515' title='bbox 2558 3606 2632 3656; x_wconf 82' lang='lat' dir='ltr'><strong>At</strong></span> <span class='ocrx_word' id='word_1_516' title='bbox 2663 3604 2711 3655; x_wconf 84' lang='lat' dir='ltr'><strong>si</strong></span> 
     </span>
     <span class='ocr_line' id='line_1_94' title="bbox 1643 3686 2710 3751; baseline -0.004 -15"><span class='ocrx_word' id='word_1_517' title='bbox 1643 3688 1757 3751; x_wconf 88' lang='lat' dir='ltr'><strong>quis</strong></span> <span class='ocrx_word' id='word_1_518' title='bbox 1801 3701 1869 3736; x_wconf 84' lang='lat' dir='ltr'><strong>ex</strong></span> <span class='ocrx_word' id='word_1_519' title='bbox 1904 3686 2075 3737; x_wconf 81' lang='lat' dir='ltr'><strong>Poe‘ta</strong></span> <span class='ocrx_word' id='word_1_520' title='bbox 2114 3686 2409 3736; x_wconf 84' lang='lat' dir='ltr'><strong>sciscitatus</strong></span> <span class='ocrx_word' id='word_1_521' title='bbox 2449 3691 2609 3745; x_wconf 88' lang='lat' dir='ltr'><strong>esset,</strong></span> <span class='ocrx_word' id='word_1_522' title='bbox 2643 3697 2710 3733; x_wconf 83' lang='lat' dir='ltr'><strong>an</strong></span> 
     </span>
     <span class='ocr_line' id='line_1_95' title="bbox 1640 3761 2707 3830; baseline -0.003 -15"><span class='ocrx_word' id='word_1_523' title='bbox 1640 3766 1726 3815; x_wconf 86' lang='lat' dir='ltr'><strong>hic</strong></span> <span class='ocrx_word' id='word_1_524' title='bbox 1760 3766 1777 3795; x_wconf 88' lang='lat'>‘</span> <span class='ocrx_word' id='word_1_525' title='bbox 1802 3766 1979 3830; x_wconf 85' lang='lat' dir='ltr'><strong>inepta</strong></span> <span class='ocrx_word' id='word_1_526' title='bbox 1997 3764 2184 3813; x_wconf 86' lang='lat' dir='ltr'><strong>lenitas</strong></span> <span class='ocrx_word' id='word_1_527' title='bbox 2209 3763 2374 3827; x_wconf 88' lang='lat' dir='ltr'><strong>patris</strong></span> <span class='ocrx_word' id='word_1_528' title='bbox 2403 3769 2460 3811; x_wconf 94' lang='lat' dir='ltr'><strong>et</strong></span> <span class='ocrx_word' id='word_1_529' title='bbox 2478 3761 2707 3812; x_wconf 77' lang='lat' dir='ltr'><strong>facilitas</strong></span> 
     </span>
     <span class='ocr_line' id='line_1_96' title="bbox 1642 3836 2710 3907; baseline -0.003 -16"><span class='ocrx_word' id='word_1_530' title='bbox 1642 3842 1846 3907; x_wconf 86' lang='lat' dir='ltr'><strong>prava‚&#39;</strong></span> <span class='ocrx_word' id='word_1_531' title='bbox 1879 3842 2077 3907; x_wconf 88' lang='lat' dir='ltr'><strong>qualem</strong></span> <span class='ocrx_word' id='word_1_532' title='bbox 2118 3841 2170 3890; x_wconf 89' lang='lat' dir='ltr'><strong>in</strong></span> <span class='ocrx_word' id='word_1_533' title='bbox 2208 3839 2459 3903; x_wconf 79' lang='lat' dir='ltr'><strong>Adelphis</strong></span> <span class='ocrx_word' id='word_1_534' title='bbox 2489 3836 2710 3888; x_wconf 84' lang='lat' dir='ltr'><strong>Micioni</strong></span> 
     </span>
     <span class='ocr_line' id='line_1_97' title="bbox 1644 3914 2710 3981; baseline -0.006 -12"><span class='ocrx_word' id='word_1_535' title='bbox 1644 3919 1812 3981; x_wconf 87' lang='lat' dir='ltr'><strong>dedit,</strong></span> <span class='ocrx_word' id='word_1_536' title='bbox 1825 3924 2228 3980; x_wconf 84' lang='lat' dir='ltr'><strong>notaretur,non</strong></span> <span class='ocrx_word' id='word_1_537' title='bbox 2244 3916 2455 3965; x_wconf 87' lang='lat' dir='ltr'><strong>dubium</strong></span> <span class='ocrx_word' id='word_1_538' title='bbox 2468 3922 2569 3972; x_wconf 88' lang='lat' dir='ltr'><strong>est,</strong></span> <span class='ocrx_word' id='word_1_539' title='bbox 2582 3914 2710 3980; x_wconf 89' lang='lat' dir='ltr'><strong>quin</strong></span> 
     </span>
     <span class='ocr_line' id='line_1_98' title="bbox 1643 3991 2719 4061; baseline -0.008 -16"><span class='ocrx_word' id='word_1_540' title='bbox 1643 4002 1908 4061; x_wconf 81' lang='lat' dir='ltr'><strong>negasset.</strong></span> <span class='ocrx_word' id='word_1_541' title='bbox 1978 3996 2217 4045; x_wconf 88' lang='lat' dir='ltr'><strong>Muretus</strong></span> <span class='ocrx_word' id='word_1_542' title='bbox 2242 3993 2307 4043; x_wconf 91' lang='lat' dir='ltr'><strong>ad</strong></span> <span class='ocrx_word' id='word_1_543' title='bbox 2336 3991 2566 4057; x_wconf 71' lang='grc' dir='ltr'><strong><em>εἰρωνείαν</em></strong></span> <span class='ocrx_word' id='word_1_544' title='bbox 2586 4006 2719 4042; x_wconf 88' lang='lat' dir='ltr'><strong>con-.</strong></span> 
     </span>
     <span class='ocr_line' id='line_1_99' title="bbox 1643 4068 2704 4136; baseline -0.003 -14"><span class='ocrx_word' id='word_1_545' title='bbox 1643 4072 1803 4136; x_wconf 88' lang='lat' dir='ltr'><strong>fugit:</strong></span> <span class='ocrx_word' id='word_1_546' title='bbox 1851 4073 1966 4122; x_wconf 80' lang='lat' dir='ltr'><strong>haec</strong></span> <span class='ocrx_word' id='word_1_547' title='bbox 2005 4073 2086 4122; x_wconf 89' lang='lat' dir='ltr'><strong>hic</strong></span> <span class='ocrx_word' id='word_1_548' title='bbox 2128 4073 2297 4121; x_wconf 89' lang='lat' dir='ltr'><strong>locum</strong></span> <span class='ocrx_word' id='word_1_549' title='bbox 2344 4084 2465 4119; x_wconf 81' lang='lat' dir='ltr'><strong>sane</strong></span> <span class='ocrx_word' id='word_1_550' title='bbox 2506 4068 2704 4119; x_wconf 83' lang='lat' dir='ltr'><strong>habere</strong></span> 
     </span>
     <span class='ocr_line' id='line_1_100' title="bbox 1641 4144 2703 4214; baseline -0.004 -16"><span class='ocrx_word' id='word_1_551' title='bbox 1641 4149 1843 4214; x_wconf 88' lang='lat' dir='ltr'><strong>nequit.</strong></span> <span class='ocrx_word' id='word_1_552' title='bbox 1911 4148 1996 4199; x_wconf 89' lang='lat' dir='ltr'><strong>Ad</strong></span> <span class='ocrx_word' id='word_1_553' title='bbox 2034 4149 2189 4198; x_wconf 88' lang='lat' dir='ltr'><strong>moris</strong></span> <span class='ocrx_word' id='word_1_554' title='bbox 2235 4147 2404 4200; x_wconf 85' lang='lat' dir='ltr'><strong>Attici</strong></span> <span class='ocrx_word' id='word_1_555' title='bbox 2435 4144 2703 4195; x_wconf 83' lang='lat' dir='ltr'><strong>infamiam</strong></span> 
     </span>
     <span class='ocr_line' id='line_1_101' title="bbox 1642 4225 2707 4290; baseline -0.003 -14"><span class='ocrx_word' id='word_1_556' title='bbox 1642 4225 1916 4276; x_wconf 81' lang='lat' dir='ltr'><strong>referenda</strong></span> <span class='ocrx_word' id='word_1_557' title='bbox 1931 4233 2053 4277; x_wconf 90' lang='lat' dir='ltr'><strong>sunt</strong></span> <span class='ocrx_word' id='word_1_558' title='bbox 2066 4241 2145 4276; x_wconf 86' lang='lat' dir='ltr'><strong>om</strong></span> <span class='ocrx_word' id='word_1_559' title='bbox 2153 4227 2237 4275; x_wconf 87' lang='lat' dir='ltr'><strong>uia</strong></span> <span class='ocrx_word' id='word_1_560' title='bbox 2256 4241 2269 4273; x_wconf 91' lang='lat'><strong>:</strong></span> <span class='ocrx_word' id='word_1_561' title='bbox 2295 4226 2536 4274; x_wconf 87' lang='lat' dir='ltr'><strong>adversus</strong></span> <span class='ocrx_word' id='word_1_562' title='bbox 2551 4238 2707 4290; x_wconf 83' lang='lat' dir='ltr'><strong>quem</strong></span> 
     </span>
    </p>
   </div>
   <div class='ocr_carea' id='block_1_9' title="bbox 1478 4300 2704 4368">
    <p class='ocr_par' dir='ltr' id='par_1_19' title="bbox 1478 4300 2704 4368">
     <span class='ocr_line' id='line_1_102' title="bbox 1478 4300 2704 4368; baseline -0.004 -11"><span class='ocrx_word' id='word_1_563' title='bbox 1478 4321 1566 4357; x_wconf 81' lang='lat' dir='ltr'><strong>au·-</strong></span> <span class='ocrx_word' id='word_1_564' title='bbox 1642 4303 1760 4353; x_wconf 85' lang='lat' dir='ltr'><strong>talis</strong></span> <span class='ocrx_word' id='word_1_565' title='bbox 1804 4305 2017 4368; x_wconf 84' lang='lat' dir='ltr'><strong>querela</strong></span> <span class='ocrx_word' id='word_1_566' title='bbox 2054 4305 2227 4355; x_wconf 85' lang='lat' dir='ltr'><strong>locum</strong></span> <span class='ocrx_word' id='word_1_567' title='bbox 2268 4304 2449 4367; x_wconf 87' lang='lat' dir='ltr'><strong>habet,</strong></span> <span class='ocrx_word' id='word_1_568' title='bbox 2496 4300 2704 4367; x_wconf 79' lang='lat' dir='ltr'><strong>qualem</strong></span> 
     </span>
    </p>
   </div>
  </div>
 </body>
</html>
