3035 4941
489 327 669 396 1262

494 487 585 537 tia.
620 483 906 536 Far-nubiua-

556 564 678 612 Inde
695 563 908 611 omnibus
920 560 1110 623 signnm
1125 561 1269 625 dabo]
1286 562 1546 626 Tanquam

491 654 593 690 non
628 638 863 688 omuibus
902 638 1016 687 dari
1049 639 1233 702 possit,
1259 638 1301 687 si
1339 638 1546 688 aliunde

490 717 659 766 detur.
682 717 918 765 Donata-n

559 799 621 845 12
674 794 815 857 Ipsus
850 794 941 842 sibi
971 795 1098 843 eavit
1129 794 1249 858 loeo]
1299 793 1383 844 An
1422 794 1549 845 Loco

490 871 813 935 simpliciter,
850 871 970 936 quia
1003 878 1120 934 post
1152 872 1438 935 principia?
1480 887 1547 920 an

492 944 638 1009 Loco,
661 947 713 996 iu
736 948 869 1009 loco,
894 953 1183 1011 opportune
1216 954 1272 996 et
1293 945 1546 1012 εὐκαίρως-ἲ

488 1023 767 1073 Terentius
785 1023 837 1072 iu
858 1021 1128 1086 Adelphis,
1153 1028 1168 1051 ‘
1187 1023 1469 1072 Pecuniam
1493 1025 1545 1072 in

488 1099 605 1149 loco
649 1099 931 1162 negligere,
971 1096 1233 1148 interdum
1268 1100 1544 1147 maximum

489 1183 570 1227 est
590 1173 822 1226 lacrum.’
889 1175 973 1224 An
997 1190 1109 1239 pro,
1129 1175 1359 1225 deloco?
1390 1175 1546 1224 Idem.

562 1257 622 1302 18
659 1253 793 1301 Idem
813 1252 898 1300 hoc
908 1251 1016 1311 jam
1040 1249 1548 1315 Pyrrhussuctitovit]

488 1329 684 1379 Irridet
717 1329 922 1394 quidem
957 1328 1155 1390 Poeta:
1205 1334 1545 1377 veruntamen

487 1405 739 1469 ostendit,
780 1403 1003 1454 officium
1051 1403 1390 1468 Imperatoris
1445 1403 1545 1452 hoc

492 1497 626 1545 esse,
662 1496 730 1532 ne
774 1496 829 1531 se
866 1483 916 1531 in
959 1483 1243 1546 periculum
1281 1481 1544 1545 projiciat.

484 1557 577 1606 Sic
616 1558 905 1619 Sallustius,
943 1560 959 1587 ⁸
985 1559 1054 1606 Et
1096 1558 1148 1605 in
1192 1557 1384 1620 praeliis
1425 1564 1547 1607 actu

488 1632 794 1697 promptus.'
857 1634 929 1681 Et
960 1633 1056 1681 hoc
1098 1639 1284 1693 totum,
1318 1633 1461 1695 quasi
1492 1632 1547 1682 iu

489 1710 743 1759 Palliatat
781 1709 873 1758 sed
899 1723 1198 1758 concessum
1222 1708 1403 1758 Poetis
1426 1707 1544 1760 fuit.

492 1785 723 1849 Pyrrhus
741 1793 914 1835 autem
936 1784 1277 1849 peritissimus
1294 1791 1547 1848 stratage-

486 1867 665 1909 matoen
705 1859 835 1910 fuit:
888 1863 1181 1926 primusque
1214 1861 1544 1926 quemadmo-

488 1936 609 1987 dum
632 1952 696 1987 ea
726 1937 1003 2002 disciplina
1022 1953 1119 2004 per
1140 1938 1366 1988 calculos
1389 1939 1441 1988 in
1465 1945 1542 1988 ta·

487 2013 606 2064 bula
629 2015 922 2064 traderetur
943 2016 1191 2066 ostendit.
1222 2016 1371 2064 Idem.

552 2091 690 2141 Idem
708 2093 794 2141 hoc
814 2093 921 2154 jam
939 2093 1160 2156 Pyrrhus
1174 2090 1327 2157 foen]
1364 2088 1544 2139 Suavi-

490 2173 652 2225 tatem
693 2170 975 2219 Comoediae
1005 2170 1178 2232 juvat,
1219 2167 1355 2233 quod
1392 2168 1543 2217 homo

486 2244 649 2308 nihili,
670 2252 725 2296 et
746 2245 933 2294 nebulo
954 2259 1189 2307 magnus,
1220 2252 1280 2293 ut
1311 2243 1443 2294 infra
1469 2243 1544 2292 dt-

483 2320 642 2383 citur,
664 2321 1059 2371 clarissimorum
1094 2320 1349 2370 hominum
1373 2334 1544 2368 exem-

486 2395 698 2458 plastris
729 2397 939 2459 ineptiis
963 2398 1242 2459 praetexit:
1288 2395 1372 2445 hic
1410 2395 1541 2459 Pyr-

486 2472 652 2534 rhum,
699 2470 836 2521 infra
880 2469 1186 2522 Herculem.
1249 2470 1387 2520 Tota
1430 2470 1542 2520 hoec

485 2565 644 2600 scena
686 2552 866 2613 lepore
908 2557 962 2598 et
1008 2548 1304 2599 festivitate
1347 2550 1543 2600 comica

484 2626 747 2686 conditur,
781 2626 919 2675 sicut
940 2626 994 2675 iu
1027 2624 1335 2690 praefatioue
1368 2634 1540 2677 osten-

487 2699 676 2751 dimus.
709 2701 970 2750 Boecierus.

546 2776 782 2841 Pyrrhus,
791 2775 896 2838 ξω]
916 2775 1249 2841 Epirotarum
1260 2790 1373 2840 rex,
1385 2791 1540 2842 quem

486 2853 778 2918 Antigonus
815 2854 997 2903 ducem
1036 2854 1283 2921 optimum
1317 2869 1541 2918 pronun·

463 2929 660 2992 cievit,
680 2929 931 2995 siquidem
965 2932 1257 2992 consenuit,
1278 2938 1542 2995 superstes

484 3006 642 3055 variis
683 3006 847 3056 bellis.
915 3006 1143 3057 Annibal
1190 3021 1311 3056 vero
1348 3007 1540 3070 primas

482 3080 781 3135 Alexandro
809 3083 983 3145 dedit,
1008 3083 1148 3148 quia,
1168 3086 1268 3133 διο.
1334 3084 1541 3147 Pyrrho

481 3161 757 3220 secundas,
777 3161 901 3224 quia
927 3167 1100 3210 castra
1134 3160 1319 3210 metari
1343 3161 1541 3224 primus

481 3236 758 3301 domisset,
779 3243 1204 3301 stratagematum
1239 3238 1292 3286 in
1322 3237 1540 3286 urbibus

478 3311 744 3374 capiendis
765 3318 821 3361 et
853 3311 1104 3374 praesidiis
1127 3311 1376 3375 ponendis
1397 3317 1542 3362 esset

483 3386 844 3449 peritissimus,
865 3393 1028 3434 artem
1051 3387 1360 3436 conciliandi
1382 3374 1540 3435 bomi-

479 3476 572 3511 nes
612 3461 810 3525 optime
855 3460 1132 3512 calluisset.
1181 3462 1280 3512 sibi
1319 3462 1540 3528 denique

482 3537 683 3600 tertias,
720 3539 822 3586 ὅτε.
860 3537 977 3587 Liv.
1009 3537 1125 3586 dec.
1148 3551 1229 3588 lv.
1251 3538 1289 3587 l.
1311 3552 1367 3588 v.
1410 3539 1538 3589 Fur-

476 3612 661 3662 nabin-s.

546 3692 607 3737 15
643 3688 887 3738 Nimirum
917 3688 1162 3738 consilium
1197 3689 1320 3740 aaut
1355 3695 1537 3740 rectum

477 3763 574 3826 est]
604 3764 733 3813 Illud
760 3769 941 3814 rectum
965 3770 1058 3822 est,
1081 3772 1135 3815 et
1165 3780 1300 3815 nova
1320 3766 1536 3830 locutio,

480 3846 537 3889 et
557 3841 811 3905 superiori
846 3840 1045 3904 similis,
1067 3842 1083 3870 ‘
1110 3841 1363 3893 Nimirum
1387 3844 1537 3895 dabit

481 3918 757 3969 baec'l'hais
778 3921 900 3970 mibi
921 3936 1161 3985 maguum
1179 3923 1366 3973 malum
1383 3921 1414 3970 ι’
1436 3937 1534 3987 pro

477 3994 588 4044 sine
609 3995 766 4045 dubio
788 4004 990 4047 rectum
1013 4004 1112 4048 est.
1147 3999 1382 4048 Donatus.

546 4075 605 4120 15
640 4071 770 4121 Sane
796 4075 917 4137 quod
947 4074 1037 4123 tibi
1056 4088 1180 4123 nunc
1206 4074 1284 4123 vir
1314 4074 1536 4124 videatur

474 4159 596 4206 esse,
613 4146 690 4196 hic
717 4148 897 4198 Nebula
912 4164 1111 4212 magnus
1130 4155 1229 4199 est.-
1252 4165 1310 4199 ne
1329 4151 1533 4214 metuas]

478 4223 727 4286 Figurata
742 4227 958 4292 locutio,
975 4234 1031 4279 et
1050 4235 1310 4292 praeterea
1331 4226 1534 4293 ὑπέρβα-

1193 339 1409 393 NO'rAE
1455 342 1547 391 VA
1562 339 1863 394 RlolttJM'
1906 345 1984 394 IN

1515 505 1521 514 ·
1619 503 1706 535 τον
1739 486 2110 536 intermixtum.
2148 501 2263 536 nam
2299 487 2385 537 bic
2420 479 2557 538 ordo'
2591 493 2700 555 est,

1619 563 1754 612 Sane
1776 565 1860 613 hic
1890 565 2080 614 nebulo
2101 572 2197 627 est,
2218 578 2285 613 ne
2312 572 2533 614 metuas.
2598 567 2695 615 Aa

1619 640 1702 688 liic
1725 640 1823 689 erit
1845 640 1973 690 ordo
1995 648 2050 691 et
2073 655 2269 703 sensus,
2293 650 2354 691 ut
2374 644 2445 692 sit
2462 643 2697 707 dictum,

1621 719 1706 768 Ne
1723 725 1925 768 metuas
1945 736 1960 769 ε
1996 734 2121 768 sane
2143 720 2230 785 qui
2253 720 2351 769 tibi
2374 721 2456 769 vir
2472 720 2698 770 videtur

1620 806 1749 857 esse,
1769 794 1851 844 hic
1875 795 2065 845 nebulo
2087 811 2300 859 magnus
2324 803 2426 846 est.
2477 796 2554 846 Et
2577 801 2701 845 red·

1618 874 1705 920 tex
1764 884 1878 919 nam
1921 871 2218 922 obterretur
2262 872 2592 936 adolescens,
2638 878 2702 921 et

1620 950 1776 994 aetate
1802 947 2005 1012 Militis,
2024 947 2161 1012 quod
2190 949 2301 1012 jam
2340 949 2420 997 vir
2457 954 2576 999 est:
2634 954 2701 998 et

1620 1023 1990 1085 magnitudine,
2020 1024 2157 1088 quod
2186 1040 2399 1088 magnus
2425 1039 2657 1090 corpore
2682 1044 2697 1072 ε

1621 1109 1737 1160 quse
1760 1105 1977 1163 utraque
2000 1101 2052 1148 in
2086 1101 2176 1150 illo
2206 1116 2340 1151 vana
2362 1115 2495 1165 esse,
2518 1116 2700 1151 mere-

1623 1174 1726 1222 trix
1769 1180 1829 1224 ut
1869 1183 2087 1239 experta
2126 1175 2422 1228 denuntiat.
2448 1191 2453 1194 ·
2489 1177 2698 1227 Nebnto

1620 1256 1816 1313 autem,
1839 1252 1920 1301 vel
1942 1253 2222 1315 inanis,vel
2246 1260 2536 1315 vanuS,aut
2559 1254 2702 1304 mol-

1619 1326 1700 1389 lis,
1731 1335 1790 1376 ut
1821 1336 1903 1378 est
1939 1329 2148 1393 nebula,
2187 1330 2403 1380 dicitur.
2473 1330 2549 1380 Et
2584 1330 2694 1381 boe

1620 1399 1854 1465 εἷρωνικῶς
1872 1402 2066 1453 dictum
2089 1412 2188 1455 est.
2244 1405 2532 1468 Meretrix,
2555 1405 2704 1455 fnis-

1621 1483 1705 1527 tra
1747 1486 2065 1528 metuentem
2113 1480 2398 1543 corripiens
2434 1481 2697 1548 Chreme-

1620 1558 1747 1615 tem,
1769 1556 1785 1582 ‘
1801 1554 1974 1611 Sane‚'
1997 1555 2187 1620 inquit,
2209 1558 2224 1584 ‘
2242 1557 2377 1621 quod
2412 1556 2513 1606 tibi
2548 1572 2698 1608 nunc

1620 1628 1701 1679 vir
1722 1630 1966 1680 videatur
1988 1632 2141 1681 esse.’
2171 1639 2225 1682 et
2251 1632 2423 1695 deest,
2444 1633 2561 1682 Non
2583 1639 2701 1683 est.-

1620 1713 1679 1755 ut
1698 1707 1782 1770 sit,
1804 1708 1925 1757 Nou
1950 1716 2032 1759 est
2054 1708 2190 1773 quod
2216 1708 2309 1758 tibi
2334 1723 2473 1758 nunc
2496 1709 2580 1759 vir
2617 1710 2700 1759 vi·

1620 1782 1805 1831 deatur
1825 1798 1967 1834 esse:
2019 1785 2103 1833 hic
2135 1785 2324 1834 nebulo
2346 1800 2566 1849 magnus
2591 1792 2697 1836 est.

1616 1856 1705 1907 sic
1728 1867 1783 1908 et
1805 1858 1947 1923 alibi,
1965 1861 1981 1888 ‘
1995 1860 2049 1909 Si
2074 1861 2124 1908 in
2144 1861 2317 1923 platea
2334 1861 2434 1910 hac
2452 1867 2507 1910 te
2526 1860 2700 1912 offen·

1619 1933 1744 1983 dero
1776 1942 1898 2000 post
1935 1950 2177 2001 uuquam,
2210 1936 2339 1985 nihil
2376 1935 2504 2000 quid
2539 1937 2699 1987 dieas

1617 2011 1760 2073 mihi,
1788 2012 1961 2061 Alium
1984 2012 2313 2077 quaerebam:
2349 2014 2455 2061 iter
2475 2013 2577 2063 hac
2601 2015 2697 2063 ha·

1618 2089 1737 2138 bui:
1774 2089 1998 2153 peristi.’
2065 2090 2141 2138 Ut
2165 2090 2251 2153 sit,
2285 2089 2404 2139 Non
2429 2096 2513 2139 est
2546 2092 2695 2156 quod

1618 2165 1760 2214 dicas
1783 2165 1924 2216 mihi.
1959 2165 2112 2216 Idm.
2664 2171 2667 2176 '

1682 2240 1810 2291 Sane
1829 2244 1953 2306 quod
1973 2242 2064 2291 tibi
2083 2257 2207 2291 nunc
2232 2243 2311 2291 vir
2342 2241 2468 2306 vid]
2503 2243 2696 2294 Dona-

1620 2324 1704 2368 tus
1738 2321 1919 2383 explet
1948 2317 2188 2384 ἔλλειψινε
2224 2321 2239 2346 ‘
2258 2320 2463 2382 Deest,'
2494 2321 2697 2384 inquit,

1618 2392 1755 2443 ‘non
1796 2400 1895 2457 est,
1917 2403 1975 2444 ut
2011 2397 2110 2445 sit:
2146 2411 2247 2445 nou
2289 2402 2372 2445 est
2404 2396 2547 2461 quod
2588 2398 2695 2447 tibi

1617 2480 1755 2520 nunc
1779 2472 1857 2522 vir
1879 2472 2118 2522 videatur
2137 2472 2290 2534 esse‚'
2313 2483 2693 2539 comparatque

1617 2546 1838 2596 alterum
1866 2548 2035 2597 locum
2074 2557 2181 2598 act.
2217 2563 2268 2598 v,
2304 2563 2380 2599 sc.
2414 2555 2464 2601 9.
2499 2564 2575 2598 vs.
2601 2555 2694 2601 34.

1617 2635 1668 2670 v.
1694 2620 1850 2680 iufra,
1871 2629 1928 2673 et
1962 2624 2346 2675 Chrestomath.
2373 2640 2485 2676 voc.
2509 2627 2691 2677 Quod.

1615 2697 1889 2763 Scioppius
1913 2702 2155 2764 supplet:
2192 2707 2207 2730 ⁸
2224 2702 2290 2751 ob
2307 2701 2360 2750 id
2379 2717 2567 2752 nomen
2592 2716 2693 2752 seu

1614 2775 1897 2837 negotium,
1914 2777 2086 2840 quod,’
2110 2780 2211 2827 ὅτε.
2236 2785 2251 2807 ‘
2270 2778 2337 2827 ab
2360 2792 2422 2827 eo
2440 2779 2602 2828 velex
2625 2781 2691 2833 (ἑο

1613 2852 1824 2915 negotio
1849 2867 1937 2902 seu
1963 2854 2188 2919 nomine,
2212 2855 2387 2920 quod.’
2421 2857 2691 2906 Boeczerus.

1679 2932 1743 2977 16
1781 2929 1908 2984 Quid
1928 2930 2144 2993 videtur]
2191 2931 2313 2980 Non
2349 2931 2555 2983 diceret
2592 2935 2693 2982 mi-

1612 3004 1709 3068 les,
1729 3005 1772 3054 si
1806 3011 1969 3055 staret
1999 3006 2051 3055 in
2088 3010 2387 3058 sententiat
2440 3009 2535 3058 sed
2570 3010 2689 3073 jam

1613 3082 1817 3131 videtur
1837 3084 2020 3132 timore
2049 3090 2291 3133 mutatus.
2328 3085 2571 3135 Donatus.

1684 3158 1815 3215 Quid
1837 3159 2048 3221 videtur]
2081 3159 2380 3209 Dubitandi
2417 3169 2500 3210 est
2538 3163 2685 3226 quod

1580 3250 1586 3259 ·
1613 3232 1812 3282 (lictum
1848 3234 1935 3297 sit,
1962 3234 2093 3290 Quid
2125 3235 2353 3285 videtur?
2409 3237 2523 3300 Ego
2557 3253 2687 3287 sane

1613 3308 1710 3360 hoe
1727 3311 1952 3359 Militem
1972 3318 2099 3373 puto
2115 3310 2312 3374 dicere,
2329 3326 2484 3376 quem
2508 3315 2692 3378 paula·

1615 3384 1708 3435 tim
1731 3400 1761 3433 a
1784 3386 2022 3434 violentis
2053 3391 2209 3451 atque
2247 3388 2458 3437 acribus
2491 3390 2688 3452 princi·

1614 3461 1715 3526 piis
1740 3461 1805 3510 ad
1829 3467 2085 3511 terrorem
2109 3456 2466 3529 desidiamque
2489 3467 2685 3528 perdu-

1613 3536 1688 3585 cit
1711 3537 1882 3586 timor.
1918 3538 2053 3586 Nam
2073 3539 2240 3603 primo
2264 3539 2378 3603 ipse
2402 3543 2686 3605 praecedit,

1613 3619 1799 3674 utpote
1842 3613 1931 3679 qui
1982 3613 2142 3676 dicat,
2184 3614 2470 3679 Sequimini.
2537 3619 2682 3668 Dum

1614 3686 1839 3753 denique
1872 3689 2086 3753 propius
2125 3690 2404 3740 deventum
2438 3701 2543 3756 est,
2570 3700 2681 3759 post

1605 3764 1848 3828 principia
1902 3765 2069 3816 refert
2125 3767 2329 3830 pedem.
2398 3769 2531 3820 Post
2565 3773 2680 3835 jam

1611 3841 1734 3889 nibil
1759 3844 1873 3904 ipse
1894 3842 2073 3906 audet,
2098 3842 2188 3892 sed
2206 3844 2395 3908 quaerit
2410 3846 2681 3895 consilium

1609 3917 1853 3968 Parasiti.
1919 3920 2182 3984 Denique,
2213 3920 2305 3969 ubi
2335 3923 2570 3971 cominus
2597 3931 2681 3971 res

1611 3995 1841 4058 gerenda
1871 4005 1972 4058 est,
1993 3996 2127 4044 dixit
2150 3998 2320 4058 Mane,
2350 4005 2406 4046 et
2439 3999 2676 4048 continet

1611 4071 1883 4122 irruentes.
1946 4073 2032 4123 Ad
2089 4080 2410 4138 postremum
2462 4074 2680 4139 diffisus,

1610 4148 1782 4198 nescit
1806 4148 1930 4213 quid
1955 4154 2105 4212 agat:
2132 4149 2195 4198 ad
2217 4151 2501 4214 parasitum
2527 4165 2677 4217 spec·

1611 4230 1745 4287 tans,
1774 4225 1904 4280 Quid
1923 4226 2131 4288 erg-inus,
2152 4226 2355 4291 inquit?
2389 4226 2543 4278 Ideni.
2638 4238 2645 4254 ¹
