3035 4941
599 350 775 416 1234

601 518 767 563 totum
791 482 1017 574 optime:
1049 522 1173 575 nam·
1191 514 1251 559 ut
1276 522 1380 559 non
1402 477 1517 560 erat
1537 509 1660 560 boni

601 588 962 648 adolescentis,
975 587 1109 636 hanc
1132 585 1372 637 technam
1394 587 1658 649 reperire:

600 669 677 718 sic
711 666 778 715 ab
817 666 904 714 illo
937 661 1341 727 repertam,fuit
1374 663 1528 727 plane
1550 663 1660 712 veri

527 805 528 808 Ἴ
603 743 844 794 amatoris
870 740 1115 805 arripere.
1156 741 1308 791 Idem.

664 828 728 873 23
759 821 958 871 ‘Tacitus
977 818 1118 868 citius
1134 817 1321 882 audies]
1341 818 1411 868 ‘In
1425 818 1664 868 oratione

599 901 819 950 solemus
842 896 1103 959 corripere
1128 901 1280 945 extra
1296 896 1531 945 ordinem
1550 910 1665 959 per-

602 983 890 1027 contantes.
944 976 1013 1023 Et
1034 973 1169 1023 bene
1193 973 1522 1023 celeritatem
1546 985 1664 1037 pro·

601 1055 760 1115 misit,
781 1068 883 1118 qna
904 1050 1058 1100 facile
1084 1058 1299 1101 tenetur
1319 1049 1539 1100 auditor.
1593 1050 1666 1099 Et

601 1132 752 1191 mire,
767 1138 1010 1193 tanquam
1029 1128 1136 1177 sola
1152 1127 1491 1190 interrogatio
1507 1140 1665 1176 morae

604 1209 690 1258 sit.
734 1206 886 1256 Idem.
997 1239 1004 1248 .

666 1288 732 1333 24
767 1284 838 1332 Et
852 1296 941 1346 pro
957 1280 1240 1343 illojubeam
1260 1296 1331 1330 me
1352 1281 1468 1329 illuc
1481 1278 1666 1343 ducier]

603 1361 805 1411 subeam
843 1358 1005 1409 amico
1047 1359 1197 1420 dixit,
1244 1366 1489 1422 tanquam
1529 1358 1669 1406 inter

602 1438 818 1486 honesta
845 1435 935 1496 sit,
973 1434 1110 1499 qnod
1141 1435 1268 1484 utile
1303 1434 1387 1483 sit.
1426 1441 1483 1485 et
1515 1440 1667 1498 turpe

601 1514 800 1564 factum
836 1512 1139 1578 plerumque
1173 1519 1545 1576 perseverante
1575 1514 1668 1562 im·

606 1590 855 1655 pudentia
878 1591 1156 1640 relevatur.
1194 1590 1347 1639 Idem.

668 1672 731 1717 25
755 1668 996 1724 Quidnam
1016 1682 1078 1716 ex
1100 1682 1156 1716 ea
1176 1680 1229 1716 re
1250 1665 1460 1729 tandem]
1481 1666 1670 1714 Trans·

604 1747 647 1795 it
691 1760 722 1793 a
757 1744 1157 1809 reprehensione
1189 1741 1337 1808 facti,
1360 1742 1425 1794 ad
1460 1757 1669 1792 causam

602 1821 760 1886 ipsius
782 1819 931 1870 facti.
961 1820 1131 1870 Idem.

670 1902 737 1948 26
778 1896 1020 1958 Video-em,
1054 1895 1163 1959 Bra]
1218 1896 1388 1959 Supra
1433 1902 1537 1946 act.
1580 1910 1670 1946 111.

606 1989 678 2024 sc.
703 1978 752 2023 3.
803 1974 1089 2026 Fmabius.

670 2056 735 2101 27
772 2052 907 2100 Num
923 2066 1074 2115 parva
1091 2065 1252 2113 causo,
1272 2055 1358 2100 out
1371 2065 1523 2114 parva
1544 2050 1670 2099 ratio

607 2128 701 2191 est]
736 2128 824 2179 Sic
860 2128 1000 2177 illata
1033 2128 1374 2191 interrogatio
1397 2136 1499 2189 est,
1527 2126 1672 2192 quasi

608 2205 674 2254 ad
700 2205 833 2255 hanc
857 2219 1103 2265 annuere,
1124 2210 1182 2255 et
1201 2206 1347 2254 vultu
1373 2205 1672 2254 consentire

608 2279 843 2345 Antipho
866 2281 937 2332 sit
958 2286 1191 2333 coactus.
1241 2282 1477 2331 Donatus.

621 2389 624 2392 -
672 2361 738 2407 28
771 2357 909 2406 Loeta
928 2371 1037 2406 cero
1058 2359 1122 2406 od
1154 2373 1206 2408 se
1243 2357 1435 2406 abducit
1456 2362 1672 2406 domum:

607 2436 900 2485 commendat
919 2434 1180 2498 uirginem]
1197 2434 1472 2498 Apponam
1490 2434 1677 2485 Donati
1708 2463 1711 2466 >

591 2513 899 2574 ¹elegantem
937 2513 1342 2573 annotationem,
1372 2510 1463 2560 sed
1497 2512 1548 2561 in
1571 2511 1675 2561 fine

612 2595 942 2652 corruptam:
962 2588 979 2615 ‘
998 2587 1188 2637 Omnia
1205 2589 1364 2637 mire:
1390 2587 1529 2653 quod
1545 2590 1675 2647 lecta,

611 2665 748 2728 quod
778 2664 986 2723 obducit,
1008 2666 1146 2729 quod
1170 2667 1374 2727 domum,
1397 2665 1534 2730 quod
1554 2681 1676 2714 com-

610 2742 801 2790 mendat
836 2740 1088 2802 virginem.
1154 2742 1349 2804 Specta
1372 2742 1594 2805 singula,
1620 2749 1677 2793 et

611 2818 804 2867 mirare
849 2819 1089 2868 virtutem
1142 2819 1346 2869 Poetae.
1407 2819 1500 2869 hic¹
1539 2820 1677 2870 enim

612 2895 1047 2944 commendandus
1070 2902 1151 2944 est
1183 2897 1345 2958 locus,
1369 2897 1560 2945 erroris
1584 2896 1678 2945 ini-

616 2971 741 3021 tium
766 2972 1038 3021 continens
1060 2972 1200 3036 apud
1227 2973 1474 3023 Thaidem
1500 2973 1676 3022 convi-

611 3048 773 3099 tium.’
824 3049 987 3099 Nihili
1011 3056 1125 3100 est:
1159 3051 1285 3114 opud
1297 3050 1541 3099 -Thaidem
1566 3064 1678 3097 con-

611 3127 799 3176 vitium.
833 3125 1014 3190 itaque
1044 3127 1283 3177 lacunam
1321 3127 1403 3175 hic
1437 3124 1677 3176 fecerunt

611 3212 734 3254 ante
756 3205 1032 3255 convitium.
1097 3205 1201 3254 Sed
1229 3213 1429 3255 veteres
1452 3205 1569 3254 libri
1600 3205 1677 3253 ni·

612 3282 685 3331 hil
723 3283 829 3333 tale
864 3281 1164 3333 ostendunt.
1221 3281 1317 3331 ⁴An
1341 3280 1492 3331 nefas
1514 3280 1679 3331 fuerit

613 3361 827 3424 legere?
859 3360 935 3408 hic
955 3359 1081 3408 enim
1109 3361 1498 3410 commendandus
1515 3365 1587 3409 est
1610 3362 1677 3407 Ιο-

614 3451 716 3498 cus,
769 3437 947 3485 erroris
1002 3435 1196 3484 initium
1253 3434 1511 3497 continens,
1555 3436 1680 3498 apud

621 3500 849 3561 Thaidem
876 3510 1155 3560 convictum.
1203 3511 1321 3560 hinc
1357 3511 1550 3560 erroris
1588 3511 1678 3558 ini·

619 3591 750 3638 tium
790 3589 923 3653 quod
969 3589 1021 3638 in
1061 3587 1309 3638 familiam
1342 3589 1551 3638 Thaidis
1585 3603 1679 3653 pro

528 3714 530 3717 ,
619 3665 869 3715 Eunucho
891 3665 1036 3714 venit
1058 3665 1297 3726 Chaerea,
1321 3672 1376 3714 et
1400 3667 1452 3714 in
1475 3665 1680 3715 convic-

618 3747 729 3790 tum
750 3736 1091 3808 virginis,'qui
1114 3748 1234 3792 ante
1257 3742 1680 3804 describebant-3

616 3822 672 3865 ut
686 3831 781 3865 uno
801 3821 917 3866 esset
938 3832 1045 3867 cum
1075 3832 1148 3869 eo.
1184 3832 1302 3868 nam
1330 3821 1372 3868 is
1407 3819 1681 3885 convictus

618 3894 686 3944 ad
712 3894 962 3958 virginem
987 3895 1289 3947 referendus
1311 3905 1410 3962 est,
1427 3912 1530 3962 quo
1550 3898 1683 3960 poti-

622 3978 708 4021 tur
744 3971 965 4022 Chaerea
1002 3974 1139 4038 apud
1184 3975 1431 4024 Thaidem
1474 3976 1586 4024 sive
1629 3975 1682 4025 in

620 4049 832 4099 Thaidis
855 4051 1024 4102 domo.
1066 4055 1326 4105 Boeclerus.

688 4132 754 4176 29
791 4128 898 4177 Tibi
935 4130 1018 4192 ne]
1076 4132 1194 4181 Non
1240 4132 1547 4194 interrogat,
1593 4128 1684 4179 sed

603 4203 854 4252 miratur.
898 4207 1143 4258 Donatus.

1716 587 1910 636 ‘tamen
1930 588 2057 637 satis
2079 596 2193 638 tuto
2215 589 2341 653 agit.

1307 363 1524 413 novrAE
1574 359 1976 416 vxmonuu
2027 363 2108 414 m
2178 348 2183 356 '

1738 507 1935 561 nmen?
1982 511 2169 561 Utrum
2209 511 2343 562 hoc?
2387 514 2489 562 etsi
2526 517 2786 579 meretrix,

2389 590 2473 639 An
2493 592 2511 638 ἑ
2535 592 2635 640 etsi
2654 594 2787 642 chaee

1738 677 1860 726 reae,
1893 665 2019 715 satis
2064 671 2180 714 tuto
2224 675 2426 715 tamen:
2475 668 2596 733 quia
2630 670 2788 719 nullus

1739 741 1958 790 accedet
1980 742 2126 790 alius.
2170 743 2322 792 Idem.

1802 818 1939 868 Satis
1959 823 2063 867 tato
2084 818 2265 882 tomen]
2298 818 2461 884 AEque
2497 836 2579 885 ac,
2609 825 2624 849 ⁸
2648 827 2786 873 ovem

1737 895 1900 960 lupo,'
1934 894 2068 946 infra
2090 904 2193 947 act.
2216 910 2271 946 v.
2294 903 2368 948 s'c.
2391 903 2437 948 1.
2475 899 2759 950 For-nabitu.

1804 978 1868 1023 80
1902 974 2091 1038 Edicit]
2126 976 2390 1031 Edicimus.
2403 976 2682 1039 jubemus:
2718 979 2791 1027 vel

1729 1049 1850 1114 jure
1876 1051 2112 1100 dicimus.
2159 1052 2336 1101 Edicta
2356 1054 2491 1101 enini
2513 1052 2793 1117 Imperato-

1739 1128 1808 1177 ris
1830 1135 1966 1177 sunt.
2016 1128 2252 1177 Donatus.

1805 1204 1875 1253 Et
1894 1205 2028 1267 mihi,
2046 1219 2105 1253 ne
2120 1205 2383 1265 abscedam,
2397 1206 2629 1270 imperat]
2648 1208 2791 1305 Certe

1740 1280 1911 1328 nullus
1935 1280 2012 1327 vir
2037 1280 2257 1330 accedit.
2311 1283 2460 1332 Idem.

1806 1361 1867 1406 31
1905 1358 2131 1407 Moneom
2151 1351 2296 1425 solus]
2332 1362 2668 1422 Remanearn‚
2689 1377 2792 1426 per·

1744 1447 2078 1500 severemque
2114 1436 2167 1484 in
2190 1437 2325 1497 loco,
2366 1452 2428 1487 ac
2462 1453 2558 1500 per
2592 1439 2690 1487 hoc
2711 1440 2793 1490 sim

1743 1511 1915 1573 miser,
1937 1518 2122 1576 utpote
2151 1513 2287 1562 dono
2309 1512 2480 1577 datus,
2503 1522 2558 1563 et
2580 1501 2795 1563 serviens

1743 1591 2026 1640 meretrici.
2053 1597 2106 1639 et
2128 1598 2211 1640 est
2232 1590 2452 1655 εἰρωνεία.
2505 1592 2665 1642 Idem.

1809 1668 1872 1716 In
1906 1668 2134 1718 interiore
2166 1676 2303 1732 porte
2335 1675 2390 1719 ut
2427 1685 2648 1719 maneam
2682 1673 2796 1720 solus

1743 1758 1851 1791 cum
1870 1744 1993 1807 solo]
2037 1745 2172 1794 Dum
2206 1745 2529 1809 diligentiam
2570 1747 2796 1817 ma142dan

1747 1821 1815 1870 tis
1840 1820 2042 1870 videtur
2079 1822 2301 1884 signare,
2334 1824 2547 1883 mociani-*vs
2580 1816 2796 1887 εἰρωνείαν

1747 1897 1953 1946 occulte
1990 1897 2190 1947 miscet.
2233 1905 2291 1946 ut
2333 1913 2486 1960 mox3
2524 1891 2798 1949 ‘adhortor

1748 1975 2067 2037 properent.'
2107 1976 2366 2025 Boeclerus.

1811 2054 1875 2099 32
1913 2051 2248 2115 Terram,q·c.]
2283 2051 2510 2102 Pudoris
2531 2054 2728 2119 signum
2751 2059 2797 2101 et

1751 2131 2096 2180 verecundiae.
2138 2131 2422 2182 Farnobius.

1813 2208 1939 2269 Ego,
1959 2206 2134 2271 inquit,
2157 2210 2220 2257 ad
2254 2223 2430 2257 coenom
2466 2210 2583 2259 hinc
2613 2210 2688 2273 eo]
2722 2206 2797 2257 Μί-

1745 2300 1903 2346 μησις,
1929 2284 1991 2333 ad
2029 2285 2430 2348 imprudentiam
2468 2287 2701 2336 mulieris
2727 2299 2799 2333 ex·

1748 2362 2088 2427 primendam,
2109 2372 2223 2426 qua!
2250 2363 2350 2413 hoc
2383 2363 2468 2413 die
2504 2365 2610 2414 erit
2639 2375 2800 2415 secura

1749 2437 1815 2487 de
1838 2437 2055 2488 custode
2080 2438 2348 2488 Eunucho.
2376 2440 2623 2490 Donatus.

1815 2518 1878 2566 33
1912 2515 2124 2566 Abducit
2156 2531 2311 2566 secum
2350 2516 2575 2581 ancillas]
2621 2518 2800 2567 Metuo*-

1751 2592 1915 2641 riter=
1951 2606 2067 2641 nam
2092 2592 2299 2642 dixerat
2328 2593 2530 2657 abiens,
2567 2600 2584 2622 ‘
2610 2595 2710 2644 Vos
2732 2605 2802 2640 me

1751 2669 2062 2733 sequimini.’
2110 2671 2264 2719 Idem.

1819 2747 2013 2809 Pauca,
2034 2762 2139 2811 quoe
2175 2747 2303 2796 circo
2333 2746 2466 2796 illam
2505 2746 2685 2810 essent]
2715 2744 2802 2797 Re·

1751 2824 1891 2872 lictae
1936 2825 2214 2885 nonnullae,
2246 2831 2306 2874 ut
2344 2825 2507 2874 lavari
2554 2825 2716 2889 possit
2746 2837 2803 2870 ea

1748 2899 2051 2966 virgo,quae
2088 2901 2181 2950 sub
2217 2901 2331 2950 vitii
2368 2900 2520 2964 hujus
2546 2898 2803 2951 occasione

1752 2985 1978 3041 nuptura
2019 2986 2113 3028 est.
2182 2978 2303 3028 Hoc
2347 2977 2484 3027 enim
2533 2984 2700 3028 totum
2741 2975 2804 3029 sic
2853 2994 2857 3009 =

1752 3054 1953 3104 inducit
1976 3054 2165 3119 Poeta,
2187 3061 2246 3105 ut
2270 3069 2370 3105 non
2395 3055 2678 3104 abhorreat
2699 3070 2727 3102 a
2745 3053 2805 3102 le-

1753 3131 1947 3195 gitimis
1979 3132 2194 3196 nuptiis,
2217 3133 2267 3180 in
2292 3146 2356 3180 ea
2380 3132 2680 3195 praesertim
2704 3141 2803 3192 qnae

1752 3222 1882 3257 uxor
1903 3206 2081 3258 futura
2103 3216 2202 3259 est.
2250 3210 2398 3260 Idem·

1821 3285 2049 3349 Manent]
2083 3286 2191 3336 Pro
2233 3289 2522 3335 remanent.
2559 3240 2804 3349 ἀφαίρεσις.

1816 3442 1881 3486 34
1917 3438 2130 3488 Novitiae
2147 3439 2340 3504 puelle]
2367 3436 2590 3500 Αὔξησις,
2611 3434 2806 3492 novitiae,

1754 3520 1808 3564 et
1824 3514 2014 3578 puellm.
2048 3514 2216 3564 Idem.

1824 3592 2062 3641 Continuo
2077 3592 2179 3640 Inoec
2193 3594 2428 3641 adm-nant
2446 3597 2501 3642 ut
2522 3592 2674 3656 lavet]
2699 3590 2804 3640 Hoec

1756 3671 2049 3734 pluraliter,
2073 3686 2168 3735 pro
2193 3673 2285 3720 hoe.
2317 3679 2376 3721 ut
2408 3673 2461 3721 in
2485 3671 2804 3726 Phormione,

1757 3747 1774 3775 ‘
1795 3747 1929 3799 Haec
1967 3749 2069 3798 illae
2103 3758 2251 3799 erant
2289 3748 2511 3799 itiones!
2573 3747 2806 3799 Admau

1757 3832 1949 3888 autem,
1983 3840 2048 3874 ex
2077 3826 2247 3876 medio
2271 3825 2588 3892 significatu,
2608 3840 2708 3891 pro
2727 3837 2804 3886 ap-

1758 3911 1962 3965 parant.
2005 3904 2156 3955 Idem.

1826 3976 2097 4040 Adomant,
2117 3984 2173 4028 ut
2193 3979 2344 4042 lavet]
2377 3978 2464 4028 Ita
2480 3974 2807 4028 Plautanu·

1761 4053 1921 4104 dente
1945 4065 2025 4106 w.
2046 4061 2097 4106 6.
2118 4061 2168 4107 2.
2203 4059 2220 4085 ‘
2246 4055 2460 4106 Adon-na
2479 4062 2539 4106 nt
2560 4070 2667 4106 rem
2688 4051 2802 4102 divi-

1762 4146 1880 4180 nam
1905 4131 2128 4184 faciam.’
2161 4135 2420 4184 Boeclerus.
2630 4148 2631 4151 ’

1831 4209 1970 4271 Hoec,
2000 4211 2108 4275 ξω]
2158 4211 2398 4276 Antiquis
2421 4209 2576 4259 moris
2606 4213 2735 4266 erat,
2757 4206 2805 4257 ut

691 4278 829 4330 Satis
866 4287 969 4331 tuto
1008 4284 1188 4349 tomen]
1245 4285 1385 4337 Quid
1429 4285 1514 4335 hic
1557 4283 1690 4335 facit
1759 4286 1978 4350 singulis
2023 4287 2205 4338 diebus
2250 4290 2525 4348 lavarent3
2579 4284 2697 4336 hinc
2736 4285 2804 4331 tot
