3035 4941
843 384 1204 432 'renssN'ru
1257 385 1594 433 eunucu.
1640 386 1804 433 Aer.
1856 387 1920 432 v.
1967 386 2074 448 sc.
2126 388 2205 434 11.
2432 372 2606 439 1271

407 527 527 586 duo,
547 523 801 591 par-areni.-
842 539 991 588 nnus,
1007 540 1236 588 parerem.
1283 541 1361 577 vs.
1383 530 1466 577 3⁵.

408 620 620 654 omnes:
644 619 709 654 ex
729 605 849 652 malo
868 604 1022 667 princ.
1062 618 1137 654 vs.
1156 608 1237 653 36.
1259 618 1463 654 omnes:

399 687 450 731 et
469 682 665 745 quidsi.
725 696 803 730 vs.
823 683 908 729 44.
946 695 1040 744 pro
1076 681 1209 737 Iaera,
1233 681 1333 730 duo
1375 681 1465 729 ha-

403 758 555 814 bent,
577 758 773 806 Cherea.
813 757 1086 811 collocatio
1112 757 1388 806 verborum
1411 758 1464 806 in

397 836 501 885 hoc
532 849 689 883 versu
726 834 865 884 varia
902 841 1002 883 est.
1064 849 1140 886 vs.
1164 839 1247 883 65.
1286 849 1464 884 omues

395 909 587 960 Thaidi
609 910 845 960 tribuunt
865 910 1011 967 illud,
1027 925 1179 974 apage
1197 918 1258 961 te.
1295 928 1367 974 vs.
1383 918 1465 963 69.

398 1001 583 1036 ornnes
605 1004 618 1034 ε
639 1000 826 1049 sequar.
879 990 1055 1038 ve..70.
1080 1003 1287 1037 omues:
1315 989 1464 1039 Chre·

396 1069 591 1114 melem.
626 1062 908 1112 Boeclerus.
1273 1123 1276 1132 .

476 1144 500 1189 1
534 1139 681 1203 Apud
693 1139 1014 1202 ,Antiphonem
1035 1139 1252 1204 aterque]
1304 1141 1464 1191 Redi·

395 1231 498 1266 ens
520 1217 572 1265 in
594 1216 834 1267 viciniam
858 1233 1018 1276 suam,
1043 1233 1251 1268 causam
1294 1218 1465 1269 reddit

394 1295 644 1359 Chaerea,
666 1308 760 1344 cur
796 1309 897 1345 non
935 1296 1215 1345 mutaverit
1245 1303 1461 1346 vestem.

361 1370 654 1433 ‚Oportnit
676 1377 867 1430 antem,
885 1377 939 1421 et
957 1372 1023 1422 de
1046 1372 1363 1422 necessitate
1389 1387 1465 1422 ar·

393 1448 637 1512 grumenti
670 1446 789 1508 fuit,
818 1449 1081 1498 Chaeream
1117 1462 1217 1498 non
1238 1457 1464 1500 mutasse

394 1531 625 1586 vestem,
649 1530 709 1573 ut
741 1539 858 1574 eum
893 1525 1140 1575 meretrix
1165 1525 1412 1589 virginem
1436 1542 1464 1576 a

392 1599 624 1650 Chaerea
641 1600 872 1650 vitiatam
893 1601 1117 1662 audiret,
1133 1610 1189 1652 et
1208 1617 1323 1652 eum
1348 1618 1465 1653 cum

394 1677 548 1740 turpi
580 1676 763 1726 habitu
792 1676 1123 1727 incedentem
1154 1679 1465 1742 intueretur,

390 1766 526 1801 eum
566 1767 707 1804 reum
748 1752 943 1802 vitiatae
982 1753 1194 1817 virginis
1230 1762 1464 1819 putaret.

388 1830 549 1892 Apud
569 1829 902 1893 Antiphonem,
926 1828 1077 1893 dixit,
1101 1845 1216 1894 pro,
1239 1832 1289 1880 in
1313 1833 1464 1885 domo

391 1904 537 1968 ejus.
568 1905 806 1955 Donatus.
849 1958 854 1975 ,

468 1979 609 2043 Apud
626 1979 850 2044 Antiph]
877 1981 1095 2042 Causam
1116 1984 1350 2046 reperire
1371 1985 1465 2035 de·

381 2055 517 2105 buit
536 2056 718 2120 Poeta,
735 2057 1066 2122 quamobrem
1085 2058 1266 2109 habitu
1288 2062 1465 2112 Eunu-

379 2132 502 2188 chi,
525 2132 578 2184 in
611 2148 715 2198 quo
750 2133 948 2184 facinus
987 2135 1289 2199 admiserat,
1314 2139 1463 2188 cuae·

362 2222 498 2264 *rea
519 2208 877 2271 reduceretur,
900 2211 1129 2276 adeoque
1156 2229 1463 2277 agnoscere-

390 2293 511 2344 tur,
533 2293 589 2336 et
626 2286 973 2351 deprehensus
1011 2290 1223 2352 nuptias
1263 2290 1463 2342 vitiatae

385 2362 757 2426 polliceretur.
793 2365 1056 2414 Boecleras.

471 2438 698 2502 Uterque,
721 2439 884 2490 Mater
899 2447 947 2491 et
966 2440 1141 2505 Pater]
1165 2442 1304 2505 Non,
1322 2453 1462 2495 uter-

385 2528 504 2579 que
524 2522 693 2577 pater,
709 2524 765 2565 et
781 2524 1002 2582 utraque
1020 2525 1207 2581 mater,
1225 2521 1316 2570 sed
1334 2527 1463 2571 ater-

383 2606 489 2654 que
507 2606 712 2654 parens:
744 2592 868 2656 quia
889 2605 1038 2657 pater
1059 2602 1114 2644 et
1138 2603 1320 2646 mater.
1364 2599 1463 2648 Do·

386 2672 562 2715 natus.

460 2742 629 2791 Mater
664 2748 712 2792 et
742 2742 904 2806 pater]
941 2742 1255 2808 Antipiionis
1277 2761 1464 2811 paren-

384 2827 500 2870 tes.
537 2819 821 2868 Famabius.

463 2900 498 2946 2
520 2896 671 2951 Quasi
686 2896 847 2946 dedita
863 2912 1002 2960 opera
1015 2899 1144 2947 domi
1160 2899 1320 2963 erant]
1346 2900 1463 2950 Non

386 2982 507 3023 tam
534 2972 732 3035 mirum,
755 2973 798 3021 si
824 2974 962 3024 domi
985 2984 1167 3024 erantz
1217 2976 1307 3026 sed
1337 2978 1463 3027 illud

389 3049 568 3113 magis
592 3049 793 3112 mirum,
814 3048 952 3113 quod
987 3051 1038 3098 in
1064 3065 1124 3100 ea
1146 3052 1324 3101 domus
1347 3068 1465 3116 par·

386 3137 475 3190 te,
513 3140 618 3190 qua
658 3126 711 3175 in
754 3125 910 3181 aedes,
935 3126 1306 3177 introeundum
1350 3137 1466 3180 erat

386 3203 812 3254 adolescentulo.
848 3203 1083 3253 Donatus.
1377 3212 1384 3225 ⁴

474 3278 530 3328 U
529 3283 551 3327 t
571 3279 695 3327 nullo
732 3281 867 3328 modo
888 3279 1088 3330 introire
1122 3281 1327 3345 possem]
1375 3283 1465 3332 Su·

388 3355 579 3421 petius
602 3369 761 3404 causa
784 3355 1098 3416 continetur,
1114 3371 1208 3405 cur
1230 3372 1333 3406 non
1359 3373 1465 3417 mit·

392 3434 603 3483 tavei-it
637 3441 866 3482 vestem:
916 3430 1129 3481 inferius
1154 3442 1348 3499 autem,
1371 3450 1465 3485 cur

388 3511 505 3559 huc
531 3507 761 3557 redierit.
796 3508 947 3557 Idem.

464 3589 497 3634 3
554 3584 683 3640 Quin
724 3584 938 3634 viderent
974 3584 1070 3648 me]
1128 3586 1275 3652 Quin,
1312 3589 1465 3640 modo

397 3675 504 3727 pro
526 3675 615 3724 quo
639 3659 811 3710 miuus.
847 3660 1016 3710 Idem.

464 3740 500 3786 4
536 3735 668 3785 Dum
690 3741 799 3784 ante
819 3738 994 3786 ostium
1014 3737 1110 3801 sto]
1156 3736 1278 3788 Anti
1284 3739 1466 3804 phonis

403 3813 633 3863 scilicet.
671 3812 823 3864 Idem.

468 3890 628 3938 Notas
667 3888 787 3937 mihi
829 3887 1018 3951 quidam
1071 3890 1254 3940 obviam
1312 3894 1466 3957 venit]

399 3966 493 4018 An
516 3972 692 4028 notua,
714 3965 801 4030 qui
834 3980 915 4015 me
952 3974 1128 4030 posset
1150 3974 1469 4031 agnoscere?

398 4059 469 4093 an
514 4042 601 4106 qni
635 4055 719 4091 me
758 4041 983 4107 noverit,
1018 4040 1069 4092 id
1107 4053 1206 4107 est,
1235 4045 1468 4096 amicus?

403 4121 562 4170 Idem.

468 4203 497 4245 5
552 4196 793 4252 Quantam
826 4193 965 4258 queo]
1017 4195 1189 4246 Deest
1226 4197 1467 4250 velociter.

403 4277 574 4353 Idem.

1610 529 1670 578 In
1705 531 1863 591 pedes,
1882 529 1988 593 dra]
2039 531 2269 594 Ellipsis'.
2303 532 2605 599 conjecipc.

1545 612 1636 654 aut
1659 605 1802 665 dedi,
1822 606 1874 655 id
1896 615 1999 668 est,
2023 605 2150 669 fugi.
2186 608 2474 658 Far-nabitu.

1608 687 1640 731 6
1674 682 1735 732 In
1768 684 2092 748 angiportum]
2143 684 2277 733 Vide
2316 685 2462 733 illum
2505 698 2605 734 non

1544 757 1735 807 vitasse
1760 763 1854 807 sub
1878 774 1980 808 uua
1997 760 2225 808 clausula
2243 758 2321 808 bis
2338 760 2391 808 in
2410 759 2607 819 dicere,

1541 833 1595 884 in
1631 835 1791 896 pedes,
1813 834 1865 883 in
1895 835 2214 898 angiportum.
2281 836 2603 898 Angiportum

1543 909 1784 960 dicebant
1825 912 1991 959 virum
2034 926 2134 961 non
2174 916 2430 975 pervium,
2471 913 2604 962 viam

1541 987 1819 1050 publicam.
1854 990 2093 1039 Donatus.

1605 1063 1667 1111 In
1716 1063 2018 1127 angiportum
2067 1066 2300 1129 quoddam
2339 1065 2603 1130 denatum]

1543 1139 1724 1200 Deest,
1746 1139 1968 1201 fugiens.
2006 1142 2155 1190 Idem.
2678 1175 2683 1186 2

1604 1219 1635 1264 7
1670 1217 1750 1264 lta
1772 1216 2061 1266 miserrimus
2085 1217 2173 1277 fai
2197 1218 2486 1282 fugitando]
2538 1218 2601 1269 Id

1541 1298 1641 1351 est,
1668 1290 1956 1362 ‚fatigatum
1997 1294 2180 1356 lassus,
2221 1302 2277 1344 et
2333 1295 2606 1359 languidus

1540 1382 1651 1416 sum
1675 1368 1797 1417 dum
1820 1368 1978 1432 fugio.
2045 1371 2117 1420 Et
2151 1371 2371 1420 honesta
2410 1372 2604 1421 locutio

1539 1452 1651 1494 est:
1703 1453 1780 1505 ut,
1820 1448 1835 1474 ‘
1863 1447 2027 1497 Miser
2049 1447 2288 1512 amando,
2308 1448 2464 1498 miser
2485 1462 2605 1497 eur-

1540 1519 1740 1570 rendo.'
1773 1522 1924 1571 Idem.

1604 1598 1635 1643 8
1667 1595 1743 1645 Ne
1762 1598 1868 1659 quis
1889 1613 1961 1647 me
1980 1598 2303 1662 cognosceret]
2322 1599 2480 1649 *Nota
2504 1599 2597 1649 im·

1541 1673 1750 1736 proprie
1775 1673 1997 1736 dictum,
2012 1690 2107 1738 pro
2129 1675 2442 1737 Agnou-eret.
2474 1675 2560 1725 Id.

1604 1751 1637 1797 9
1670 1749 1769 1798 Sed
1803 1755 1934 1800 estne
1970 1751 2070 1800 ltoec
2097 1752 2259 1814 Thais,
2282 1767 2421 1815 quam
2442 1752 2602 1816 video]

1539 1824 1861 1889 Jampridem
1888 1828 2001 1890 ipse
2023 1829 2180 1891 visus,
2200 1842 2339 1878 niune
2376 1827 2598 1892 primum

1538 1902 1703 1953 videt.
1737 1904 1891 1953 Idem.

1605 1977 1808 2041 Haereo]
1871 1977 2109 2030 Incertus
2159 1992 2401 2027 remaneo
2443 1984 2603 2043 atque

1541 2052 1756 2117 defigor.
1798 2054 2027 2104 ‘Primus
2066 2062 2232 2104 metus
2271 2055 2454 2104 adimit
2479 2068 2603 2103 con-

1540 2129 1740 2179 silium:
1775 2130 1863 2179 sed
1901 2129 2206 2193 recogitatio
2243 2128 2420 2179 reddit
2443 2128 2602 2179 confi·

1539 2206 1785 2256 dentiam.
1822 2207 1971 2256 Idem.

1609 2283 1740 2341 Quid
1760 2299 1861 2333 mea
1881 2281 2063 2345 autem]
2108 2281 2324 2345 Colligit
2347 2295 2404 2330 se
2426 2294 2602 2330 rursus

1451 2397 1454 2398 γ
1539 2360 1604 2410 ad
1630 2361 1999 2424 impudentiam
2042 2360 2276 2409 Chaerea.
2313 2365 2369 2407 et
2402 2357 2522 2407 vide
2560 2358 2602 2405 si

1540 2453 1639 2489 non
1680 2439 1863 2490 eadem
1894 2445 1979 2488 est
2015 2435 2237 2486 audacia
2280 2435 2333 2484 in
2371 2434 2604 2496 Chaerea,

1537 2532 1653 2581 quae
1677 2517 1728 2565 in
1751 2514 2082 2579 suscipiendo
2107 2512 2340 2562 facinore
2364 2509 2482 2561 fuit.
2532 2511 2604 2562 Et

1538 2594 1860 2649 ἐλλειπικῶς,
1880 2593 1994 2655 quid
2017 2606 2119 2639 mea
2140 2594 2332 2639 autem?
2367 2589 2534 2649 Idem.

1607 2669 1737 2725 Quid
1766 2669 1921 2727 faciet
1964 2667 2105 2730 mihi]
2176 2666 2493 2729 Opportune
2539 2681 2596 2716 se

1540 2743 1885 2801 confirmavit,
1926 2745 2049 2808 quia
2086 2743 2130 2792 si
2171 2743 2501 2792 extimuisset
2544 2749 2601 2792 et

1539 2820 1777 2884 fugisset,
1793 2822 1920 2870 nihil
1939 2820 2136 2883 nuptiae
2158 2826 2604 2882 promoverentur.

1542 2899 1694 2949 Idem.
2616 2931 2619 2937 .

1611 2981 1670 3026 ll
1706 2977 1844 3026 Bone
1863 2975 1959 3036 vir,
1980 2972 2137 3036 Dore]
2190 2973 2308 3021 Hoc
2341 2979 2509 3021 totum
2547 2970 2604 3020 fi-

1544 3060 1726 3118 gurate
1748 3052 1901 3114 dixit,
1923 3058 1982 3100 ut
2014 3050 2294 3111 Meretrix,
2317 3055 2371 3097 et
2402 3048 2604 3097 subtili-

1545 3140 1642 3181 ter.
1709 3131 1846 3180 Nam
1870 3129 1972 3177 scit
1994 3127 2259 3176 chaeream
2299 3139 2413 3174 esse
2450 3139 2603 3190 quem

1545 3207 1839 3271 alloquitur,
1873 3219 1975 3253 non
2010 3201 2327 3252 Eunuchum.
2412 3202 2481 3251 Et
2520 3200 2604 3250 hic

1546 3299 1730 3347 magna
1767 3283 1968 3332 occasio
2007 3281 2164 3330 datur
2201 3279 2473 3329 Meretrici
2513 3279 2604 3326 ad-

1544 3360 1697 3409 eundi
1723 3358 2105 3419 Adolescentis,
2124 3356 2211 3421 qui
2243 3356 2473 3405 habitum
2498 3371 2603 3405 non

1544 3435 1786 3497 mutavit,
1805 3442 1860 3484 et
1884 3434 2053 3483 adhuc
2073 3432 2219 3498 quasi
2241 3432 2524 3484 Eunuchus
2547 3440 2604 3483 et

1541 3515 1732 3564 Servus
1757 3521 1857 3562 est.
1893 3513 2047 3561 Idem.

1609 3592 1748 3641 Bone
1778 3589 1877 3651 vir,
1912 3590 2062 3645 Dore,
2096 3586 2244 3650 salve]
2291 3587 2466 3651 Maj0r
2505 3588 2596 3636 ob-

1533 3667 1766 3733 jurgatio
1801 3672 1902 3726 est,
1938 3679 2033 3728 per
2065 3665 2199 3713 hanc
2242 3663 2602 3713 dissimulatio-

1544 3759 1660 3793 nem
1672 3742 1881 3792 Tltaidis
1895 3740 1957 3791 ad
1965 3755 2143 3790 versus
2157 3741 2442 3803 Chaeream,
2453 3755 2604 3805 quam

1543 3820 1586 3869 si
1608 3820 1750 3868 illum
1773 3818 1843 3878 id,
1860 3816 1997 3881 quod
2022 3823 2122 3874 est,
2145 3817 2397 3878 appellet.
2431 3816 2582 3867 Idm.

1609 3897 1746 3945 Bone
1768 3895 1860 3950 vir,
1886 3896 2031 3951 Dore,
2054 3893 2203 3956 salve]
2239 3891 2449 3957 Εἷρωνείᾳ
2471 3893 2599 3942 iras-

1545 3973 1780 4023 centibus
1802 3967 2041 4019 familiari
2064 3968 2299 4029 orditur;
2351 3982 2519 4032 eaque
2544 3982 2602 4018 re

1544 4049 1872 4100 occasionem
1929 4043 2133 4109 praebet
2177 4044 2342 4107 lepori
2388 4044 2602 4093 comico.

1544 4140 1660 4174 nam
1685 4124 1925 4184 Choerea,
1941 4120 2147 4170 nomine
2181 4119 2354 4168 servili
2377 4121 2605 4183 compel-

1541 4202 1695 4269 latus,
1719 4200 1900 4249 eadem
1923 4196 2091 4261 figura
2109 4194 2316 4260 ludens,
2330 4210 2427 4263 pro
2451 4211 2602 4246 servo

1541 4293 1596 4328 se
1618 4277 1787 4342 gerit:
1831 4274 2047 4338 fatetur,
2070 4272 2603 4337 causatur-,depreca-
