3035 4941
767 432 1134 482 TERENTH
1186 435 1469 484 PHORM.
1517 440 1686 489 Ac'r.
1723 442 1769 489 1.
1815 442 1921 490 se.
1955 434 2067 492 ιιι.

322 573 510 639 audivi]
527 574 661 625 Mire
685 583 898 641 paratur
934 578 1232 642 inopinatus
1269 579 1386 629 sub·

321 651 402 700 ito
437 652 694 703 adventus
731 654 903 704 senis:
949 670 1065 705 nam
1092 656 1206 720 ipse
1245 657 1384 707 veni-

329 734 405 792 et,
426 729 575 793 cujus
598 731 870 795 epistolam
893 741 1084 797 sperat.
1123 733 1276 783 Idem.

324 819 331 822 *
392 809 488 855 loo
522 806 594 856 Et
626 809 690 857 ad
722 809 984 873 portitores
1021 825 1121 859 esse
1157 810 1386 874 delatam]

318 880 474 931 More
516 890 747 934 veterum
783 886 1014 951 magistri
1052 884 1384 949 tributorum,

317 956 377 1004 id
417 965 514 1021 est,
552 960 834 1024 publicani,
871 976 1079 1027 operam
1123 961 1178 1012 in
1229 970 1379 1027 portu

319 1035 533 1095 dabant,
555 1035 939 1088 inferendarum
963 1055 1136 1090 rerum
1177 1046 1232 1090 et
1257 1038 1380 1090 effe-

320 1114 602 1164 rendarum
625 1116 853 1181 vectigal
877 1115 1164 1181 exigenteS.
1186 1119 1339 1168 Idem.

381 1193 463 1241 Ad
486 1192 764 1258 portitores]
798 1193 885 1244 Ad
908 1209 996 1244 eos
1027 1195 1191 1259 quiin
1224 1203 1380 1259 portu

317 1278 458 1320 sunt.
491 1271 563 1320 Et
585 1286 684 1336 quo
718 1286 860 1320 more
881 1272 978 1322 hoc
1011 1270 1204 1322 dixerit
1243 1271 1379 1337 vide,

314 1348 502 1399 Attico
527 1363 590 1397 an
617 1350 866 1400 Romano.
900 1350 1048 1399 Idem.
1138 1349 1149 1364 '

381 1426 676 1490 Portitores]
713 1427 816 1480 Qui
846 1426 900 1476 in
925 1435 1096 1492 portu,
1121 1427 1313 1478 rebus
1300 1441 1374 1477 m·

311 1501 541 1553 ferendis
561 1510 615 1553 et
632 1502 909 1575 efferendis
931 1518 1142 1567 operam
1158 1504 1372 1555 dabant.

310 1581 449 1632 Mer.
473 1583 796 1652 casaubonus.

379 1663 471 1710 101
510 1660 774 1723 Numquid,
818 1661 965 1725 Geta,
993 1659 1125 1711 aliud
1163 1675 1236 1710 me
1275 1660 1373 1725 vis]

308 1734 526 1800 Absque
561 1736 649 1784 iilo
688 1744 925 1806 argento,
959 1752 1059 1801 quo
1083 1736 1186 1794 tibi,
1219 1752 1248 1786 a
1288 1751 1369 1787 me

307 1826 443 1876 opus
465 1810 585 1862 fuit.
624 1814 865 1863 Donatus.

385 1887 477 1938 Ut
493 1888 603 1938 bene
643 1889 711 1938 sit
747 1888 862 1953 tibi]
925 1888 1232 1953 Ἀρχαῖσμὺς,
1275 1903 1367 1953 pro

305 1965 452 2016 nihil.
490 1968 641 2017 Idem.

320 2036 324 2040 ’
376 2048 473 2094 102
508 2046 644 2095 Puer
663 2045 812 2094 heus:
844 2043 1025 2094 nemon’
1062 2045 1152 2095 huc
1177 1999 1366 2107 prodit]

305 2121 526 2170 Moralis
564 2122 871 2185 expressio:
906 2135 1024 2173 nam
1071 2137 1160 2172 eos
1197 2129 1368 2184 vocat,

300 2198 499 2263 quibus
525 2199 672 2249 initio
702 2199 976 2264 egrediens
1001 2198 1231 2264 dicebat,
1273 2199 1364 2250 ‘Si

302 2275 423 2341 «iuis
447 2290 529 2325 me
551 2284 752 2341 quaeret
776 2275 955 2327 rufus.'
986 2279 1135 2326 Idem.

376 2343 521 2416 Cape,
539 2355 601 2402 da
622 2353 707 2401 hoc
724 2352 1016 2415 Dorcio]Ad
1041 2352 1198 2417 κωφὸν
1216 2352 1362 2419 πρόσ-

297 2446 431 2479 ωπον
467 2429 713 2495 loquitur,
747 2425 946 2482 Dorcio.
999 2431 1232 2482 Dore-ium
1270 2430 1362 2483 foe-

299 2508 496 2557 minum
537 2522 723 2557 nomen
767 2515 865 2566 est,
925 2515 983 2558 ut
1041 2508 1362 2601 Planesium,

298 2582 623 2649 Glycerium.
658 2584 809 2635 Idem.

363 2660 550 2713 Scmu
569 2676 658 2712 ιιι.
721 2662 1024 2733 Trochaicis
1042 2670 1096 2714 et
1110 2663 1362 2729 iambiciS,

295 2740 654 2790 acatalecticis
695 2746 751 2790 et
795 2741 1113 2791 catalecticis
1154 2734 1361 2793 constat

295 2830 472 2874 scena,
498 2830 613 2865 cum
639 2815 860 2866 dimetro
879 2816 1202 2869 intermedio.
1227 2820 1360 2872 Mea.

296 2908 377 2944 vs.
409 2898 459 2944 2.
485 2893 621 2956 duo;
650 2897 837 2958 patrem
872 2909 1008 2957 nunc.
1033 2895 1201 2945 extim.
1226 2894 1356 2959 duo;

250 3000 254 3005 -
288 2971 380 3024 ubi
395 2973 590 3022 adventi
605 2970 708 3033 eius
728 2971 783 3020 in
803 2977 1006 3021 mentem
1025 2972 1175 3039 venit.
1210 2988 1283 3024 vs.
1307 2978 1359 3024 5.

292 3065 504 3112 omues3
550 3063 645 3099 non
681 3062 775 3112 pro
807 3063 882 3099 ne.
927 3047 1018 3099 sed
1057 3047 1358 3100 Priscianus

292 3126 383 3176 lib.
407 3140 506 3177 xv.
552 3124 746 3175 retinet
765 3123 826 3174 τὸ
845 3139 921 3181 ne,
937 3131 992 3174 et
1012 3126 1262 3188 explicat.
1281 3141 1360 3177 vs.

292 3208 347 3253 7.
371 3202 476 3253 duo
499 3220 514 3265 ;
540 3202 719 3264 fnisset
736 3207 839 3251 tum
857 3201 975 3251 illud
1003 3202 1122 3251 mihi
1141 3217 1270 3264 <egre
1290 3206 1355 3254 al.

291 3284 344 3332 d.
368 3281 592 3341 tertius;
623 3279 820 3340 fuisset.
854 3280 986 3329 istud
1010 3278 1129 3328 milii
1149 3293 1208 3328 ω.
1233 3296 1279 3328 a.
1303 3281 1355 3329 d.

291 3371 374 3408 vs.
416 3360 496 3406 10.
533 3349 670 3416 du03
702 3357 832 3405 deest
874 3368 968 3418 pro
1005 3355 1139 3419 defit.
1174 3360 1353 3407 vs.14.

291 3449 504 3496 omnes3
522 3433 631 3494 jam
661 3433 894 3496 depacisci
918 3437 1074 3481 morte
1105 3433 1257 3496 cupio.
1277 3448 1352 3482 vs.

292 3517 375 3564 16.
420 3511 559 3573 duo;
589 3511 847 3572 ingenuam
893 3525 950 3559 ae
994 3510 1250 3560 liberalem.
1278 3526 1353 3562 vs.

293 3593 377 3640 19.
412 3603 622 3651 omnes3
657 3589 780 3652 quod
797 3587 845 3638 si
867 3586 958 3637 tibi
973 3601 1053 3636 res
1071 3601 1176 3636 eum
1193 3588 1353 3638 lenone

291 3666 376 3718 sit.
413 3666 701 3716 Boeclerus.

357 3748 386 3793 1
423 3741 604 3794 Adeon’
647 3755 748 3790 rem
790 3741 988 3804 redisse,
1027 3746 1084 3790 nt
1113 3741 1195 3806 qui
1232 3741 1353 3791 mihi
1405 3758 1409 3765 ·

286 3820 555 3871 consultum
597 3817 770 3880 optime
802 3816 917 3866 velit
957 3814 1078 3880 esse]
1158 3817 1219 3866 In
1263 3818 1353 3868 hac

286 3908 428 3947 scena
449 3887 577 3944 color
597 3895 716 3943 vitoe
747 3898 824 3943 est
844 3908 1005 3944 eornm
1034 3893 1116 3957 qni
1137 3895 1207 3951 id,
1229 3896 1352 3958 qaod

285 3973 537 4025 imnwdiee
572 3970 917 4035 ‘concupierinn
953 3977 1188 4034 spemimt
1216 3979 1350 4036 post·

287 4065 432 4116 qnam
448 4048 675 4099 evenerit.
717 4048 839 4110 quod
859 4047 1096 4111 apertiore
1115 4051 1350 4100 sententia

287 4127 500 4179 ostendit
515 4123 691 4186 Poeta,
719 4124 935 4185 dicendo,
957 4124 1132 4192 Nostri
1152 4135 1349 4176 nosmet

287 4205 529 4272 poenitet.
563 4201 803 4252 Donatus.

354 4277 540 4330 Adeon’
591 4284 694 4326 rem
757 4274 962 4338 redisse]
1015 4275 1352 4340 comparativa

286 4356 557 4423 qualitasin
575 4354 663 4405 hac
683 4367 824 4404 scena
845 4356 935 4409 est,
968 4354 1097 4403 inter
1113 4353 1347 4420 Antipho.

1459 582 1540 632 nis
1572 581 1740 650 vitam,
1778 593 1827 636 et
1865 589 2125 640 Phoedriae.
2171 592 2331 641 Genus
2361 579 2519 644 ‘causoe

1459 660 1897 714 demonstrativum.
1977 667 2277 718 Contendunt
2343 676 2520 734 autem,

1460 742 1571 785 uter
1585 742 1742 801 magis
1756 741 1899 790 miser
1920 743 2003 792 sit.
2039 743 2201 795 Idem.

1482 831 1487 836 ·
1533 815 1603 865 Ut
1640 817 1722 879 qui
1759 818 1879 867 milii
1911 823 2174 871 consultum
2209 823 2384 885 optime
2404 826 2521 876 velit

1457 907 1577 956 esse,
1621 895 1878 962 Phoedria]
1956 899 2094 949 Mira
2132 902 2386 965 sententia,
2426 919 2518 967 qua

1455 972 1665 1021 ostendit
1686 975 2095 1026 adolescentulos
2075 992 2127 1026 tn
2142 979 2374 1042 peccatis
2366 982 2515 1030 nemi·

1455 1059 1562 1095 nem
1580 1049 1737 1120 magis
1757 1056 1981 1109 metuere,
2004 1069 2145 1117 quam
2182 1070 2261 1104 eos
2299 1072 2330 1105 a
2350 1055 2518 1120 quibus

1453 1124 1660 1173 maxime
1679 1126 1959 1188 diligantur.
2008 1130 2253 1196 Simulqioe
2273 1134 2519 1185 inducitur

1453 1213 1612 1249 rerum
1628 1201 1973 1255 imminentium
1985 1209 2316 1269 praesa-mio.-
2350 1212 2399 1259 in
2423 1228 2517 1275 qua

1451 1275 1525 1325 sic
1544 1279 1705 1327 audax
1719 1278 1965 1331 inducitur
1988 1283 2238 1341 Phoedria,
2275 1291 2330 1335 nt
2352 1289 2513 1347 defen·

1451 1354 1743 1413 son-suturas
1762 1357 1857 1406 sit:
1898 1359 1969 1408 sic
1990 1360 2186 1410 timidus
2207 1362 2440 1427 Antipho,
2461 1372 2516 1415 nt

1435 1429 1697 1491 fugiturus
1716 1432 1801 1482 sit.
1837 1434 2004 1485 Idem.

1524 1508 1593 1558 Ut
1615 1509 1698 1573 qui
1729 1511 1851 1560 mihi
1888 1514 2150 1564 consultum
2187 1518 2361 1580 optime
2391 1519 2512 1569 velit

1447 1599 1562 1644 esse,
1585 1587 1835 1647 Pliaedria,
1852 1595 2038 1654 patrem
2059 1594 2389 1660 extimescam]
2412 1598 2509 1646 Fe-

1447 1661 1627 1712 rienda
1664 1666 2017 1728 pronuntiatio
2041 1668 2094 1719 in
2133 1683 2198 1720 eo
2231 1673 2372 1736 quod
2416 1675 2511 1734 ait,

1447 1738 1462 1765 ‘
1489 1739 1591 1791 Qui
1633 1740 1757 1791 mihi
1804 1746 2097 1794 consultum
2130 1748 2327 1811 optime
2376 1751 2510 1800 velit

1445 1814 1594 1865 esse'
1648 1817 1748 1867 hoc
1786 1820 1923 1870 enim
1974 1823 2136 1888 magis
2181 1824 2365 1874 mirum
2411 1834 2509 1889 est,

1443 1890 1565 1942 ideo
1590 1900 1791 1958 patrem
1828 1898 2021 1964 timeri,
2058 1901 2181 1966 quia
2213 1903 2508 1954 consultum

1443 1970 1643 2032 optime
1671 1972 1813 2024 velit.
1837 1975 1988 2026 Idem.

1505 2047 1673 2097 Adeon
1693 2064 1794 2099 rem
1814 2052 2015 2116 redisse]
2055 2053 2261 2106 Primus
2283 2056 2370 2107 hic
2392 2071 2509 2106 ver·

1440 2136 1527 2171 sus
1553 2124 1848 2177 trochaicus
1882 2135 1963 2179 est
1999 2136 2304 2183 tetrameter
2335 2131 2507 2184 acata-

1440 2199 1675 2264 lecticus,
1698 2201 1824 2251 item
1857 2212 2097 2271 quartus,
2131 2209 2183 2257 in
2219 2226 2322 2275 quo
2354 2225 2419 2261 ex
2444 2213 2503 2261 li·

1441 2275 1815 2329 bro‘Bembino
1856 2282 2155 2347 legendum,
2184 2287 2252 2337 mi
2287 2289 2506 2340 conscius

1437 2352 1522 2402 sis.
1565 2353 1689 2403 item
1731 2355 1978 2421 quintus;
2042 2369 2221 2412 sextus
2280 2380 2405 2414 vero
2450 2373 2507 2417 et

1437 2428 1693 2494 septimus
1716 2433 1947 2497 ejusdem
1970 2440 2196 2505 generis,
2229 2442 2318 2492 sed
2363 2451 2505 2494 cata-

1438 2506 1635 2558 lectici.
1682 2508 1806 2560 item
1844 2518 2080 2573 octavus,
2124 2516 2179 2565 iu
2203 2519 2379 2582 quoin
2419 2536 2499 2570 se-

1438 2583 1614 2634 cunda
1654 2586 1777 2636 sede
1817 2593 1901 2638 est
1942 2588 2202 2656 dactylus.
2245 2595 2502 2645 secundus

1439 2675 1584 2724 vero,
1604 2661 1690 2711 ubi
1712 2677 1778 2712 ex
1795 2664 1972 2715 multis
1988 2666 2155 2734 libris,
2185 2669 2341 2720 etiam
2368 2671 2502 2722 anti-

1436 2740 1718 2805 quissimis,
1756 2748 1813 2809 et
1841 2745 2054 2796 Donato
2088 2748 2364 2813 legendum
2400 2760 2503 2814 est,

1431 2821 1625 2880 patrem
1642 2822 1698 2868 ut
1721 2820 2047 2886 extimescam,
2068 2823 2196 2875 licet
2229 2826 2391 2889 aliud,
2428 2834 2501 2886 ut,

1436 2893 1733 2956 praecedat:
1756 2895 1881 2946 item
1907 2899 2114 2962 tertius,
2137 2915 2320 2966 nonus,
2342 2909 2397 2953 et
2420 2918 2502 2954 re·

1436 2969 1584 3034 liqui,
1604 2973 1861 3022 octonarii
1882 2974 2107 3040 iambici,
2127 2985 2322 3041 praeter
2343 2995 2500 3030 unum

1435 3045 1717 3097 dimetrum
1741 3047 2033 3102 iambicum.
2068 3052 2304 3106 Faernus.

1500 3127 1534 3173 2
1577 3124 1675 3174 Ubi
1696 3124 1749 3174 in
1770 3132 1973 3177 mentem
2004 3127 2103 3188 eius
2120 3131 2323 3181 adventi
2344 3133 2497 3199 venit]

1433 3200 1597 3264 Nota,
1635 3202 1798 3252 venire
1819 3203 1873 3252 in
1906 3209 2108 3254 mentem
2130 3212 2356 3272 veteres,
2394 3224 2498 3261 non

1431 3277 1809 3329 reeordationis
1823 3294 1981 3330 causa
1999 3288 2218 3347 tautum,
2232 3285 2321 3334 sed
2341 3284 2497 3337 etiam

1429 3354 1824 3419 recogitationis
1856 3358 2385 3427 considerationisque
2404 3378 2495 3428 po-

1430 3432 1615 3484 suisse.
1650 3435 1890 3485 Donatus.
2129 3486 2132 3495 ,

1504 3503 1605 3559 Ubi
1642 3510 1695 3561 in
1740 3517 1942 3562 mentem
1976 3513 2077 3576 ejus
2118 3515 2313 3565 adventi
2344 3519 2500 3584 venit]

1424 3587 1512 3637 Sic
1531 3594 1735 3637 veteres
1748 3589 1983 3653 genitivo
2001 3603 2120 3640 casu
2139 3590 2493 3656 proferebant.

1429 3663 1586 3713 Idem.

1491 3744 1554 3794 In
1574 3749 1775 3794 mentem
1791 3744 1893 3806 ejus
1910 3746 2107 3797 adventi
2123 3748 2277 3812 venit]
2290 3750 2491 3813 Cicero,

1427 3818 1563 3870 ‘Fac
1585 3820 1679 3869 tibi
1707 3828 1937 3884 paternae
1963 3823 2090 3887 legis
2107 3823 2293 3874 Aciliae
2319 3825 2497 3876 veniat

1426 3895 1477 3945 in
1503 3894 1772 3946 mentem!
1797 3897 1952 3949 Idem..

1468 3972 1702 4023 ¹Adventi
1724 3972 1881 4036 venit]
1916 3972 2291 4037 Multipliciter
2329 3975 2491 4027 decli·

1426 4054 1600 4112 natur,
1624 4056 1680 4098 et
1702 4049 1898 4099 adventi
1915 4055 1968 4097 et
1991 4052 2238 4102 adventus.
2271 4052 2346 4102 sic
2364 4054 2491 4105 etin

1426 4122 1645 4188 Andria,
1674 4113 1696 4153 ‘⁸
1720 4125 1863 4174 Nihil
1881 4126 2072 4188 ornati,
2096 4126 2223 4176 nihil
2248 4130 2491 4180 tumulti!

1427 4202 1580 4251 Idem.

1490 4276 1726 4341 Adventi]
1746 4276 2023 4328 Genitivus
2043 4279 2299 4346 antiquus.
2324 4280 2492 4334 Prisc.

1427 4355 1559 4405 Mer.
1581 4354 1908 4411 omnbus-⁹..
