3035 4941
973 376 1336 428 TERENTu
1385 377 1484 429 AN
1497 378 1622 429 Da.
1670 378 1982 429 Pnohoe.

379 521 680 588 vituperare,
716 528 803 574 est
838 522 975 574 mala
1015 521 1143 574 vitio
1183 521 1327 581 dare,
1372 525 1429 572 et

332 599 527 668 ‘etiam
546 599 700 651 bona.
740 598 981 650 Donatus.

433 674 705 739 Advortite]
734 678 948 742 Legitur
970 684 1025 728 et
1043 678 1299 728 attendite.
1316 677 1427 726 Un-

365 753 440 804 de-
456 752 792 804 manifestum
815 761 914 811 est.
936 759 993 804 et
1011 756 1267 817 advortite,
1284 761 1338 804 et
1355 759 1428 803 at·

363 830 563 894 tendite,
581 844 687 880 non
708 844 818 880 esse
841 832 1070 895 plenum,
1089 831 1187 882 nisi
1209 830 1422 882 addide-

361 908 435 958 ris
458 908 688 959 aninam.
723 898 889 958 Idem.
917 934 923 941 ·

426 989 461 1034 9
493 986 759 1036 Menander
775 985 903 1045 secit
938 986 1196 1051 Andriam]
1225 987 1421 1038 Narra·

359 1063 439 1113 tio
483 1070 581 1112 est.
663 1064 733 1112 Et
775 1063 986 1128 proprie
1023 1064 1149 1125 seeit
1171 1064 1422 1115 :scribit

358 1138 497 1189 enim
537 1140 831 1203 Terentius,
869 1142 959 1205 qui
1001 1141 1166 1191 verba
1208 1140 1422 1191 adhibet

356 1223 565 1267 tantum
585 1234 601 1267 ε
635 1216 767 1270 facit
800 1219 1113 1283 Menander,
1152 1221 1240 1288 qui
1261 1222 1418 1271 etiam

357 1300 719 1358 argumentum
763 1297 1045 1360 componit.
1127 1298 1233 1349 Sed
1276 1314 1419 1363 saepe

357 1370 427 1419 ad
465 1370 675 1421 laudem
710 1373 970 1425 Terenti-i:
1006 1375 1152 1435 feeit,
1197 1390 1293 1440 pro
1335 1391 1418 1435 eo,

358 1446 498 1510 quod
520 1454 622 1509 est,
642 1452 925 1501 transtulit.
962 1452 1112 1504 Idem.

421 1523 656 1574 Andriam
686 1530 737 1575 et
757 1527 1082 1591 Perinthiam]
1120 1528 1414 1582 Comoedias

365 1600 577 1652 Gneus
602 1619 619 1663 ;
653 1602 721 1652 ah
744 1602 924 1655 Andro
954 1604 1124 1655 insula
1144 1607 1308 1657 Maris
1329 1609 1416 1658 ΙΕ-

358 1678 459 1743 gaei
482 1693 583 1728 una
605 1679 906 1744 Cycladum,
950 1687 1005 1731 et
1028 1682 1279 1735 Perintho
1301 1687 1417 1736 Me·

355 1756 545 1820 tropoli
583 1756 900 1820 amplissima
927 1759 1000 1809 in'
1019 1774 1110 1810 ora
1132 1761 1415 1827 Proponti-

357 1831 435 1881 dis
476 1834 616 1883 inter
656 1836 971 1899 Byzantium
1000 1845 1058 1888 et
1100 1840 1420 1905 Callipolim,

352 1908 668 1961 laeuuclavio
706 1911 987 1978 Heraclea,
1020 1914 1119 1966 hoc
1150 1925 1248 1981 est,
1283 1919 1413 1969 Pan·

350 1987 462 2039 tiro.
498 1990 801 2042 Famabius.

417 2070 482 2116 10
521 2066 792 2131 Uer-amois]
828 2070 1006 2120 Prima
1035 2086 1191 2123 scena
1228 2075 1412 2125 Perin-

350 2142 477 2193 thiae
499 2157 636 2208 pene
660 2144 842 2196 iisdem
871 2147 1045 2198 verbis
1078 2149 1263 2214 quibus
1300 2151 1408 2201 An-

350 2219 467 2269 dria
508 2221 710 2285 scripta
747 2230 864 2284 est3
908 2231 1103 2276 cretera
1145 2226 1411 2280 dissimilia

351 2302 490 2358 sunt,
532 2298 774 2361 exeeptis
816 2299 1017 2351 duobus
1056 2302 1201 2367 loeis,
1244 2306 1411 2357 altero

352 2373 416 2423 ad
453 2387 635 2424 versus
673 2388 756 2426 ιι.
791 2377 961 2428 altero
1001 2378 1066 2428 ad
1101 2393 1277 2431 versus
1306 2395 1408 2433 xx.

354 2450 439 2515 qui
481 2449 536 2501 in
577 2457 802 2519 utraque
842 2451 1034 2506 fabula,
1058 2456 1219 2522 positi
1267 2466 1407 2511 sunt.

352 2526 591 2580 Donatus.

436 2605 537 2662 Qui
589 2608 721 2658 norit
773 2623 931 2672 unam,
991 2611 1152 2662 arubae
1201 2613 1407 2678 nouerit]

355 2678 581 2733 Omnem
599 2697 709 2734 rem
732 2700 836 2735 uno
859 2700 1014 2737 versu
1033 2690 1259 2740 noverit.
1296 2691 1376 2740 Id.

419 2760 688 2824 Utramvis]
721 2764 892 2814 Deest
912 2764 1095 2816 hamus.
1118 2766 1286 2817 Idem.

414 2840 474 2885 11
514 2838 626 2888 Non
644 2838 720 2888 ita
738 2839 961 2889 dissionili
979 2841 1112 2904 sunt]
1135 2842 1304 2905 Ordo,
1319 2845 1405 2896 Ita

350 2926 452 2966 non
490 2920 632 2964 sunt.
695 2916 836 2981 Ergo
874 2917 948 2967 ita
989 2918 1406 2985 subdistinguen-

349 2988 486 3041 dum.
523 2992 674 3042 Idem.

411 3067 527 3118 Non
561 3069 637 3118 ita
677 3069 902 3121 dissimili
942 3077 1057 3122 snat
1104 3076 1406 3139 arg-amento]

348 3143 450 3206 Ita,
475 3159 575 3209 pro
592 3146 745 3196 valde
757 3153 813 3197 et
834 3154 1008 3200 caute.
1065 3149 1251 3208 Potuit
1265 3150 1404 3199 enim

346 3219 470 3282 diei,
489 3221 925 3287 Quomodoergo
957 3232 1078 3274 sunt
1112 3222 1231 3275 duae
1255 3224 1403 3276 dissi·

346 3296 457 3347 mili
478 3299 713 3349 oratione
733 3300 753 3348 ?
776 3299 927 3351 Idem.

276 3371 279 3376 ’
410 3376 518 3440 Ita]
575 3378 658 3430 Ne
702 3380 1022 3430 Menandrum
1064 3382 1282 3446 culpare
1327 3384 1405 3433 vi·

344 3452 551 3518 deatur,
575 3455 659 3506 Ita
678 3454 936 3519 adjunxit,
957 3457 1094 3523 quod
1116 3458 1281 3509 laudis
1306 3467 1405 3511 est.

405 3606 504 3658 Sed
522 3607 704 3673 tanen]
726 3608 999 3661 Diseretio
1014 3619 1096 3661 est
1115 3627 1147 3662 a
1169 3614 1405 3679 superio·

338 3682 504 3746 tibus,
542 3692 601 3734 et
635 3691 718 3735 est
751 3684 1093 3739 ὰνακόλουθονε
1128 3703 1230 3740 non
1262 3691 1399 3742 enim

341 3772 502 3824 snpra
522 3760 699 3825 posuit
718 3762 924 3825 quidem.
947 3763 1117 3815 Idem.

406 3834 521 3886 Non
562 3836 641 3886 ita
680 3842 793 3886 sant
833 3838 1060 3889 dissinsili
1101 3848 1398 3906 arg-umento,

337 3913 421 3963 sed
451 3918 630 3976 tanen,
662 3914 771 3977 ξω]
805 3914 893 3964 Sic
923 3916 1206 3968 ordinanda
1240 3921 1401 3971 verba

339 3997 459 4041 sunt
474 4006 503 4041 ε,
521 3990 632 4056 (Ita
649 3995 761 4040 sunt
774 4006 871 4041 non
886 3992 1127 4055 dissimili,
1147 3993 1257 4060 ξε.)
1272 3996 1399 4046 Gal·

336 4069 451 4122 liee¹
488 4066 685 4117 dixeris
716 4083 733 4117 ι
787 4072 893 4117 tant
935 4068 1186 4132 t’intrigae
1226 4088 1283 4122 en
1324 4079 1399 4124 est

336 4144 602 4207 semblable,
644 4159 768 4209 quoy
808 4161 916 4208 que.
940 4145 1179 4204 dfaillears
1211 4153 1256 4200 le
1288 4151 1398 4203 stile

339 4227 388 4272 et
408 4224 456 4271 la
476 4221 780 4285 composition
798 4238 858 4273 ne
872 4237 924 4272 se
961 4226 1261 4278 ressemblent
1290 4243 1395 4291 pas.

337 4298 507 4364 Apud.
529 4300 780 4362 Veteres,
802 4304 960 4364 tamen
992 4300 1254 4356 interdum
1281 4311 1399 4356 erat

2395 324 2622 431 mols

1505 520 1843 587 superfluum,
1881 519 2159 587 aliquando
2196 521 2336 573 idem
2357 523 2568 576 valebat

1506 615 1571 650 ae
1589 601 1743 664 modo,
1782 607 1873 652 aut
1905 605 2121 660 tanturm·
2153 598 2205 649 id
2230 599 2369 665 quod
2391 600 2568 651 obser·

1504 679 1617 728 vari
1636 679 1850 743 poterit.
1885 679 2058 732 Faber.
2116 730 2125 747 ,

1569 757 1686 806 Non
1706 757 1778 805 ita
1798 756 2021 806 dissimili
2040 760 2149 806 sant
2170 761 2469 819 argumento,
2483 760 2574 808 sed·

1502 831 1686 895 umen]
1721 835 1801 883 Ex
1838 838 2115 895 argumento
2151 833 2362 883 eliditur
2396 848 2446 897 u,
2468 848 2566 897 per

1502 923 1804 973 syncopam,
1834 918 1897 961 ut
1931 910 2002 960 sit
2033 916 2323 974 argmento,
2341 910 2476 960 sieut
2496 925 2573 959 ex.

1504 993 1753 1050 tegumen
1775 984 1839 1037 fit
1863 993 2096 1051 tegmen,
2118 1002 2185 1037 ex
2208 994 2562 1050 tegumentum

1501 1070 1848 1128 tegmentum,
1868 1079 1932 1114 ex
1955 1065 2322 1115 salsamentum
2343 1064 2570 1114 salmen-

1500 1147 1626 1191 tum.
1660 1140 1896 1191 Fa'e‘rnus.

1565 1222 1627 1268 12
1664 1218 1891 1268 Oratione
1911 1233 1969 1267 ao
1985 1218 2134 1283 stylo]
2171 1219 2342 1268 Oratio
2365 1218 2417 1268 in
2438 1232 2554 1268 seu·

1498 1309 1559 1344 su
1598 1304 1699 1357 est,
1737 1297 1891 1361 stylus
1922 1284 1984 1346 ⁸in
2021 1296 2214 1347 verbis.
2283 1296 2455 1346 Oratio
2488 1295 2556 1345 ad

1498 1386 1581 1421 res
1604 1370 1849 1430 refertur,
1883 1374 2038 1440 stylus
2062 1372 2129 1423 ad
2151 1374 2328 1424 verba.
2393 1372 2539 1439 Scyle

1496 1463 1599 1499 non
1623 1455 1704 1500 est
1726 1452 1779 1499 in
1803 1457 2053 1515 tempore,
2086 1450 2179 1500 sed
2215 1450 2422 1514 prolata
2444 1466 2560 1500 ora·

1497 1526 1655 1576 tione.
1726 1526 1898 1575 Oratio
1934 1534 2109 1576 autem
2146 1534 2229 1576 est
2265 1526 2319 1575 in
2361 1527 2563 1591 eogita-

1498 1603 1638 1652 tione
1671 1609 1728 1653 et
1760 1604 1812 1653 in
1846 1604 2074 1667 prolatu.
2161 1603 2467 1653 Orationem
2502 1604 2556 1653 in

1496 1679 1771 1729 sententiis
1793 1680 1977 1731 dieunt
1999 1694 2133 1743 esse,
2152 1680 2340 1743 stylum
2366 1680 2417 1728 in
2442 1695 2559 1729 ver-

1497 1756 1595 1818 bis,
1618 1758 1979 1821 argumentum
2016 1757 2071 1806 in
2095 1756 2272 1808 rebus.
2338 1758 2481 1821 Ergo
2503 1757 2554 1807 in

1494 1832 1738 1897 po'e‘mate
1761 1834 1926 1883 oratio
1944 1840 2038 1883 est.
2071 1834 2310 1884 Donatus.

1561 1914 1621 1960 13
1659 1911 1778 1967 Quae
1798 1926 2051 1961 convenere
2085 1912 2146 1961 iu⁴
2159 1909 2421 1974 Andriam]
2444 1910 2554 1976 Ap-

1491 1996 1645 2051 paret
1668 2002 1770 2037 non
1790 1988 1858 2038 de
1883 1988 2157 2051 industria,
2177 1987 2269 2036 sed
2295 2002 2417 2037 casu
2440 2003 2553 2038 esse

1492 2065 1748 2113 translata
1764 2078 1975 2129 ea,quoe
1995 2063 2061 2114 de
2080 2063 2353 2113 Perinthia
2374 2065 2428 2113 in
2448 2064 2555 2115 An·

1491 2139 1653 2189 driam
1675 2138 1860 2190 eodem
1881 2154 2035 2189 sensu
2056 2140 2347 2204 iisdemque
2378 2141 2551 2191 verbis

1491 2217 1790 2282 perscripta
1808 2212 2040 2268 fuerunt.
2075 2219 2228 2268 Iam.

1557 2293 1678 2355 Qua
1714 2309 1964 2345 moenere
2001 2295 2055 2345 ia
2085 2294 2345 2357 Andriam]
2377 2295 2549 2345 Unam

1487 2385 1617 2436 ergo
1641 2387 1746 2423 non
1769 2373 1896 2422 duas
1922 2372 2207 2425 transtulit.
2242 2373 2392 2423 Idem.

1554 2451 1686 2507 Quae,
1718 2465 1968 2502 mouere
2006 2450 2061 2500 in
2100 2449 2361 2514 Andriam]
2416 2450 2548 2501 Qum

1480 2535 1609 2594 apta
1630 2536 1687 2580 et
1708 2528 1977 2579 commoda
1994 2527 2209 2578 fuerunt
2226 2528 2278 2577 in
2296 2527 2548 2577 Andriam

1482 2609 1740 2671 Latinam,
1753 2622 1856 2659 non
1875 2608 2139 2667 Graecam,
2157 2605 2355 2655 fatetur
2380 2614 2546 2655 trans·

1482 2685 1688 2735 tulisse.
1748 2684 1855 2736 Sed
1892 2699 2052 2749 quare
2077 2697 2134 2732 se
2152 2688 2334 2732 onuat
2354 2683 2546 2731 Teren·

1483 2760 1603 2817 tius,
1626 2775 1741 2811 eum
1767 2761 1933 2824 possit
1955 2760 2121 2810 videri
2145 2759 2211 2809 de
2242 2774 2345 2808 una
2382 2767 2545 2808 trans·

1482 2838 1704 2888 tulisse?
1738 2837 1828 2887 Sic
1866 2838 2108 2900 solvitur,
2139 2837 2277 2889 Quia
2309 2837 2546 2886 conscius

1481 2915 1581 2972 sibi
1603 2921 1705 2977 est,
1727 2915 1946 2978 primam
1965 2928 2172 2964 scenam
2193 2912 2260 2961 de
2275 2912 2547 2962 Perinthia

1480 3005 1599 3041 esse
1631 2992 1951 3054 translatam,
1995 2990 2085 3040 ubi
2120 3004 2281 3039 senex
2320 2990 2394 3038 ita
2425 3004 2543 3038 cum

1480 3082 1646 3118 uxore
1687 3068 1931 3133 loquitur,
1968 3075 2030 3116 ut
2067 3065 2204 3129 apud
2234 3065 2558 3114 Terentium.

1479 3157 1597 3196 cum
1621 3145 1841 3195 liberto:
1872 3155 1928 3192 at
1966 3143 2019 3191 in
2043 3141 2243 3191 Andria
2264 3142 2558 3190 Menandri·

1479 3226 1619 3274 solus
1642 3237 1800 3274 senex
1822 3229 1919 3272 est.
1955 3222 2122 3271 Ideni:

1546 3307 1607 3352 15
1643 3302 1706 3349 Id
1727 3301 1813 3350 isti
1832 3298 2324 3363 vituperantfaetam]
2344 3300 2453 3356 Isti,
2472 3300 2538 3349 ad

1476 3377 1929 3443 reprehensionem
1947 3376 2167 3427 sumitur
2181 3391 2417 3440 personae
2434 3393 2447 3425 z
2466 3377 2541 3426 in-

1477 3455 1689 3507 terdum
1733 3455 1809 3505 rei
1857 3452 2309 3520 reprehensionem
2348 3453 2538 3517 signifi·

1476 3540 1595 3584 cat:
1620 3531 1939 3596 ntVirgilius
1958 3531 1992 3581 τ’
2015 3531 2032 3559 ‘
2047 3531 2192 3583 Quid
2216 3530 2352 3596 petis
2371 3531 2483 3581 istis
2499 3532 2536 3580 2‘

1476 3612 1633 3664 Idem.

1547 3687 1852 3752 vituperant]
1874 3687 2070 3737 Vitium
2092 3686 2167 3736 rei
2188 3692 2392 3750 parant.
2424 3687 2504 3737 Id.

1543 3765 1606 3815 In
1625 3779 1680 3814 eo
1710 3764 1978 3828 disputant]
2010 3762 2183 3827 Istud,
2211 3764 2267 3813 in
2302 3779 2373 3825 eo,
2409 3763 2538 3813 Gal-

1471 3843 1576 3894 lice
1619 3850 1829 3892 vertas:
1879 3843 1945 3891 Et
1989 3843 2039 3890 la
2080 3843 2241 3891 dessas
2256 3856 2276 3899 ,-
2321 3840 2423 3900 vel,
2464 3841 2550 3889 Et.

1471 3923 1629 3984 quand
1665 3934 1742 3969 ees
1774 3919 2011 3968 Doeteurs
2045 3923 2153 3968 sont
2189 3932 2274 3967 sar
2292 3921 2414 3965 cette
2436 3931 2538 3963 nia·

1472 3997 1611 4059 fiere,
1650 3996 1715 4045 ils
1745 3997 2025 4059 pretendent
2061 4009 2263 4059 pronver
2304 3992 2444 4056 qu'on
2475 4006 2553 4041 ne.

1470 4071 1781 4130 doitjansais
1802 4072 1860 4120 de
1881 4072 2006 4120 deux
2043 4071 2286 4119 Comedies
2323 4068 2534 4131 Greqnes

1470 4149 1674 4210 enfaire
1694 4163 1784 4197 nne
1807 4148 1999 4198 Latine.
2023 4147 2209 4196 Faber.

1537 4224 1828 4290 Disputant]
1844 4225 2205 4286 Immorantur,
2221 4222 2548 4280 calumniam„-

1471 4310 1577 4369 tur,
1600 4306 2045 4369 argumentantur.
2080 4299 2312 4351 Donatus.
