3035 4941
645 379 1406 438 'rERENT11'RUNUOH.·
1443 377 1607 428 AcT.
1654 377 1754 428 lv.
1801 379 1909 427 SC.
1954 378 2086 426 vu,

291 519 300 526 ’
351 526 565 577 Fundam
586 527 677 577 tibi
696 527 841 591 nme]
890 526 1029 575 Mire
1057 525 1327 578 Parasitus

295 600 382 653 hoc
397 603 493 652 ait:
530 605 612 653 vel
637 604 752 670 quia
770 602 993 652 Militem
1010 602 1148 651 nolle
1162 601 1327 665 videt,

291 678 368 725 ‘vel
401 678 515 742 qnia
538 693 639 728 non
664 678 828 728 audet·
855 678 1178 741 impugnare,
1205 688 1326 724 cou-

293 752 446 802 silium
479 753 861 804 formidolosum
884 761 941 803 et
964 758 1139 815 aptum
1163 757 1325 799 metu·

293 829 392 880 enti
431 829 595 894 dedit,
645 830 902 879 subtiliter
944 835 1116 878 tamen
1137 845 1151 878 z
1207 841 1326 876 nam

290 901 436 954 funda
459 914 706 971 pugnant,
725 907 812 970 qui
830 907 1061 956 cominus
1083 919 1186 954 nou
1209 918 1326 967 pos·

290 990 428 1036 suut:
461 992 514 1035 et
534 1001 599 1036 ex
634 987 858 1050 occulto,
881 986 966 1051 qui
996 999 1100 1034 non
1137 984 1328 1033 audent

288 1062 460 1121 palam.
509 1063 616 1112 Sed
639 1065 850 1113 honesta
869 1077 1046 1125 causa,
1065 1075 1188 1125 non,
1207 1060 1328 1125 quia

289 1136 473 1200 timeas,
502 1139 692 1203 inquit,
723 1138 814 1188 sed
853 1145 913 1189 ut
947 1137 1178 1201 fugiant:
1211 1144 1326 1185 tan-

287 1226 424 1275 quam
446 1216 544 1265 nisi
564 1216 742 1265 hostes
761 1214 1011 1279 fugerint,
1029 1226 1131 1262 non
1153 1212 1222 1262 sit
1245 1219 1324 1262 tn·

288 1294 383 1337 tum
405 1290 675 1341 accedere.
711 1292 862 1342 Idem.

329 1365 554 1416 Fundam
595 1366 713 1431 tibi]
768 1367 887 1417 Non
932 1365 1065 1416 dixit
1104 1367 1326 1428 hastam,

281 1447 368 1492 aut
396 1442 662 1496 lanceam:
711 1444 800 1492 sed
825 1443 1325 1506 sagittam,sundan,

279 1533 390 1582 quae
424 1521 668 1572 nimirum
707 1524 859 1584 longe
888 1524 1141 1587 jactatur.
1166 1531 1225 1573 ut
1255 1537 1322 1572 ex

283 1594 370 1645 hoc
411 1596 686 1650 intervallo
737 1612 978 1662 pavorem
1020 1599 1326 1650 ostenderet

284 1684 375 1720 non
426 1674 669 1724 audentis
723 1675 992 1727 accedere.
1078 1677 1149 1733 Et
1196 1677 1323 1726 mire

284 1746 389 1797 tibi.-
420 1755 665 1815 tanquam
689 1750 799 1814 ipse
818 1750 1085 1800 Parasitus
1109 1765 1205 1800 nec
1226 1752 1323 1801 hoc

285 1824 480 1877 audeat.
546 1828 681 1878 Sunt
704 1834 874 1877 autem
901 1829 986 1893 qni
1010 1832 1191 1892 putent
1209 1829 1323 1879 haec

282 1915 310 1950 a
341 1904 534 1956 Thaide
589 1905 658 1956 ad
704 1907 1026 1957 Chremetem
1073 1906 1194 1955 dici.
1231 1905 1323 1955 sed

283 1982 421 2031 male.
453 1996 555 2032 non
587 1982 725 2031 enim
749 1983 1060 2033 conveniunt
1080 1982 1177 2031 ista
1208 1982 1323 2032 Me-

283 2049 468 2109 retricis
486 2060 647 2109 dictis
668 2060 1048 2125 superioribus:
1085 2059 1182 2109 nisi
1206 2058 1326 2125 quia

282 2143 439 2184 movet
452 2151 550 2198 me,
567 2136 709 2201 quod
726 2151 788 2185 ex
801 2137 976 2184 occulto
998 2135 1151 2185 dicit:
1177 2137 1325 2200 quasi

282 2217 473 2260 constet
494 2212 563 2274 ei,
582 2210 884 2276 jamdudum
908 2210 1071 2260 videri
1106 2211 1321 2260 militem

282 2289 332 2331 et
348 2285 510 2349 ipsum
533 2302 640 2337 non
667 2287 875 2346 vidisse,
908 2302 1026 2337 cnm
1060 2302 1165 2352 qua
1201 2302 1322 2352 pug-

282 2368 481 2412 naturus
502 2364 590 2415 sit.
627 2363 782 2414 Idem.

339 2440 395 2488 1⁷
435 2440 500 2490 Ut
521 2447 577 2492 tu
601 2440 734 2505 illos]
767 2440 1101 2492 Meretricem
1118 2441 1321 2492 scilicet

283 2527 385 2564 cum
407 2519 529 2582 suis,
560 2525 625 2568 ut
648 2518 795 2583 alibi,
827 2520 846 2550 ‘
870 2520 978 2570 Nos
997 2519 1139 2583 prins
1159 2518 1320 2569 intro·

285 2588 493 2644 ducant?
527 2595 681 2644 Idem.

342 2668 404 2718 Ut
422 2672 646 2736 cederes]
681 2671 791 2722 Pro
813 2672 1066 2723 caedendo
1087 2686 1322 2737 cogeres,

283 2747 335 2792 ut
351 2743 580 2798 facerent
598 2747 795 2812 fugam.
825 2749 979 2799 Idem.

336 2822 523 2885 Procul,
561 2824 671 2889 ξω]
706 2825 784 2874 Ut
822 2826 973 2875 Paris
997 2824 1324 2888 Homericus,

280 2893 357 2946 ’Er
370 2898 516 2963 λόχου
537 2901 801 2963 ἀμπήδησε.
823 2904 1107 2953 Fmabitoe.

334 2975 556 3027 facerent
584 2977 783 3042 sugam]
823 2980 995 3030 Deest
1034 2995 1207 3030 rursus
1249 2984 1322 3043 at,

282 3046 364 3111 sie,
401 3052 468 3101 Ut
491 3053 718 3114 facerent
738 3056 934 3117 fugam.
957 3057 1042 3106 vel
1062 3054 1324 3107 ἀσυνδέτους

280 3122 460 3178 illatum
482 3135 582 3179 est.
618 3130 854 3180 Donatus.

336 3204 764 3270 Facerentsugam]
783 3207 1066 3258 Desiderat
1082 3208 1320 3272 conjunc·

275 3278 457 3331 tionem
477 3284 604 3334 enim
623 3301 640 3333 .-
663 3289 721 3334 ut
741 3284 829 3346 sit,
849 3284 1082 3334 Facerem
1100 3283 1319 3344 ertimfa·

279 3365 395 3414 gan.
428 3358 594 3411 Idem.

338 3433 566 3486 Facerem
592 3435 796 3500 fugam]
832 3437 913 3486 Ex
946 3434 1167 3499 duobus,
1206 3451 1320 3503 quae

280 3506 325 3555 in
347 3509 556 3562 Donato
580 3518 956 3577 proponuntur,
991 3513 1213 3561 alterum
1244 3513 1320 3561 in·

282 3587 524 3639 eruditum
545 3596 645 3639 est.
670 3590 785 3655 quis
808 3589 944 3638 euim
979 3594 1208 3652 putaret,
1232 3588 1316 3639 hic

281 3662 430 3786 affigi
452 3679 627 3730 posse,
648 3670 703 3715 ut
720 3665 942 3726 facerent
957 3662 1167 3726 fugam?
1198 3665 1318 3715 Βω-

281 3745 307 3782 0
411 3753 450 3788 s.

338 3816 397 3862 18
436 3815 534 3867 Sed
569 3832 725 3868 eccam
763 3816 987 3866 Thaidem
1013 3815 1191 3880 ipsam]
1224 3818 1320 3869 Ec·

281 3896 371 3936 eam
410 3899 463 3941 et
500 3895 670 3958 ipsam,
708 3893 874 3956 figura
913 3889 1130 3955 ἔμφασις.
1172 3891 1322 3957 qnasi

282 3973 419 4016 eccam
436 3969 720 4034 principem
742 3969 898 4021 belli.
882 3984 898 3999 ·
935 3973 990 4018 et
1008 3969 1179 4032 ipsam,
1201 3980 1320 4017 con·

283 4040 357 4088 tra
372 4055 516 4105 qnam
540 4052 861 4111 puguaturus
883 4051 983 4094 est.
1015 4044 1254 4094 Donum.

338 4114 428 4167 Sed
472 4135 624 4171 eccam
680 4122 908 4171 Thaidem
957 4122 1112 4185 ipsam
1161 4120 1319 4184 video]

284 4188 429 4243 Vultu
449 4196 559 4248 baec
572 4197 807 4262 juvanda
828 4204 964 4247 sunt.
1029 4197 1184 4246 Miles
1210 4197 1320 4245 vul·

287 4271 336 4313 tu
372 4278 635 4340 gestuque,
673 4283 916 4340 tanquam
955 4273 1020 4323 ad
1058 4279 1321 4324 certamen

2281 362 2457 429 1263

1399 524 1709 589 composito,
1745 537 1865 577 cum
1893 518 2117 587 strepitu
2136 520 2234 572 lroc
2254 524 2416 575 infert
2431 544 2448 577 ε

1398 605 1483 656 sed
1502 617 1654 652 eccum
1674 594 1769 651 Th.
1799 603 1955 667 ipsam
1980 601 2132 652 video.
2163 602 2339 667 itaque
2360 620 2450 667 pa.

1398 679 1592 728 rasitus
1637 693 1701 727 ex
1735 693 1879 728 more
1921 679 2268 742 συντραγῳδῶν,
2311 679 2452 742 quani

1398 770 1510 804 mx
1533 755 1790 805 irruimus?
1823 755 2009 818 iuquit.
2047 755 2183 802 sicut
2213 754 2451 820 subinde,

1400 845 1516 881 cum
1538 832 1778 893 militem,
1812 831 2028 880 obtentu
2061 831 2263 880 consilii
2296 843 2453 882 cunc-

1399 910 1500 959 tari
1537 909 1700 970 videt,
1737 919 1794 959 et
1829 908 1942 975 ipse
1969 908 2251 958 orationem
2275 909 2452 972 vertit,

1399 987 1709 1035 contrariam
1734 985 1892 1050 priori
1916 985 2045 1034 viam
2067 985 2283 1034 laudans
2304 1001 2319 1035 =
2343 983 2448 1037 ‘dii

1397 1069 1622 1111 vestram
1659 1061 1836 1125 fidem,
1864 1062 2044 1127 quanti
2091 1066 2170 1111 est
2211 1062 2448 1125 sapere?

1399 1138 1655 1189 Boeclerus.

1464 1215 1618 1269 Quam
1636 1231 1748 1264 mox
1775 1213 2029 1277 irruimus]
2058 1214 2175 1263 Hoc
2196 1214 2451 1275 parasitus

1396 1288 1620 1340 irridens
1665 1291 1890 1340 Militem
1931 1289 2084 1338 dixit.
2149 1289 2220 1337 Et
2263 1289 2448 1338 irruere

1395 1368 1609 1431 proprie
1664 1367 1929 1428 dicuntur,
1980 1367 2068 1431 qui
2109 1381 2228 1417 cum
2272 1364 2451 1462 furore

1398 1443 1633 1506 praelium
1661 1443 1859 1493 ineunt.
1894 1444 2130 1492 0011111113.
2435 1470 2443 1482 ·

1462 1522 1526 1568 19
1560 1519 1734 1568 Omnia
1766 1519 1901 1582 prius
1936 1517 2166 1582 experiri,
2203 1532 2343 1581 quam
2372 1532 2455 1567 ar

1395 1608 1507 1655 ms,
1560 1595 1819 1659 sapientem
1868 1594 2027 1657 decet]
2071 1593 2451 1650 Animadverte

1393 1678 1642 1735 quantam
1680 1672 1781 1720 vim
1816 1670 2043 1721 habeant
2078 1670 2143 1720 ad
2187 1671 2452 1721 delectari·

1394 1746 1516 1797 dum
1538 1748 1591 1797 in
1619 1748 1896 1798 Comoediis
1918 1747 2113 1796 severae
2149 1746 2449 1809 seutentiae‚

1394 1838 1511 1875 cum
1530 1842 1561 1876 a
1584 1826 1811 1875 ridiculis
1831 1824 2064 1890 personis
2084 1823 2445 1888 proferunturz

1397 1904 1549 1967 quale
1587 1910 1667 1954 est
1691 1904 1827 1969 apud
1867 1905 2130 1963 Plautum,
2168 1902 2253 1951 ubi
2289 1902 2451 1956 Miles

1395 1992 1537 2027 snam
1560 1977 1777 2029 formam
1802 1979 2079 2035 admirans,
2103 1980 2196 2039 ait,
2234 1980 2249 2006 ⁴
2272 1979 2448 2028 Nimia

1394 2061 1477 2104 est
1506 2055 1715 2104 miseria
1742 2056 1898 2105 nimis
1936 2055 2204 2119 pulchrum
2227 2068 2339 2105 esse
2359 2054 2449 2102 bo·-

1391 2129 1619 2181 minem.’
1653 2131 1805 2181 Idem.
2418 2143 2440 2168 -·

1463 2208 1621 2266 Quam
1671 2207 1840 2270 ermis]
1894 2204 2232 2257 Ἀνακόλουθον
2269 2220 2283 2253 2
2349 2218 2447 2268 pro

1392 2298 1698 2350 quavam-ma.
1763 2283 1869 2333 Aut
1893 2281 2098 2346 ἔλλειψις
2119 2290 2217 2338 est,
2250 2282 2292 2329 si
2324 2280 2446 2330 suba

1377 2359 1662 2409 .audiamus
1688 2375 1846 2422 agere.
1915 2362 1983 2409 Et
2020 2360 2146 2408 mire
2184 2374 2287 2407 non
2311 2358 2447 2407 dixit

1392 2436 1497 2501 Me,
1517 2436 1611 2487 sed
1634 2435 1926 2502 Sapientem,
1959 2437 2094 2502 quod
2132 2435 2292 2501 magis
2325 2434 2446 2484 ridi·

1391 2515 1565 2564 culum
1588 2522 1687 2565 est.
1721 2516 1871 2564 Idem.

1327 2592 1336 2603 ’
1391 2618 1400 2623 -
1454 2594 1522 2639 20
1557 2592 1640 2640 An
1674 2589 2013 2654 quaejubeam]
2059 2591 2130 2639 Et
2168 2588 2297 2638 mire
2341 2603 2445 2638 non

1390 2666 1551 2726 eelim,
1584 2665 1675 2714 sed
1698 2665 1890 2727 jubeam
1912 2665 2061 2714 dixit.
2126 2665 2330 2714 Jubeam
2350 2678 2448 2729 pro

1390 2742 1533 2793 velim
1548 2759 1567 2792 .·
1600 2751 1679 2804 ut,
1698 2742 1850 2792 antheo
1881 2743 2191 2792 Chremetm.
2212 2741 2384 2791 Idem.
2434 2770 2441 2778 ·

1459 2818 1550 2866 DI
1567 2824 1772 2867 restrum
1785 2818 1961 2884 fidem]
1986 2820 2136 2867 Bona
2168 2816 2401 2880 ἆναλογία
2426 2834 2441 2869 2

1390 2893 1480 2956 qni
1493 2892 1687 2942 leviora
1707 2895 2030 2958 laudaverat,
2043 2894 2130 2944 hic
2148 2896 2445 2944 exclamare

1381 2968 1493 3031 jam
1517 2968 1690 3022 debet.
1757 2972 1828 3021 Et
1864 2971 1962 3021 hoc
1991 2978 2075 3020 est
2110 2971 2246 3034 quod
2290 2984 2448 3034 supra

1394 3045 1486 3106 ait,
1497 3045 1513 3073 ‘
1525 3046 1591 3096 Id
1601 3061 1800 3097 rursum
1813 3048 1857 3096 si
1873 3053 2086 3111 negant,
2099 3046 2251 3096 laudo
2261 3046 2312 3095 id
2324 3060 2448 3111 qno·

1389 3121 1533 3186 qne.'
1598 3123 1733 3172 Nam
1756 3130 1916 3186 negat
1939 3137 2138 3171 rursum
2162 3123 2295 3171 male
2317 3137 2444 3187 pug-

1391 3199 1617 3249 nandum
1656 3214 1791 3264 esse,
1826 3201 1913 3265 qni
1956 3199 2192 3263 superius
2230 3200 2446 3249 retineri

1389 3290 1492 3326 non
1511 3283 1735 3340 poterat,
1760 3277 1882 3342 quin
1899 3277 1951 3326 in
1975 3277 2215 3340 praelinm
2236 3276 2320 3324 vel
2339 3289 2445 3325 mo—

1391 3352 1587 3404 riturus
1609 3354 1848 3403 irrueret.
1882 3353 2035 3403 Iden·

1456 3429 1941 3516 DIvedramfidm,
1972 3428 2141 3492 quanti
2158 3431 2230 3477 est
2246 3442 2437 3492 sapere.
2429 3426 2448 3462 ¹

1387 3521 1629 3570 nunquam
1648 3508 1830 3570 accedo,
1851 3504 1964 3569 quin
1984 3504 2067 3554 abs
2089 3509 2136 3554 te
2156 3504 2318 3554 abeam
2337 3506 2444 3554 doe·

1390 3582 1509 3646 tior]
1541 3583 1680 3632 Mire
1702 3582 1812 3645 egit
1833 3594 2106 3644 personam
2127 3580 2449 3644 admirantis,

1389 3675 1487 3724 per
1526 3660 1713 3710 trinam
1752 3655 2072 3722 ἀποστροφήν.
2150 3656 2237 3707 Ad
2282 3657 2448 3720 Deos,

1389 3745 1469 3800 ut,
1491 3738 1583 3788 DI
1614 3743 1820 3787 vestram
1842 3736 2013 3802 fidem.
2049 3735 2116 3784 ad
2159 3747 2218 3784 se
2258 3735 2445 3798 ipsum,

1391 3815 1580 3872 Quanti
1614 3820 1686 3864 est
1715 3812 1912 3878 sapere!
1949 3812 2014 3862 ad
2047 3811 2282 3874 militem,
2303 3811 2443 3860 Nam-

1391 3909 1529 3958 quam
1545 3894 1728 3956 accedo,
1748 3893 1861 3956 quin
1880 3890 1966 3940 ebs
1987 3895 2036 3939 te
2055 3891 2217 3938 abeam
2246 3888 2444 3945 dodim-2

1391 3972 1464 4021 Et
1493 3970 1710 4020 ridicule
1732 3968 2020 4028 Parasitus,
2051 3966 2324 4028 Nunquam
2358 3976 2443 4012 ac·

1389 4045 1526 4097 cedo
1549 4046 1613 4095 ad
1637 4052 1710 4108 te,
1729 4044 1886 4107 dixit,
1908 4042 1995 4107 qui
2017 4053 2271 4104 nunquam
2295 4051 2442 4087 reee-

1390 4109 1491 4173 dit
1523 4120 1674 4171 Idem.

1456 4202 1517 4248 21
1547 4197 1680 4254 Quin
1696 4195 1846 4245 abste
1860 4193 2021 4244 abeam
2047 4190 2248 4254 doctior]
2271 4188 2442 4240 Nimis

1385 4274 1664 4339 impudens
1686 4270 1994 4331 assentatio,
2026 4282 2083 4317 se
2103 4266 2219 4319 fieri
2245 4265 2443 4319 doctio-
