3035 4941
665 427 1036 491 ,TEREN'nn
1084 431 1419 482 EUNUGH
1463 432 1633 482 Ac'r.
1681 433 1751 480 V:
1796 429 1898 482 SC.
1946 433 2017 482 V.

269 579 367 629 tum
401 582 500 638 est,
516 574 672 642 'quod
704 577 917 627 daretur
954 576 1021 626 ad
1059 574 1303 627 nobilem.

269 655 403 705 Idem.

183 751 186 758 ’
271 757 284 794 ·.
323 736 380 781 13
437 729 698 793 caligavit
735 731 943 795 primum
986 730 1113 794 eam]
1169 729 1305 779 Mira

248 807 485 871 urditas,
526 808 593 857 ad
637 807 979 872 torquendum
1027 808 1305 857 Parmeno-

263 900 400 935 nem:
424 886 573 934 simul
596 886 753 934 etiam
777 885 990 934 relictus
1012 883 1080 933 ad
1097 898 1305 934 succur-

260 961 463 1013 rendum
484 963 648 1012 locus.
675 962 825 1012 Im.

295 1043 379 1089 ,14
409 1039 568 1104 Atque
603 1039 815 1103 eqru'dem
849 1043 1033 1103 orante,
1068 1043 1124 1089 ut
1157 1053 1217 1089 ne
1251 1039 1305 1089 id

250 1116 439 1177 fervet.
466 1117 672 1180 Thaide]
718 1114 866 1166 Adeo
888 1115 1302 1166 violentissimus.

260 1202 312 1244 et
330 1203 470 1245 recte
492 1194 594 1244 boc
616 1192 870 1257 additum,
891 1207 956 1243 ne
977 1198 1155 1257 speret
1177 1207 1301 1243 aux·

261 1270 442 1320 iliumssa
462 1269 679 1320 Thaide.
713 1270 862 1318 Idem.

271 1363 278 1378 ·
319 1351 375 1396 16
397 1347 554 1396 -Nrmc
573 1345 807 1408 aduam]
831 1345 1084 1403 ·Minatrn·,
1104 1350 1165 1395 nt
1186 1359 1301 1396 suc-

2265 418 2438 486 1281

1397 579 1510 625 18
1532 577 1683 634 Quis
1707 576 1863 634 homo
1873 591 1987 640 pro
1978 578 2169 627 mello
2204 581 2451 646 unquam}

1380 652 1544 703 Causa
1565 639 1769 706 finalis.
1799 655 2069 719 Virginem
2093 655 2271 706 Civem
2295 660 2437 723 apud

1377 730 1715 781 Meretricem
1751 731 1982 781 vitiavit·
2029 733 2321 784 mercedem
2360 735 2439 786 of·

1375 802 1515 855 fert:
1551 807 1750 871 petitur
1772 808 1835 857 ad
1858 809 2197 873 supplicium.
2216 809 2385 862 Idem.
2442 837 2445 842 ·

1445 883 1567 939 Quis
1582 885 1713 935 homo
1730 900 1820 949 pro
1840 887 2011 935 moeeho
2028 902 2231 951 unquam
2243 890 2364 939 vidit
2382 890 2444 941 in‘

1376 961 1511 1009 domo
1542 962 1812 1011 meretricia
1841 963 2124 1027 deprehendi
2144 963 2439 1032 quemquam]

1377 1036 1619 1087 Donatus
1683 1038 2101 1089 Controversiam
2157 1044 2437 1106 proponit:

1373 1113 1670 1179 ‘Virginem
1693 1115 1896 1181 civem,’
1913 1119 2012 1168 διο.
2067 1117 2132 1167 In
2155 1132 2254 1182 qno
2277 1134 2432 1183 gene-

1374 1203 1432 1239 re
1467 1192 1975 1256 controversiarum‚·
1991 1195 2154 1244 multa
2186 1195 2435 1248 adversus

1375 1272 1629 1331 quaestum
1651 1267 1826 1319 induci
1847 1271 2037 1321 solent.
2061 1272 2198 1322 unde
2211 1272 2322 1336 jam
2346 1289 2437 1324 an-

1375 1350 1431 1393 te
1469 1343 1686 1395 Cbaerea
1727 1346 2054 1411 vulgari'illo
2095 1350 2270 1401 colore
2312 1367 2437 1403 usus

260 1423 387 1473 curri
423 1423 588 1488 possit
622 1423 691 1489 ei,
726 1423 954 1489 qui-non
992 1421 1064 1472 sit
1091 1436 1301 1488 passus.
1367 1426 1508 1483 erat,
1530 1436 1633 1472 non
1653 1421 1770 1473 fieri
1794 1426 2152 1477 meretricibus
2174 1426 2451 1495 injuriam,

260 1500 533 1631 [affl-viatur
563 1594 729 1645 porro,
765 1577 888 1642 sese]
941 1579 1114 1630 Deest
1134 1579 1302 1640 sectu—

261 1654 372 1706 rum.
391 1658 574 1708 ·Idem.
623 1659 628 1662 “
756 1672 764 1683 ·

269 1753 278 1761 ·
317 1733 450 1790 Quod
504 1732 699 1783 moechis
747 1732 891 1796 solet]
956 1734 1142 1784 Deest
1165 1733 1306 1799 fieri.

258 1810 513 1939 Id‘jalin-quod
533 1874 724 1928 moechis
740 1875 880 1940 solet]
914 1875 1042 1926 Ideo
1060 1876 1301 1927 violentis·

256 1952 411 2003 dmum
431 1954 568 2005 dixit
585 1960 740 2008 antea*
755 1952 970 2004 fratrem
992 1954 1223 2018 virginis,
1238 1968 1303 2004 ne

259 2031 431 2081 mirum
466 2040 627 2097 esset,
648 2032 692 2083 si
726 2045 821 2098 pro
862 2033 1099 2083 adultero
1121 2032 1303 2097 punire

259 2117 488 2174 cuperet,-
526 2111 620 2175 qui
659 2110 939 2175 ⁴innuptam
996 2110 1301 2161 violaverat.

261 2185 385 2242 Quid
401 2187 745 2256 deprebensis
780 2187 991 2240 moechis
1011 2186 1208 2242 factum
1232 2187 1303 2237 sit

260 2259 481 2325 Athenis,
535 2264 659 2314 vide
729 2263 866 2327 apud
936 2262 1303 2327 Aristophanis

259 2337 585 2390 Scholiastem
639 2341 694 2389 in
748 2340 896 2390 Plut.
950 2340 1127 2389 Plaut.
1185 2340 1304 2392 Mil.

261 2412 392 2467 Glor.
414 2430 468 2465 v.
488 2421 576 2470 27..
610 2417 853 2468 Juvenal.
871 2416 981 2466 Sat.
1002 2420 1081 2467 10.
1106 2416 1332 2498 Mutet.»

262 2493 318 2542 ad
357 2508 407 2543 v.
450 2496 576 2545 Eth.
636 2495 1038 2546 Aristot..adde
1063 2495 1305 2547 ‹Weitzio

260 2578 506 2635 congesta.
544 2573 804 2623 Boeclerus.

318 2649 447 2704 Quod
480 2650 677 2700 moechis
694 2649 837 2713 solet]
890 2649 1306 2714 Atheniensibus,

261 2723 363 2789 lege
383 2726 661 2790 Draconis),
683 2728 1062 2792 ¹capitalererat
1086 2728 1137 2777 in
1161 2729 1305 2778 adul-

177 2813 186 2819 ·
260 2803 380 2852 terio
411 2802 754 2868 deprehendi.
785 2805 1120 2869 usitatissima
1155 2819 1309 2869 poena

262 2881 534 2941 καυλοκοπὴ,
589 2880 919 2946 -παρατιλμὸς,
986 2880 1308 2944 palpationem.

260 2954 606 3022 Aristophanis
646 2958 910 3023 interpres
949 2959 1004 3008 in
1047 2959 1208 3009 Pluto
1252 2964 1307 3009 et

263 3030 504 3086 Nubibus.
542 3036 759 3087 Lucian.
789 3037 856 3087 de
878 3037 1096 3100 Peregr.
1118 3036 1310 3100 Caput,

264 3108 352 3174 Ep.
375 3117 452 3164 15.
488 3106 681 3164 Horat.
701 3114 791 3163 lib.
813 3127 854 3163 ι.
867 3113 985 3164 Sat.
1003 3118 1054 3164 θ.
1074 3114 1091 3142 ⁴
1106 3113 1181 3162 Ut
1202 3113 1309 3162 cui·

262 3184 367 3236 dam
386 3195 553 3240 *testes
586 3189 906 3255 caudamque
947 3190 1166 3239 salacem
1197 3190 1307 3238 De-

262 3270 505 3317 meterent
544 3266 725 3318 ferro.’
775 3267 1036 3319 Juvenal.
1078 3268 1190 3317 Sat.
1226 3270 1308 3317 10.

263 3339 456 3395 ‘Necat
477 3346 562 3396 bic
598 3344 763 3408 ferro,
786 3335 931 3396 secat
964 3346 1053 3395 ille
1082 3347 1331 3397 cruentis·

262 3415 586 3486 Verberibus,
603 3423 850 3488 quosdam
875 3424 1099 3474 moechos
1120 3430 1178 3475 et
1200 3440 1307 3477 mu·

264 3493 366 3556 gilis
382 3498 582 3550 intrat!
613 3499 904 3550 Farnobium.
1013 3522 1018 3543 :

281 3604 290 3619 .
322 3576 381 3622 16
413 3575 554 3631 Quod
573 3588 661 3637 ego
694 3590 931 3638 nunquam
959 3574 1204 3642 vidifieri,

263 3660 341 3709 φω
355 3651 517 3716 velim]
548 3652 678 3703 Julii
695 3652 947 3716 Scaligeri
970 3655 1220 3718 cogitatio
1242 3654 1310 3704 de

264 3721 352 3774 hoc
372 3727 486 3777 loco
506 3727 693 3793 (Poet.
715 3742 756 3779 1.
781 3732 856 3790 7.)
878 3730 1126 3781 curiosior
1156 3747 1308 3798 quam

264 3801 423 3852 verior
446 3810 546 3855 est.
570 3819 756 3855 revera
777 3806 918 3855 enim
950 3806 1013 3855 ad
1050 3807 1322 3859 abomina-.

265 3877 442 3937 tionem
472 3884 797 3935 muliebriter
826 3884 1020 3936 factam
1041 3888 1312 3951 pertinent

264 3952 366 4007 baec
384 3961 557 4012 verba.
590 3960 847 4012 Boeclerus.

325 4039 381 4084 17
418 4039 550 4094 Quid
568 4039 643 4088 ita
664 4039 875 4102 tantum]
921 4039 1090 4091 Nimis
1120 4041 1309 4092 callide

269 4110 471 4176 Pythias
492 4118 630 4169 hunc
652 4119 783 4169 dicit
807 4120 1121 4170 violentum:
1156 4127 1211 4170 et
1234 4127 1310 4171 ta·

271 4202 375 4239 men
395 4193 666 4259 injustum,
680 4196 1031 4262 audacemque
1066 4196 1173 4249 dici
1206 4206 1332 4247 non*

274 4268 470 4335 patitur,
502 4266 597 4323 sed
627 4272 892 4335 defendit,
918 4280 978 4324 ut
1012 4275 1175 4338 magis
1210 4280 1312 4325 ter·

276 4350 385 4394 reat
393 4346 788 4401 Parmenonem.
812 4352 1051 4402 Domitius.

389 4427 560 4492 Delph.
573 4438 621 4482 et
648 4433 763 4482 Vur.
783 4434 912 4482 Clas.

1272 4434 1457 4484 Terent.

1375 1498 1418 1548 si
1440 1498 1735 1552 illudantur.
1780 1503 1871 1552 Et
1892 1504 2032 1567 apud
2057 1505 2437 1557 Quintilianum

1373 1576 1617 1626 Declam.
1650 1591 1968 1630 cccnxxxv.
2007 1581 2096 1630 ubi
2134 1582 2292 1632 ῑεποπί
2325 1597 2437 1634 reus

1377 1659 1460 1703 est
1478 1656 1560 1718 qui
1591 1656 1831 1706 meretrici
1850 1659 2131 1708 amatorium
2151 1660 2300 1723 dedit,
2323 1666 2437 1710 ten·

1376 1735 1556 1780 tantur
1598 1731 1700 1781 illae
1758 1733 2101 1797 quaestiones:
2158 1735 2278 1785 ‘An
2321 1733 2438 1786 len'o

1376 1803 1549 1855 damni
1581 1806 1773 1871 injuria
1807 1810 1918 1860 dati
1950 1813 2109 1874 agere
2148 1813 2330 1875 possit,
2361 1829 2435 1863 *an

1374 1884 1586 1948 impune
1618 1884 1692 1934 illi
1724 1885 1915 1950 injuria
1944 1885 2093 1956 fieri?
2126 1903 2189 1937 an
2214 1904 2332 1938 cum
2354 1904 2437 1938 su·

1375 1976 1476 2011 am·
1508 1961 1745 2024 injuriam
1787 1962 2054 2013 vindicare
2098 1978 2200 2014 non
2256 1966 2439 2029 possit,

1373 2038 1615 2102 mancipii
1636 2038 1836 2103 possit,'
1855 2040 1952 2089 διο.
2004 2039 2164 2104 Apud
2186 2041 2437 2107 calphur-

1374 2116 1515 2165 nium
1562 2122 1736 2166 antem
1779 2115 2024 2168 Flaccum
2070 2117 2308 2169 Declam.
2352 2123 2436 2170 82.

1376 2193 1393 2222 ‘
1413 2197 1611 2242 amator
1626 2193 1918 2244 meretricis
1937 2194 2159 2244 dominae
2172 2193 2187 2216 ’
2209 2194 2436 2244 indede-

1375 2268 1626 2332 fenditur,
1667 2270 1803 2335 quod
1849 2277 2073 2321 amasset
2113 2272 2272 2321 amari
2315 2272 2454 2321 solim

1377 2354 1513 2398 tam:
1563 2346 1580 2376 ⁴
1601 2347 1757 2396 Esset
1791 2359 1960 2397 meum
1994 2346 2222 2404 crimen.’
2247 2348 2438 2413 inquit,

1378 2430 1468 2474 aut
1512 2438 1676 2487 error,
1715 2423 1757 2474 si
1802 2428 1856 2474 tc
1900 2423 2039 2474 solus
2079 2422 2453 2475 adamassem&

1376 2501 1468 2555 De
1483 2502 1623 2565 Lege
1645 2501 1866 2564 Solonis,
1885 2501 2138 2551 videndus
2166 2502 2309 2552 Sam.
2333 2501 2439 2551 Pe-

1324 2627 1330 2638 ,
1378 2578 1506 2628 titus
1533 2578 1582 2627 in
1607 2577 1838 2643 Legibus
1861 2579 2075 2629 Atticis.
2141 2580 2272 2631 Jure
2298 2579 2439 2630 civili

1379 2655 1631 2717 Romano,
1665 2656 1687 2701 ‘.
1699 2656 1751 2704 Si
1788 2655 1905 2720 quis
1934 2657 2155 2721 virgines
2179 2658 2439 2722 appellas-

1379 2738 1479 2794 set,
1500 2733 1545 2781 si
1570 2738 1744 2783 tamen
1765 2732 1995 2783 ancillari
2020 2740 2166 2783 vesle
2192 2731 2442 2796 vestitas,'

1380 2807 1523 2873 (mide
1558 2807 1772 2858 *omnino
1815 2809 1977 2859 et'am
2021 2809 2254 2860 Declam.
2297 2823 2439 2860 cccr.

1380 2881 1625 2948 Quintil.)
1665 2884 1869 2933 ‘minus
1923 2899 2143 2947 peccare
2199 2883 2451 2935 videtur:

1379 2962 1544 3010 multo
1567 2960 1749 3024 minus,
1769 2961 1814 3010 si
1841 2962 2137 3011 meretricia
2166 2969 2313 3011 veste
2345 2960 2442 3011 foe-

1379 3036 1553 3100 minae,
1588 3052 1688 3086 non
1743 3036 2178 3086 matrumfamilias
2230 3037 2439 3088 vestitae

1378 3112 1633 3178 fuissent,'
1666 3114 1703 3164 1.
1740 3127 1835 3164 xv.
1861 3116 1989 3177 §16.
2019 3113 2086 3163 de
2123 3113 2290 3177 Injur.
2370 3115 2438 3165 In
2546 3178 2550 3183 p

1380 3190 1802 3242 Institutionibus
1835 3190 2095 3241 Orator-iis
2129 3191 2439 3243 Quintiliani

1381 3268 1511 3336 (vn.
1535 3267 1610 3335 8.)
1635 3268 1942 3333 proponitur
1963 3268 2182 3333 quaestio
2203 3284 2217 3316 :
2244 3268 2442 3319 ‘Adul-

1383 3346 1571 3397 terium
1605 3348 1858 3410 est,‘cum
1896 3345 2066 3396 aliena
2090 3348 2264 3394 'uxore
2302 3345 2442 3394 domi

1382 3425 1560 3475 coiret
1596 3438 1660 3472 an
1686 3424 1815 3474 etin
1841 3423 2078 3487 lupanari
2094 3421 2131 3471 ?'
2196 3423 2442 3472 Pertinet

1380 3502 1503 3564 huc,
1520 3501 1659 3567 quod
1675 3502 1894 3552 Cbaerea
1909 3500 2119 3552 dixerat
2138 3504 2159 3550 τ’
2173 3514 2443 3550 conservam

1227 3591 1309 3626 ne-
1381 3579 1581 3630 credidi.
1614 3578 1900 3628 Boeclerus.

1448 3656 1555 3706 Pro
1574 3656 1766 3721 moecho,
1780 3655 1886 3721 ξω]
1928 3657 2070 3720 Lege
2092 3654 2216 3707 item
2236 3654 2442 3705 Solonis

1384 3742 1612 3798 cautum,
1630 3733 1646 3762 ‘
1664 3734 1745 3784 Ne
1762 3733 1875 3797 quis
1894 3748 1992 3797 pro
2010 3727 2207 3786 moecbo
2224 3733 2443 3797 prehen-

1384 3811 1523 3861 ditor
1545 3812 1598 3862 in
1636 3826 1698 3862 ea
1730 3826 1845 3876 qnae
1869 3811 1953 3859 vel
1992 3811 2045 3859 in
2068 3810 2338 3876 lupanari,
2360 3810 2457 3860 vel'

1385 3890 1593 3953 publice
1618 3887 1855 3952 prostat!
1888 3889 1994 3938 Per
2015 3887 2282 3951 lupanaria
2303 3902 2444 3936 nam-

1323 3994 1328 4003 ·
1384 3980 1485 4033 que
1519 3974 1573 4016 et
1605 3966 1873 4016 ancillulas
1910 3964 2071 4014 libido
2101 3964 2444 4029 permittitur.

1387 4044 1738 4106 Hieronymus
1762 4042 1813 4090 in
1846 4041 1955 4091 vita
1975 4040 2217 4090 Fabiolae.
2243 4039 2447 4104 Augus·

1387 4119 1480 4169 tin.
1526 4119 1593 4168 de
1637 4117 1865 4168 Civitate
1904 4116 2239 4165 Deil.x1v.
2280 4120 2445 4166 c.16.

1385 4198 1630 4247 Lactant.
1651 4196 1688 4244 l.
1710 4209 1788 4246 vr.
1822 4194 1997 4294 Divin.
2022 4192 2257 4243 Institut.
2293 4208 2341 4243 c.
2362 4197 2444 4243 2³.

1388 4271 1676 4324 Famabius

1421 4349 1660 4414 Nescio]
1694 4349 1862 4401 Quam
1884 4352 2057 4398 astute
2081 4346 2216 4397 dixit
2241 4347 2414 4398 Nescio
2429 4362 2447 4396 .-

2193 4430 2318 4478 4M
