3035 4941
828 422 1192 472 TEREN'H!
1242 422 1478 472 Anmt.
1527 424 1695 474 ACT.
1741 426 1793 476 1.
1837 426 1944 475 SC.
1988 427 2041 475 1.

332 565 550 628 emplum
566 563 929 617 continentiae'.
995 565 1145 616 Idem.

391 647 455 704 66
489 643 621 692 Nan
640 642 725 706 qui
758 642 884 704 mn]
921 642 1038 702 Qui,
1058 642 1254 693 animus
1273 640 1384 693 scil.

324 727 411 771 aut
431 729 576 771 certe
598 722 735 770 Ιιοικο
755 720 1184 771 subaudiendum.
1216 720 1368 771 Idm.

392 799 514 847 Gan
544 797 780 861 ingeniis]
804 797 1018 859 Ingenia
1050 811 1145 861 pro
1165 796 1385 847 homini·

325 874 416 924 bus
435 875 632 938 posuit.
670 876 823 924 Idem.

389 951 736 1016 Conflictatar]
768 950 833 1000 Id
857 957 957 1013 est,
973 950 1235 1002 atteritur.
1258 950 1382 1000 Con—

308 1028 525 1092 flictatio
554 1034 634 1077 est
653 1033 824 1078 tactus
849 1042 1122 1092 corporum
1143 1028 1385 1092 invicem,

321 1113 377 1154 ct
406 1105 628 1155 collisio.
663 1105 818 1156 Idem.

385 1182 521 1230 Nam
565 1182 649 1245 qai
682 1197 788 1231 cum
828 1180 1038 1243 ingeniis
1077 1179 1383 1244 conflictatur

317 1256 570 1320 finnedi]
620 1257 797 1321 Negat
831 1258 1069 1307 Muretus
1111 1256 1288 1307 videre
1324 1270 1382 1305 sc

318 1348 544 1398 quonam
594 1333 748 1384 modo
792 1348 971 1383 versus
1011 1340 1151 1383 stare
1199 1333 1379 1397 possit.

320 1411 479 1461 Ratio
515 1418 618 1473 est,
639 1419 697 1461 ut
719 1411 921 1475 opinor,
945 1409 1083 1474 quod
1114 1410 1383 1460 Baccheus

318 1487 368 1536 in
388 1488 577 1552 quinta
615 1488 827 1553 regione
857 1486 920 1536 fit
940 1487 1047 1552 (tar
1077 1485 1203 1549 dns)
1233 1485 1380 1537 nodi.

317 1562 422 1613 Sed
446 1564 649 1629 duplici
674 1565 757 1614 via
772 1579 880 1613 rem
897 1562 1202 1627 impeditam
1223 1575 1383 1626 expe·

319 1640 424 1693 dio.
486 1642 624 1692 Nam
662 1649 736 1706 et,
780 1650 838 1692 ut
877 1640 1014 1691 iufra
1051 1640 1382 1694 observatum

316 1716 441 1783 fuit,
461 1719 509 1770 R
530 1718 686 1769 finale
708 1719 829 1769 olim
862 1718 1152 1769 elidebatur
1171 1733 1187 1780 ς
1221 1724 1383 1784 atque

318 1795 394 1857 ita
413 1795 580 1846 fuerit
592 1796 851 1858 spondeus
876 1810 970 1860 per
981 1796 1236 1860 synizcsiu
1253 1812 1269 1847 z
1291 1810 1380 1846 ex·

318 1873 547 1936 emplum
584 1872 849 1935 pereuntis
885 1873 950 1933 R,
982 1871 1143 1921 hahes
1178 1872 1380 1937 pagina

320 1953 402 1999 68.
470 1957 487 1980 ‘
515 1951 719 2013 Nuper,
741 1951 853 2014 ejus
870 1949 1038 2001 frater
1061 1951 1383 2015 aliquantum

317 2026 382 2077 ad
403 2041 513 2076 rem
537 2036 619 2076 est
632 2026 869 2077 avidior.’
902 2029 1038 2079 Dein
1062 2035 1117 2078 et
1135 2030 1236 2078 hoc
1257 2044 1384 2095 quo-

317 2120 416 2169 que
439 2104 556 2154 fieri
582 2107 771 2170 potuit,
794 2113 853 2156 ut
883 2108 1154 2170 scripserit
1185 2109 1380 2158 'l'ereu-

315 2182 439 2247 tius,
458 2197 566 2231 nou
599 2183 843 2246 demat,
876 2184 971 2234 sed
1002 2184 1210 2244 simod&
1242 2185 1381 2250 quod

316 2274 399 2310 me
420 2260 564 2324 apud
587 2261 812 2311 Veteres
829 2261 1038 2311 memini
1059 2262 1235 2325 legere
1254 2278 1272 2324 ς
1303 2270 1381 2313 at·

317 2352 417 2402 que
434 2337 514 2387 ita
528 2338 614 2387 vel
637 2344 931 2403 anapaestus
953 2337 1134 2403 fuerit,
1154 2340 1239 2390 vel
1257 2339 1380 2391 iam·

315 2413 413 2476 hus
441 2430 538 2479 per
560 2416 836 2481 synizesiu.
882 2416 1054 2468 Faber.

381 2494 515 2543 Nam
528 2494 725 2557 φήσαι.
736 2495 943 2557 ingenius
958 2495 1190 2561 conflicta
1214 2494 1381 2561 Hujus

317 2570 595 2619 sententiae
619 2570 695 2619 vis
725 2579 780 2619 et
813 2571 1196 2635 opportunitas,
1214 2586 1280 2622 ex
1306 2569 1380 2622 af·

317 2643 465 2695 fectu
490 2645 681 2696 theatri
701 2647 949 2698 aestimari
976 2648 1155 2699 debet.
1223 2648 1380 2700 Athe·

318 2724 415 2784 nis,
448 2722 501 2771 id
539 2730 641 2786 est,
666 2724 780 2774 loco
806 2731 914 2774 tam
935 2731 1203 2789 corrupto,
1232 2732 1382 2789 quot·
1403 2726 1415 2738 ’

318 2804 446 2861 quot
463 2796 838 2848 confluxissent
860 2807 1058 2863 patres,
1070 2801 1171 2850 illis
1191 2799 1251 2851 τὸ
1265 2806 1376 2852 καθ-

316 2873 431 2925 όλου
465 2874 725 2938 λεγόμενον
763 2892 870 2927 suae
909 2877 1098 2943 cuique
1152 2877 1377 2931 formum

316 2954 676 3016 experimento
709 2954 762 3003 in
800 2954 1024 3005 animum
1058 2955 1378 3006 descendere

315 3027 529 3079 debuit:
564 3030 863 3095 quotidiana
884 3032 1207 3084 educationis
1230 3034 1379 3095 vitia,

310 3107 436 3160 rara
455 3109 776 3174 incorruptae
813 3108 1100 3173 disciplina
1134 3113 1377 3174 exempla

313 3186 366 3235 iu
401 3186 588 3249 oculis,
622 3193 678 3235 et
711 3187 949 3251 quotiens
992 3200 1227 3238 sermone
1260 3177 1377 3250 per-

314 3263 677 3326 stringeretur,
710 3264 787 3312 ita
811 3262 865 3312 in
897 3262 1080 3314 animis
1116 3269 1285 3324 eraut,
1317 3268 1379 3311 ut

318 3340 398 3388 vel
421 3340 628 3391 doleret
647 3341 864 3405 quisque
885 3340 1146 3405 sequiora,
1166 3340 1253 3389 vel
1273 3354 1379 3390 me-

313 3417 446 3468 liora
465 3427 696 3483 optaret.
728 3420 929 3471 Boecter.

382 3494 703 3561 Consta-tatur
713 3495 966 3560 ejusmodi]
990 3494 1380 3556 Atteritur,sol-

317 3570 572 3638 licitatur,
596 3580 934 3623 conversatur
972 3586 1087 3622 cum
1122 3572 1380 3635 ejusmodi

315 3646 628 3711 hominibus,
659 3664 827 3715 neque
851 3649 1202 3713 corrumpitur
1224 3649 1382 3699 inter·

316 3738 395 3775 ca.
438 3726 699 3776 Usitatius
717 3724 997 3776 adhibetur
1014 3725 1227 3784 vox'ista
1240 3727 1382 3775 circa

314 3801 691 3852 valetudinem.
740 3809 757 3832 ‘
779 3800 1082 3852 conflictari
1102 3803 1274 3867 iniqua
1293 3818 1379 3853 va-

315 3877 587 3929 letudine!
643 3878 778 3930 Plin.
801 3879 971 3941 Epist.
1002 3880 1018 3908 ‘
1043 3876 1380 3931 Conflictatas

313 3954 543 4006 morbis!
589 3955 805 4005 Sueten.
826 3955 1009 4005 Claud.
1032 3971 1077 4005 c.
1101 3970 1164 4005 11.
1187 3956 1382 4018 legitur

315 4037 372 4081 et
390 4031 647 4096 conflictat,
669 4045 851 4082 versus
872 4032 1038 4096 gratia
1062 4032 1195 4081 utin
1216 4031 1382 4082 Phor-

315 4110 509 4172 mione,
528 4117 636 4160 act.
660 4124 714 4160 v,
735 4124 876 4160 scen.
905 4113 954 4159 2.
979 4110 1188 4161 Far-nab.

377 4193 443 4239 67
479 4191 648 4254 Neque
680 4188 1015 4252 commovetur]
1046 4188 1236 4239 Utrum
1274 4189 1384 4239 ani·

318 4281 447 4329 mus,
466 4282 532 4317 au
554 4268 742 4317 homo?
779 4267 957 4318 Donat.

384 4344 553 4406 Neque
588 4348 902 4394 commo*
940 4342 1149 4410 eninm]
1192 4345 1381 4398 Utrum

2350 415 2524 483 1045

1460 564 1611 618 deest
1640 568 1770 630 dus?
1823 569 1909 621 Au
1922 572 2051 623 or'do
2074 578 2174 637 est,
2196 573 2287 639 qui
2320 575 2520 624 animus

1461 656 1581 693 cum
1626 644 1843 709 ingeniis
1881 646 2214 700 conflictatur
2249 651 2525 715 ejusmodi,

1460 735 1630 785 neque
1650 732 2004 775 commovetur
2035 727 2089 775 iu
2121 742 2186 776 ea
2219 742 2278 776 re
2311 734 2518 778 tamem

1459 795 1797 850 ὀκκόλουθωι
1836 815 1903 851 eo
1933 801 2075 866 quod
2110 817 2215 853 non
2255 805 2523 867 premisso

1458 875 1590 938 licet,
1631 877 1714 926 vel
1757 892 2052 942 quamquam,
2087 879 2312 942 subjecit
2347 885 2523 935 umen·

1460 951 1778 1003 Sallustius:
1827 954 1844 983 ⁴
1869 954 2045 1018 Atque
2088 956 2234 1006 edita
2275 956 2525 1022 undique,

1461 1029 1625 1079 tribus
1663 1036 1839 1079 tamen
1878 1046 1996 1081 cnm
2034 1033 2191 1082 muris
2229 1039 2286 1082 et
2321 1034 2520 1097 maguis

1458 1104 1727 1155 turribus?
1790 1107 1943 1159 Iden.

1521 1187 1587 1233 68
1621 1183 1738 1233 Sua
1783 1185 1898 1234 vite
1945 1186 2154 1250 man]
2201 1186 2524 1238 Moderatio·

1456 1274 1598 1322 nem,
1620 1261 1867 1324 regimen.
1933 1263 2086 1313 Idem.

1523 1342 1589 1387 69
1626 1338 1747 1387 Cum
1766 1338 1819 1387 id
1846 1338 1988 1401 milti]
2025 1341 2163 1403 Cum,
2181 1341 2235 1390 id
2259 1346 2364 1403 est,
2385 1354 2520 1405 prn-

1457 1421 1697 1479 terquam
1718 1415 1876 1479 qnod.
1943 1416 2098 1466 Iden.

1525 1491 1645 1541 Tan
1665 1505 1757 1540 ano
1775 1505 1855 1541 ore
1866 1490 2051 1555 onom]
2086 1492 2354 1553 omme
2368 1496 2524 1555 pater

1454 1582 1632 1619 amore
1667 1567 1778 1619 falli
1815 1568 2111 1619 videretur:
2145 1575 2203 1618 et
2239 1567 2359 1619 ideo
2397 1583 2522 1619 mex

1457 1646 1554 1709 ait,
1573 1647 1589 1675 ‘
1610 1647 1757 1696 Bene
1795 1644 2173 1695 dissimulatum
2195 1659 2447 1708 amorem,
2465 1651 2523 1695 et

1457 1724 1685 1774 celatum
1702 1720 1932 1772 indicat?
1973 1744 1974 1749 ¹
2000 1722 2151 1772 Idem·

1500 1801 1644 1850 Tum
1664 1815 1756 1849 uuo
1775 1813 1855 1848 ore
1883 1814 2039 1850 onnes
2068 1799 2230 1850 omnia
2250 1799 2371 1849 ὸοια
2391 1799 2522 1850 dier.

1455 1876 1534 1939 re]
1566 1877 1670 1930 Qui
1701 1878 1860 1926 omina
1891 1876 2239 1939 substituunt,
2258 1877 2401 1926 nulla
2434 1890 2521 1927 co-

1456 1955 1632 2004 dicum
1646 1955 1963 2004 anctoritate
1976 1953 2259 2016 juvantur:
2296 1967 2393 2002 nec
2413 1950 2523 2002 ani-

1456 2030 1794 2080 madvertunt
1838 2029 2033 2093 aliquid
2079 2029 2285 2079 detrahi
2332 2029 2408 2078 sic
2452 2029 2522 2079 dc

1457 2105 1686 2172 ἐνεργείᾳ,
1699 2120 1854 2172 quam
1865 2105 2025 2154 habet
2040 2103 2390 2169 frequentatio
2405 2118 2520 2154 ver-

1459 2184 1661 2236 borum.
1729 2183 2026 2246 Explicatio
2050 2196 2204 2246 porro
2226 2183 2423 2247 duplex
2446 2180 2525 2231 af·

1457 2261 1654 2313 fertur:
1688 2263 1876 2326 prima,
1924 2261 2064 2327 quod
2116 2274 2294 2310 omnes
2346 2262 2523 2312 omnia

1458 2340 1595 2390 hona
1623 2338 1691 2390 de
1729 2338 2005 2402 Pamphilo
2039 2336 2297 2388 dixerint:
2337 2339 2525 2403 altera,

1457 2416 1600 2484 qnod
1629 2430 1807 2467 omnes
1838 2416 2007 2465 omnia
2029 2413 2168 2464 bona
2194 2412 2422 2465 dixerint
2446 2414 2521 2464 d·-

1456 2495 1720 2558 φημοῦηες
1741 2499 1797 2543 et
1815 2492 2011 2543 Simoni
2040 2492 2382 2556 gratulantes,
2404 2491 2522 2542 feli.

1457 2585 1678 2636 cemqne
1718 2583 1858 2630 eum,
1897 2568 2039 2633 quod
2082 2582 2208 2618 mex
2260 2569 2520 2633 sequitur,

1456 2647 1827 2712 praedicantes,
1845 2644 1915 2695 oh
1936 2644 2198 2708 ingenium
2220 2644 2313 2694 filii
2335 2652 2390 2694 ct
2413 2659 2522 2694 mo·

1456 2739 1575 2775 rest
1610 2725 1724 2775 haec
1746 2723 1884 2775 enim
1907 2724 2017 2772 lans
2037 2721 2299 2786 Pamphili
2338 2729 2421 2772 est
2444 2736 2520 2772 vs.

1454 2804 1539 2851 ⁷1.
1583 2800 1761 2864 placet
1814 2800 2070 2863 posterior
2119 2797 2542 2862 iuterpretatloz‘

1452 2879 1606 2928 nimis
1628 2885 1802 2929 antem
1825 2886 1879 2929 et
1901 2878 2216 2929 ineruditum
2236 2886 2293 2928 et
2314 2893 2344 2928 a
2364 2892 2522 2942 scopo

1454 2955 1682 3006 alienum
1730 2955 1911 3020 fuerit,
1940 2957 2171 3016 serlum
2211 2955 2280 3005 de
2322 2956 2521 3006 divitiis

1452 3032 1540 3083 hic
1561 3033 1822 3098 accipere,
1844 3047 1961 3081 cum
1996 3033 2226 3098 Scoppa.
2249 3047 2325 3082 vs.
2348 3033 2518 3083 Chris·

1457 3108 1674 3159 tomath.
1747 3110 1948 3160 Boecter.

1517 3190 1583 3236 70
1618 3187 1759 3236 Bona
1797 3186 1952 3235 dicere
1970 3187 2076 3251 ξω]
2108 3186 2365 3248 nicomacho,
2394 3185 2520 3235 laeta

1453 3270 1510 3313 et
1555 3261 1731 3313 fausta
1772 3262 2096 3326 praedicare,
2142 3263 2279 3312 unde
2310 3264 2521 3327 Scoppa

1453 3338 1585 3402 legit
1615 3338 1791 3402 cunin,
1832 3338 1887 3388 id
1931 3345 2034 3401 est,
2069 3341 2191 3391 laeta
2230 3341 2519 3404 precaban-

1454 3422 1560 3478 tur,
1583 3415 1833 3480 gratulnti
1853 3416 1977 3466 mihi
2001 3417 2159 3468 talem
2185 3417 2366 3470 filium.
2399 3419 2520 3470 Fer-

1452 3494 1567 3544 nab.

1520 3570 1742 3620 Laudare
1750 3569 1979 3630 fortunas
1996 3569 2143 3633 meas]
2174 3570 2519 3634 ’sp-parman-

1453 3667 1537 3714 ρον
1565 3649 1814 3711 fortunas,
1855 3662 2009 3713 quam
2041 3647 2323 3708 fommamt
2357 3654 2413 3698 et
2453 3650 2522 3698 de

1452 3731 1704 3790 more‚ut,
1725 3727 1743 3755 ‘
1765 3725 1872 3777 Qui
1893 3731 1946 3774 te
1961 3726 2094 3774 tanti
2112 3726 2269 3774 talem
2289 3739 2519 3789 genuere

1455 3802 1753 3868 parentes?
1800 3804 1889 3864 Et,
1932 3803 1948 3828 ‘
1980 3802 2147 3863 Vade,
2189 3803 2292 3866 ait,
2318 3818 2350 3851 o
2392 3801 2523 3852 felix

1454 3880 1567 3929 nati
1605 3877 1841 3943 pietate!
1905 3878 1977 3928 Et
2006 3878 2259 3929 Plautus:
2290 3879 2307 3907 ‘
2331 3879 2520 3929 Fortu·

1455 3964 1609 4006 natus
1629 3956 1717 4021 qui
1741 3955 1886 4003 illum
1909 3954 2094 4003 eduxit
2114 3953 2250 4004 sibi!
2319 3956 2503 4004 Donat.

1520 4035 1586 4081 ⁷2
1630 4031 1744 4081 Hac
1782 4029 1945 4094 sunta]
1992 4028 2075 4079 Au
2120 4044 2242 4078 vere
2281 4029 2521 4081 laudatus

1458 4108 1544 4171 sit,
1560 4107 1762 4170 singula
1778 4107 1892 4155 haec
1910 4119 2006 4168 pro
2024 4104 2344 4167 argumentis
2366 4112 2516 4155 snutt

1456 4193 1515 4236 et
1552 4183 1817 4233 excusatio
1861 4189 1960 4244 est,
1994 4195 2098 4230 non
2141 4194 2259 4230 esse
2293 4181 2522 4233 stultitia

1456 4261 1663 4323 falsum,
1687 4261 1779 4310 sed
1802 4260 2089 4322 impulsum.
2156 4255 2308 4309 Idem.

1546 4335 1803 4401 Imp-leuc]
1858 4337 2008 4386 Bene
2062 4334 2317 4398 impulsus.-
2383 4335 2521 4385 ultro
