3035 4941
752 388 1117 437 TERENTII
1167 392 1452 442 PHORM.
1499 397 1668 446 Ac'l’.
1715 401 1762 447 l·
1811 403 1913 451 SC.
1960 363 2063 455 lxv.

297 530 469 588 verte,
486 525 625 591 quod
645 533 845 578 amator
877 530 1022 593 prius
1055 533 1200 595 ponit
1222 534 1355 584 Pha-

295 604 455 665 nium,
476 618 624 667 quam
643 604 799 655 vitam
823 621 984 657 suam.
1003 610 1257 666 ‚Donatum

362 682 427 728 42
464 680 609 742 Geta,
632 682 744 744 quid
775 682 1061 750 nuncfiet2]
1095 685 1353 750 Apparet,

294 753 410 802 haec
447 755 522 805 sic
549 750 956 821 pronuntianda,
997 762 1142 825 quasi
1185 763 1352 814 adhuc

296 835 411 879 tuto
430 830 689 883 dicantur.
727 836 876 885 Idem.

367 907 553 968 Tujam
575 911 684 960 lites
704 913 893 963 audies.-
925 929 1014 975 ego
1037 917 1219 977 plectar
1238 932 1351 980 pen-

293 982 433 1045 dens]
469 986 590 1054 Non
615 988 790 1039 intulit
813 990 949 1055 quod
983 994 1349 1056 quaerebatur:

294 1059 388 1108 sed
412 1063 569 1112 verba
590 1072 710 1115 sunt
736 1067 957 1117 hominis
976 1070 1144 1118 omnia
1165 1072 1351 1136 despe-

296 1137 479 1188 rantis.
511 1138 663 1190 Idem.
730 1181 733 1182 ν
1178 1185 1181 1186 ⁷

364 1212 435 1261 Tu
442 1213 549 1273 jam
572 1216 683 1266 lites
700 1219 891 1268 audies:
925 1234 1011 1282 ego
1041 1224 1223 1284 plectar
1236 1239 1352 1287 pen-

290 1289 429 1352 dens]
465 1292 548 1339 Tu
581 1293 781 1357 audieS,
803 1311 902 1361 ego
927 1298 1256 1349 verberabor.
1293 1309 1352 1351 ut

274 1364 437 1429 xalibi,
457 1366 472 1393 ‘
496 1367 611 1417 Tibi
645 1377 798 1421 eruut
831 1379 1015 1435 parata
1038 1375 1210 1437 verba,
1233 1377 1352 1427 huic

292 1441 499 1492 demum
520 1447 771 1497 verbera)
817 1450 971 1501 Quod
997 1451 1163 1515 ipsum
1187 1456 1350 1508 mire:

294 1519 581 1582 non,facies
601 1524 727 1588 lites,
746 1525 837 1574 sed
859 1528 1032 1577 audie&
1067 1529 1234 1579 Idem.

361 1598 443 1646 42.
467 1600 529 1645 43
544 1599 755 1661 ,Tnjam
775 1601 883 1651 lites
897 1604 1091 1654 audies.-
1123 1621 1209 1667 ego
1228 1609 1352 1669 plec-

291 1671 392 1735 tar]
422 1674 586 1723 ‘Bene
624 1677 860 1727 Donatus
894 1679 994 1730 huc
1027 1681 1354 1745 comparavit

290 1749 460 1799 locum
484 1752 679 1802 Heaut.
700 1768 763 1804 11.
785 1760 831 1805 3.
860 1761 969 1807 115.
989 1773 1003 1806 t
1027 1759 1043 1785 ‘
1062 1759 1176 1808 Tibi
1199 1769 1353 1811 erunt

290 1832 479 1887 parata
499 1828 677 1890 verba,
713 1832 832 1879 huic
868 1832 1060 1883 homini
1095 1836 1355 1887 verbera!

291 1903 347 1951 ἐκ
386 1903 697 1968 παραλλήλου
739 1907 875 1957 enim
918 1909 1032 1959 haec
1088 1910 1349 1965 dicuntur.

290 1980 554 2033 Boeclerus.
814 1994 818 1997 ⁴
1079 1973 1084 1986 ’

355 2061 418 2106 43
453 2059 560 2122 Ego
577 2061 760 2121 plectar
779 2064 1007 2127 pendens]
1043 2065 1258 2124 Plectar,
1279 2067 1351 2118 fe-

291 2135 426 2184 riar:
463 2136 602 2185 unde
621 2144 677 2188 et
692 2139 944 2203 plectrum,
966 2148 1021 2190 et
1047 2143 1207 2206 plagae
1240 2144 1349 2194 dic-

292 2218 380 2262 tae.
416 2214 655 2264 Donatus.

356 2294 420 2339 44
449 2290 548 2340 Sed
567 2294 689 2355 quod
707 2296 841 2343 modo
861 2295 940 2344 hic
957 2296 1067 2359 nos]
1086 2298 1255 2347 Deest
1276 2305 1349 2349 ta-

290 2383 420 2418 men.-
453 2376 514 2419 ut
535 2370 621 2425 sit.
641 2372 724 2419 sed
746 2376 920 2422 tamen.
955 2373 1122 2424 Idem.

357 2448 453 2498 Sed
486 2450 608 2512 quod
642 2451 776 2499 modo
811 2450 889 2500 hic
920 2466 1007 2501 nos
1036 2451 1351 2515 Antiphonem

290 2526 568 2588 monuimus,
596 2527 649 2574 id
683 2534 863 2576 nosmet
889 2529 1016 2591 ipsos
1021 2530 1189 2589 facere
1212 2547 1348 2594 opor-

288 2608 378 2664 tet,
401 2603 655 2666 Phaedria]
709 2603 966 2668 Sulpicius
1002 2607 1055 2654 in
1093 2615 1349 2669 praestan-

291 2680 492 2729 tissima
527 2681 590 2730 ad
640 2681 807 2731 Cicer.
856 2683 1024 2746 Epist.
1073 2685 1089 2712 ⁴
1109 2684 1349 2749 Denique

291 2759 399 2808 noli
432 2755 488 2808 te
526 2758 769 2808 oblivisciv
799 2759 1105 2829 Ciceronem
1137 2776 1269 2825 esse,
1295 2767 1352 2811 et

291 2851 406 2884 eum
430 2836 515 2899 qui
539 2836 650 2885 aliis
683 2838 1012 2886 consueveris
1042 2839 1352 2903 praecipere,

287 2919 343 2962 et
365 2911 490 2962 dare
514 2913 808 2974 consilium3
833 2927 1000 2978 neque
1020 2913 1223 2963 imitare
1245 2931 1349 2963 ma-

289 2990 368 3038 los
407 2989 660 3052 medicOS,
704 2990 790 3054 qui
826 2990 878 3038 in
933 2991 1114 3040 alienis
1157 2992 1349 3062 morbis

290 3066 599 3131 profitentur
616 3082 671 3117 se
688 3073 868 3117 tenere
887 3068 1158 3118 medicinae
1183 3071 1349 3120 scien-

290 3143 434 3206 tiam,
455 3141 552 3207 ipsi
575 3157 628 3193 se
653 3157 837 3193 curare
859 3156 959 3193 non
986 3153 1197 3206 possunt
1218 3162 1231 3196 ε
1258 3148 1348 3196 sed

292 3220 466 3284 potius
491 3219 742 3284 quae-aliis
767 3225 876 3269 tute
896 3219 1185 3283 praecipere
1199 3224 1351 3294 soles,

293 3312 355 3346 ea
378 3304 489 3347 tute
515 3297 612 3347 tibi
636 3297 860 3361 subjice,
897 3302 1051 3360 atque
1082 3298 1219 3361 apud
1244 3298 1350 3346 ani·

288 3389 427 3424 mum
462 3374 729 3439 propone)
775 3374 966 3424 Heaut.
988 3382 1090 3423 act.
1118 3388 1170 3425 v.
1204 3390 1275 3426 sc.
1304 3380 1349 3426 1.

288 3452 306 3480 ‘
325 3452 514 3502 Nonne
537 3452 587 3501 id
611 3449 864 3515 flagitium
889 3458 989 3513 est,
1019 3457 1070 3500 te
1094 3451 1206 3501 aliis
1226 3466 1349 3501 con-

262 3582 267 3591 ,
290 3530 461 3578 silium
484 3527 646 3590 dare,’
667 3532 766 3579 διο.
800 3528 929 3578 Mer.
956 3527 1272 3578 casaubonus.

355 3609 420 3654 45
478 3605 539 3654 Id
576 3609 760 3654 nosmet
794 3605 920 3669 ipsos
946 3606 1114 3666 facere
1149 3607 1352 3672 oportet]

292 3681 429 3735 Quia
449 3696 535 3730 nos
562 3696 720 3745 supra
743 3681 876 3732 dixit
897 3683 948 3731 in
971 3681 1350 3747 significatione

291 3767 439 3810 actus
463 3759 682 3823 proprii,
702 3759 826 3823 ipsos
849 3759 1011 3810 addit.
1047 3760 1285 3810 Donatus.

296 3874 301 3877 -
355 3840 422 3886 46
453 3836 608 3896 Auser
628 3836 745 3885 mihi
757 3853 778 3895 ,·
808 3837 1010 3900 oportet]
1050 3839 1124 3901 Τᾧ
1144 3837 1350 3887 ἀττικισ-

288 3915 362 3976 μῷ
385 3912 585 3962 addidit
615 3911 749 3962 mihi.
780 3912 888 3960 sine
913 3914 1011 3964 hoc
1033 3915 1169 3963 enim
1197 3916 1352 3979 plena
1394 3976 1395 3979 Ἴ

292 3987 550 4039 sententia
572 3996 671 4038 est.
709 3989 859 4038 Idem.

353 4064 512 4124 Anser
531 4063 673 4129 mihi]
728 4063 1012 4113 Redundat
1032 4063 1088 4112 τὸ
1110 4066 1229 4116 mihi
1244 4081 1261 4114 .·
1294 4073 1354 4118 ut

291 4147 348 4191 et
368 4139 523 4198 infra,
547 4151 651 4191 act.
675 4155 730 4190 v.
755 4155 827 4190 sc.
849 4146 898 4191 6.
937 4143 951 4169 ‘
969 4141 1070 4190 Sed
1095 4156 1352 4205 ego‘nunc

293 4217 417 4267 mihi
439 4215 623 4266 cesso!
685 4216 773 4266 Ita
807 4217 916 4280 tibi,
941 4224 996 4267 et
1019 4218 1182 4268 nobis.-
1214 4219 1352 4269 haud

296 4308 429 4345 raro.
465 4293 598 4344 Mer.
627 4292 943 4345 Casaubonus.

2324 395 2496 461 1631

1450 574 1456 577 <
1498 539 1628 594 Quin
1649 546 1708 591 tn
1729 546 1850 606 qnod
1858 543 2065 609 faciam,
2097 547 2299 613 imp'era]
2354 554 2491 604 Mire

1429 614 1495 663 ad
1513 616 1681 666 omnia
1704 625 1940 681 paratum
1964 635 2020 669 se
2052 622 2272 689 indicat,
2296 630 2378 691 qui
2403 631 2490 678 im·

1421 706 1539 753 pera
1562 692 1702 743 dicat
1720 711 1887 745 servo.
1920 697 2157 750 Donatus.

1497 771 1629 825 Quin
1650 778 1721 834 tu,
1743 774 1859 836 quid
1880 775 2082 834 faciam,
2111 778 2314 845 impera]
2366 782 2493 833 Om-

1426 860 1542 895 nem
1569 849 1632 897 ab
1656 848 1846 912 officio,
1880 859 1970 901 aut
1999 857 2315 907 necessitate
2343 875 2494 923 argu-

1426 927 1805 977 mentationem
1838 930 2044 979 missam
2088 931 2191 994 fac,
2231 950 2346 999 quae
2388 951 2491 987 non

1425 1014 1556 1063 opus
1599 1011 1701 1065 est,
1744 1018 1860 1053 cum
1907 1006 2130 1056 libenter
2174 1025 2236 1058 ac
2281 1019 2486 1076 sponte,

1425 1077 1672 1142 quicquid
1697 1073 1990 1131 faciendum
2019 1088 2353 1150 suggesseris,
2379 1089 2489 1138 obi·

1426 1169 1482 1203 re
1509 1154 1718 1217 paratus
1743 1159 1853 1207 sim.
1888 1161 1965 1209 M.
1995 1162 2308 1213 casaubonus).

1487 1235 1552 1282 47
1587 1235 1904 1298 Meministin'
1940 1239 2050 1286 olim
2084 1240 2308 1306 utfnerit
2330 1247 2490 1291 vestra

1424 1307 1602 1374 oratio]
1642 1306 1871 1362 Mireet
1911 1315 2124 1364 consilio
2157 1324 2212 1366 et
2252 1319 2490 1368 oratione

1425 1389 1821 1451 compendiosus
1842 1397 1953 1439 est:
2003 1407 2105 1456 quo
2137 1395 2299 1459 magis
2334 1396 2487 1446 Pbae-

1425 1461 1592 1513 driam
1616 1466 1838 1527 propriis
1862 1468 2087 1517 consiliis
2108 1484 2167 1519 ac
2192 1470 2489 1522 domesticis

1427 1535 1775 1602 permoveret.
1810 1542 2044 1593 Donatus.

1498 1616 1738 1675 Utsaerit
1759 1621 1913 1668 vestra
1929 1619 2105 1683 oratio]
2126 1620 2198 1669 Ut
2220 1623 2380 1686 magis
2400 1639 2489 1674 ex-

1426 1690 1635 1754 citaret,
1662 1706 1764 1742 non
1802 1700 1966 1743 nostra
2004 1694 2155 1756 dixit,
2179 1699 2270 1747 sed
2310 1706 2486 1750 vestra.

1425 1766 1595 1816 Idem.

1488 1848 1554 1893 48
1586 1844 1649 1894 In
1669 1861 1722 1895 re
1742 1845 2041 1910 incipinnda]
2062 1849 2345 1913 Incipiunda
2369 1867 2488 1916 pro-

1424 1921 1560 1983 prie,
1583 1920 1729 1985 quasi
1766 1924 1829 1972 de
1861 1938 1918 1973 re
1954 1940 2155 1988 magna,
2191 1928 2335 1979 dicit.
2398 1931 2488 1982 Sic

1425 1997 1572 2060 alibi,
1604 1999 1619 2026 ‘
1640 1999 1776 2049 Vide
1812 2002 1947 2065 quod
1981 2004 2218 2068 inceptet
2250 2006 2490 2058 facinus.’

1427 2072 1576 2124 Idem.
2481 2143 2489 2150 ι

1488 2149 1569 2200 Ad
1612 2151 1950 2211 defendendam
1992 2157 2209 2221 noxiam]
2268 2159 2486 2209 Noxiam

1424 2239 1563 2276 nunc
1582 2228 1787 2290 culpam
1808 2219 1842 2277 ἔ
1872 2229 1999 2279 alias
2029 2244 2250 2292 poenam.
2320 2236 2387 2284 Et
2410 2241 2491 2285 est

1425 2300 1677 2364 ἑπένθεσις,
1703 2305 1771 2353 ab
1805 2321 1868 2353 eo
1905 2307 2041 2371 quod
2077 2316 2156 2357 est
2192 2325 2397 2361 noxam:
2432 2320 2489 2364 et

1423 2382 1519 2430 hoc
1537 2381 1732 2431 factum
1752 2388 1831 2431 est
1849 2381 2065 2447 propter
2082 2386 2322 2437 iambum.
2339 2387 2490 2439 Idem.

1486 2463 1553 2509 49
1583 2461 1776 2509 Justam
1795 2459 1927 2509 illam
1943 2477 2145 2522 eausam,
2153 2463 2368 2528 facilem,
2384 2465 2488 2514 vin-

1421 2535 1623 2596 cibilem,
1653 2535 1912 2598 optumam]
1962 2537 2244 2587 Considera
2266 2541 2487 2604 singula,

1424 2618 1479 2661 et
1501 2612 1734 2660 invenies
1769 2618 1823 2662 et
1846 2616 2064 2663 naturali
2092 2617 2293 2677 ordine,
2314 2627 2368 2667 et
2392 2634 2490 2682 per

1424 2688 1617 2750 αὔξησιν
1637 2687 1792 2737 dicta.
1865 2689 2069 2740 Causam
2101 2706 2194 2754 pro
2226 2692 2488 2744 defensio·

1421 2780 1490 2814 ne
1527 2765 1718 2829 posuit,
1758 2771 1814 2814 et
1853 2766 2139 2830 vincibilem,
2178 2785 2291 2832 quae
2331 2770 2490 2822 facile

1423 2842 1614 2891 vincat.
1650 2841 1798 2890 Idem.

1489 2923 1553 2967 50
1588 2918 1733 2967 Nunc
1772 2919 1879 2983 ipsa
1920 2924 1993 2968 est
2030 2934 2143 2982 opus
2179 2922 2271 2986 ea]
2317 2922 2489 2974 Causa

1421 2994 1533 3045 scil.
1567 2994 1718 3044 Idem.

1488 3074 1551 3119 51
1588 3070 1792 3121 Meliore
1812 3074 1861 3119 et
1893 3070 2162 3133 callidiore]
2209 3072 2354 3122 Bene
2390 3090 2487 3125 me-

1422 3147 1540 3196 liore
1562 3152 1611 3196 et
1628 3147 1869 3197 callidiore
1888 3163 1904 3195 .·
1956 3147 2077 3210 quia
2102 3155 2224 3197 tunc
2259 3151 2487 3210 prolusio

1422 3221 1540 3279 fuit,
1562 3238 1697 3273 nunc
1719 3224 1886 3287 ipsum
1912 3221 2163 3286 praelium.
2200 3224 2348 3274 Idem.

1489 3300 1604 3350 Fiet
1639 3300 1822 3363 sedulo]
1875 3298 2118 3364 Παρέλκον
2153 3301 2331 3350 sedulo.
2368 3317 2486 3357 nam

1422 3373 1841 3441 suffeceranfiet.
1866 3376 2030 3426 Idem.

1487 3458 1555 3502 52
1588 3453 1733 3501 Nunc
1747 3453 1884 3517 prior
1902 3453 2035 3502 adito
2059 3453 2134 3517 tu]
2170 3454 2339 3511 Adito,
2361 3469 2485 3520 qua·

1424 3527 1467 3576 si
1492 3528 1556 3577 ad
1581 3529 1831 3592 praelium.
1862 3529 2130 3591 VirgiliuS,
2164 3532 2178 3557 ‘
2202 3530 2314 3579 Nec
2350 3532 2489 3594 quis-

1424 3619 1574 3670 quam
1617 3619 1682 3655 ex
1719 3607 1920 3669 agmine
1958 3613 2103 3656 tanto
2126 3606 2305 3657 Audet
2343 3608 2488 3659 adire

1423 3679 1629 3731 virum.’
1664 3680 1815 3731 Idem.
2021 3692 2027 3697 '

1494 3759 1600 3820 Ego
1623 3758 1674 3806 in
1704 3758 1893 3808 insidiis
1913 3758 1990 3806 hic
2023 3758 2129 3821 ero]
2181 3761 2313 3810 Tota
2345 3776 2491 3820 μετα·
2530 3790 2538 3798 -

1425 3833 1546 3898 φορὰ
1567 3833 1632 3882 de
1657 3849 1711 3883 re
1734 3833 1941 3883 militari
1962 3841 2061 3884 est.
2098 3836 2248 3886 Idem.

1489 3912 1552 3960 In
1574 3910 1790 3972 insidiis]
1835 3910 1897 3958 In
1915 3909 2156 3974 subsidiis,
2178 3912 2314 3975 apud
2347 3911 2491 3961 Pris-

1427 3989 1563 4040 cian.
1598 3988 1727 4037 Mer.
1755 3986 2071 4036 Casaabonus.

1490 4066 1554 4114 In
1609 4063 1858 4126 subsidiis]
1916 4062 2071 4111 Hanc
2114 4062 2393 4111 lectionem
2436 4059 2489 4107 in

1431 4147 1631 4191 textum
1653 4141 1918 4202 recepi-ex
1943 4138 2234 4187 Prisciano.
2286 4138 2387 4186 Ina
2420 4137 2492 4185 al·

1429 4224 1564 4279 tera,
1585 4220 1635 4266 in
1658 4216 1868 4278 insidiis,
1889 4213 2077 4264 vitiosa
2100 4218 2201 4263 est.
2235 4212 2409 4262 Faber.

1493 4299 1556 4343 53
1591 4292 1995 4357 succenturiatum]
2037 4288 2392 4340 Succenturiati
2414 4286 2493 4338 dia
