3035 4941
556 372 730 437 1238

623 534 690 580 49
723 531 794 582 Os
814 533 947 579 tuum
964 528 1233 592 impudens]
1270 527 1418 579 Licet
1432 527 1620 591 jocan-

560 610 602 659 ti
624 617 681 659 et
699 610 862 659 amico
883 607 1166 658 convitium
1181 605 1412 671 jocunde
1428 604 1621 659 facere.

563 687 716 737 Idem.

624 768 690 813 60
714 762 814 820 Qui
831 768 951 812 esset
971 763 1151 826 status]
1189 761 1392 812 Statura
1411 762 1619 826 corpori

560 840 883 890 adscribitur
901 856 915 889 ι
932 839 1100 888 Status
1120 838 1184 887 ad
1203 838 1432 888 habitum
1455 837 1619 888 refer·

558 925 656 968 tur.
725 920 867 981 Ergo
898 921 1056 968 status
1086 920 1170 967 est
1192 917 1393 978 σχῆμαι
1414 921 1623 980 statura,

557 996 826 1058 longitudo
846 994 1099 1059 corporis.
1135 993 1285 1043 Idem.

628 1073 694 1121 Te
726 1072 911 1122 ιισίιιιιηι
949 1070 1160 1134 tontum]
1219 1070 1358 1122 Quia
1394 1070 1490 1120 boc
1528 1069 1621 1119 mi-

559 1149 830 1198 nisterium
866 1147 1205 1197 delicatorum
1235 1159 1499 1195 servorum
1521 1152 1619 1196 est.

582 1329 588 1340 ι
624 1306 686 1350 61
729 1301 906 1350 Omnes
921 1308 1155 1365 promat
1176 1301 1249 1365 ss]
1295 1300 1474 1351 Verbo
1497 1315 1620 1351 neu·

561 1378 683 1427 trali
706 1379 849 1442 quasi
869 1379 1040 1428 activo
1065 1394 1183 1427 usus
1205 1386 1305 1428 est.
1341 1379 1488 1427 Idem.

627 1455 872 1504 Pron-aaut
892 1456 966 1519 se]
1019 1456 1107 1505 Sic
1144 1455 1369 1519 Adelph.
1404 1463 1506 1505 act.
1532 1469 1623 1505 ιιι.

547 1545 633 1590 ,sc.
677 1535 726 1581 2.
780 1533 796 1560 ‘
830 1540 1034 1583 ceteros
1080 1531 1320 1582 ruerem.’
1407 1532 1618 1584 Active.

561 1609 848 1658 Farnobius.

624 1691 688 1737 52
729 1687 824 1738 Uen·
841 1688 1037 1753 obsunt]
1080 1689 1191 1745 Ubi,
1214 1697 1268 1740 et
1293 1690 1541 1753 temporis
1564 1698 1620 1739 et

560 1764 660 1813 loci
685 1771 857 1829 potest
879 1779 1010 1816 ease.
1046 1766 1286 1818 Donatus.

624 1845 689 1891 63
714 1842 905 1892 Interea
923 1857 1110 1892 somnus
1124 1844 1362 1905 virginem
1375 1843 1623 1908 opprimit]

560 1918 758 1982 Utpote
781 1934 1127 1982 compressam
1151 1935 1345 1985 somno,
1367 1927 1423 1970 et
1445 1920 1621 1970 oblec-

559 2001 723 2044 tatam
750 1993 974 2058 flabello,
996 2006 1152 2062 atque
1178 1996 1245 2047 ab
1269 1997 1521 2046 Eunucho
1546 1996 1620 2045 ni-

557 2072 631 2122 hil
657 2080 991 2125 metuentem.
1024 2075 1176 2125 Idm.

624 2151 735 2211 Ego
756 2150 887 2199 limis
904 2150 1084 2214 specto]
1129 2151 1303 2212 Limis,
1324 2150 1365 2200 si
1388 2150 1622 2199 nomina-

558 2226 698 2276 tivus
736 2227 1011 2290 singularis
1047 2235 1149 2290 est,
1170 2236 1487 2276 transversus
1519 2228 1622 2291 sig·

558 2302 765 2352 nificat:
816 2304 859 2352 si
903 2304 1153 2367 septimus
1199 2303 1431 2367 pluralis,
1472 2302 1623 2355 deest

558 2380 721 2428 oculis.
789 2380 927 2429 Nam
970 2380 1114 2441 limis,
1148 2388 1229 2430 est
1265 2388 1619 2430 transversus:

561 2457 698 2506 unde
739 2455 882 2506 limen
917 2456 1111 2506 dicitur
1140 2470 1363 2521 quoque,
1385 2455 1522 2522 quod
1545 2457 1621 2505 in-

560 2533 916 2595 gredientibus
969 2534 1386 2599 exeuntibusque
1451 2541 1620 2583 trans·

561 2622 765 2659 versum
805 2616 904 2659 est.
975 2610 1146 2660 Quum
1182 2609 1346 2674 igitur
1386 2609 1622 2659 dissimu-

558 2687 672 2736 lant
694 2685 924 2735 homines
960 2700 1017 2735 se
1059 2686 1238 2735 videre
1264 2686 1400 2751 quod
1424 2685 1623 2746 vident,

560 2769 617 2811 et
640 2774 739 2810 non
765 2769 911 2812 recta
935 2760 1091 2823 facie,
1113 2761 1208 2811 sed
1233 2769 1522 2812 transversa
1542 2763 1620 2812 in·

560 2844 796 2900 tuentur,
817 2838 946 2888 limis
967 2839 1211 2888 dicuutur
1230 2839 1452 2903 aspicere.
1485 2841 1570 2891 Id.

625 2915 780 2966 Limis
819 2916 1000 2980 specto]
1057 2918 1188 2967 Cum
1230 2915 1333 2968 limi
1376 2918 1621 2970 dicantur

560 2992 753 3057 obliqui
815 2993 1147 3057 generaliter,
1194 2994 1290 3045 boc
1335 3002 1506 3045 tamen
1550 2996 1619 3046 de

558 3070 724 3120 oculis
745 3070 959 3120 dicitur.
994 3071 1144 3122 Iden.

623 3149 733 3210 Ego
776 3148 903 3209 limis
941 3149 1121 3212 specto]
1189 3142 1418 3198 Subaudi
1452 3149 1621 3198 oculis.

557 3241 657 3275 non
682 3226 891 3291 quidem
913 3226 1173 3287 oenjunctis
1191 3228 1255 3276 ad
1271 3225 1540 3290 flabellum,
1564 3234 1624 3275 ut

558 3304 715 3367 aliqui
756 3304 894 3367 apud
930 3304 1282 3367 Eugrapbinm
1321 3303 1620 3366 explicaut3

556 3382 647 3430 sed
663 3382 905 3443 paululum
925 3381 1083 3442 tortis,
1099 3389 1156 3429 ιιι
1172 3379 1256 3428 ιιΙίἱ
1269 3380 1475 3440 melius,
1493 3393 1624 3443 quon

557 3459 693 3506 limos
715 3457 871 3505 oculos
907 3457 1224 3505 amatoribus
1247 3456 1479 3506 vindieat
1502 3457 1624 3505 Liu-

557 3532 874 3596 denbrogius
900 3532 962 3580 ad
989 3532 1037 3580 h.
1059 3532 1095 3580 1.
1131 3533 1390 3582 Boeelerus.

623 3609 781 3659 Limis
820 3610 1003 3674 specto]
1063 3610 1142 3657 Ex
1184 3611 1414 3676 obliquo,
1456 3619 1621 3660 trans·

558 3703 710 3737 versa
737 3687 1006 3737 tuentibus
1023 3687 1205 3745 oculis,
1227 3695 1283 3736 et
1307 3687 1461 3737 limis.
1502 3689 1623 3737 Fur-

557 3764 746 3814 ιιιιὸἰιισ.

623 3846 685 3891 64
721 3841 807 3891 Sic
836 3856 925 3905 per
944 3842 1193 3907 flabellum
1212 3840 1499 3904 clanculum]
1535 3842 1622 3892 Sic

558 3916 786 3969 δεικτικὸν
807 3926 905 3991 εει,
942 3928 997 3967 ει
1033 3919 1326 3968 necessario
1363 3919 1618 3969 additum.

556 4013 676 4048 nam
718 4006 772 4047 et
807 3997 952 4060 limis,
995 4003 1052 4046 et
1088 4012 1175 4060 per
1207 3996 1467 4061 flabellum,
1506 3999 1621 4047 sine

556 4075 1000 4127 demonstratione
1054 4090 1236 4139 parum
1289 4075 1617 4139 intelligitur.

558 4153 797 4201 Donatus.

621 4235 684 4278 66
721 4231 970 4279 Pes-sulum
989 4229 1111 4279 ostio
1131 4230 1275 4294 obdo]
1316 4229 1539 4281 Scilicet
1563 4240 1620 4283 ut

559 4314 822 4384 amoveret
842 4314 1148 4371 arceretque
1176 4307 1425 4357 auxilium
1448 4308 1622 4374 Virgi-

1265 385 1482 433 1⁴01*AE
1532 384 1867 434 VARmRtJ
1882 387 1928 430 M
1984 387 2060 433 ΙΝ

1693 527 1793 577 uis.
1829 527 1980 577 Idem.

1755 610 1822 655 66
1872 605 2005 663 Quid
2049 610 2151 654 ιιιιιι
2198 604 2368 669 sutus]
2437 604 2580 656 Quid
2617 604 2753 654 enim

1690 688 1885 747 prater
1920 682 2101 732 vitium
2138 690 2397 745 superest,
2428 681 2516 731 ubi
2558 689 2758 732 amator

1691 765 1775 810 est
1791 759 2114 822 adolescens,
2150 767 2206 808 et
2244 760 2390 821 virgo
2418 759 2680 809 dormiens
2703 766 2760 809 et

1690 839 1923 888 inclusa?
1945 837 2110 887 Grate
2129 838 2393 901 explicata
2414 840 2644 888 narratio
2662 847 2763 899 eat,

1691 929 1844 980 quam
1889 913 2165 963 audientis·
2193 913 2468 963 curiositas
2521 913 2661 978 finit,
2703 922 2760 964 et

1692 990 1843 1054 cujus
1882 991 1932 1039 in
1967 999 2205 1040 extrema
2228 997 2376 1054 parte
2398 992 2561 1056 major
2584 999 2759 1042 atten-

1694 1065 1770 1116 tio
1791 1075 1889 1116 est.
1924 1067 2078 1116 Idem.

1763 1145 1894 1200 Quia
1934 1150 2034 1195 tam
2059 1144 2229 1207 sutae]
2262 1144 2483 1209 Antiqui
2520 1145 2643 1195 libri
2686 1146 2763 1195 bis

1693 1219 1908 1284 babent,
1944 1223 2094 1285 ιμιὲἀς
2139 1237 2255 1286 quoe
2303 1222 2567 1286 particula
2604 1225 2766 1285 gemi-

1694 1303 1816 1346 nata
1840 1297 2136 1347 necessaria
2164 1307 2220 1348 et
2257 1299 2430 1347 versui
2463 1300 2678 1349 videtur
2713 1308 2768 1349 et

1693 1377 1896 1425 sensui:
1929 1375 2225 1439 interrogat
2249 1376 2385 1425 enim
2410 1376 2632 1426 Chaerea
2656 1376 2766 1425 An-

1666 1451 1977 1515 ‘tipbonem,
2000 1465 2095 1501 cur
2115 1452 2231 1515 quid
2265 1457 2366 1502 tum
2402 1450 2772 1516 interrogarit,

1694 1527 1781 1593 qui
1808 1542 1900 1591 per
1922 1542 1976 1577 se
2001 1528 2114 1591 ipse
2146 1536 2353 1592 poterat
2376 1529 2499 1594 quid
2525 1540 2768 1588 secutum

1691 1611 1850 1664 esset,
1869 1604 2149 1669 conjicere.
2173 1605 2286 1670 lege
2308 1620 2435 1671 ergo
2457 1607 2555 1656 boc
2578 1609 2768 1658 modo:

1697 1681 1845 1743 Quid,
1888 1682 2001 1744 qaid
2043 1680 2181 1734 tum?
2219 1682 2382 1742 sutae.
2417 1685 2566 1748 quasi
2600 1684 2771 1747 dicat,

1694 1759 1819 1822 quid
1855 1760 1955 1809 sibi
1981 1761 2092 1810 vult
2115 1768 2260 1810 tuum
2284 1761 2445 1824 istud,
2468 1761 2593 1825 quid
2618 1764 2769 1812 tum?

1694 1835 1930 1886 Falernus.

1760 1912 1961 1976 Fateor]
1986 1914 2078 1963 Me
2102 1912 2304 1964 fatuum
2327 1915 2415 1979 qni
2432 1915 2529 1965 hoc
2549 1917 2775 1980 quaesie-

1696 1993 1811 2052 rim,
1833 1994 2163 2044 subauditur.
2199 1996 2439 2047 Donatus.

1758 2073 1841 2121 Διι
1881 2085 1970 2133 ego
2006 2072 2292 2121 occasionem
2326 2071 2447 2120 nzihi
2478 2076 2774 2122 ostentam

1694 2151 1899 2208 ιαιιιιιιιι,
1921 2154 2021 2197 tant
2041 2148 2245 2211 brevem,
2276 2153 2377 2197 tan
2396 2154 2628 2211 optatam,
2670 2154 2774 2199 tan

1694 2225 2001 2286 insperatam,
2053 2224 2348 2287 auritterem]
2391 2225 2528 2275 Vide
2572 2229 2776 2290 quauta

1695 2301 1918 2352 dixerit:
1958 2317 2060 2351 non
2102 2303 2446 2365 voluntatem,
2483 2302 2579 2352 aed
2614 2317 2773 2353 occa·

1694 2379 1918 2430 sionemz
1954 2393 2056 2429 non
2088 2378 2525 2441 animadversam,
2556 2380 2650 2429 sed
2691 2395 2774 2429 os-

1696 2462 1984 2506 tentatam:
2011 2470 2111 2506 uon
2132 2455 2284 2518 hanc,
2298 2455 2390 2505 sed
2407 2463 2640 2509 tantam:
2665 2472 2773 2508 non

1694 2541 1981 2597 angustam,
2020 2534 2110 2581 aed
2144 2533 2387 2582 brevem:
2425 2547 2527 2582 nou
2561 2536 2773 2597 appeti·

1696 2619 1822 2671 tam,
1861 2611 1954 2661 sed
1987 2618 2253 2674 optatamt
2288 2625 2388 2660 non
2422 2612 2773 2674 repentinam,

1695 2691 1784 2739 sed
1808 2690 2147 2752 insperatam.
2195 2689 2269 2737 Et
2290 2688 2425 2737 bene
2446 2688 2774 2752 ἱιιερειιιιιιιιιι

1694 2765 1839 2816 aliud
1862 2766 1998 2814 enim
2023 2763 2122 2813 sibi
2148 2763 2490 2827 promiserat3
2526 2772 2586 2813 ut
2607 2779 2773 2827 supra

1694 2844 1933 2898 diximus,
1956 2855 2057 2890 non
2074 2840 2213 2906 quod
2232 2840 2437 2906 pictura
2453 2843 2772 2908 occasioque

1696 2919 1967 2986 persuasit.
2004 2919 2156 2967 Idem.

1758 3001 1823 3047 68
1861 2996 1984 3046 'Pam
2017 2994 2096 3058 pol
2133 3007 2220 3056 ego
2250 2995 2313 3057 is,
2343 2994 2449 3059 ζα]
2487 2995 2772 3051 Eunuchus

1696 3074 1807 3124 scil.
1840 3074 1994 3126 Idem.

1765 3152 1863 3208 Qui
1904 3150 2185 3218 simulobnr]
2220 3152 2283 3202 Id
2325 3160 2428 3215 est,
2468 3152 2770 3203 Eunuchus.

1698 3228 1981 3279 Farnobium.

1762 3309 1827 3355 69
1861 3305 1988 3356 Sane
2022 3307 2174 3358 hercle
2208 3312 2263 3357 ut
2295 3306 2441 3370 dicis]
2473 3308 2665 3370 Deest,
2697 3309 2771 3356 ιἰιι

1697 3387 1787 3432 est.
1825 3384 2082 3432 Donatus.

1764 3459 1861 3508 Sed
1898 3459 2092 3508 interim
2122 3462 2181 3510 ds
2209 3460 2432 3525 symbolis
2462 3460 2577 3525 quid
2607 3467 2768 3511 actam

1698 3536 1793 3598 est]
1829 3536 1976 3584 Bene
1999 3551 2193 3586 memor
2215 3544 2299 3587 est
2323 3551 2579 3601 personae,
2615 3540 2766 3602 quani

1700 3613 1905 3662 induxit
1928 3612 2117 3675 Poeta,
2138 3628 2233 3678 per
2254 3615 2386 3663 banc
2404 3615 2769 3680 interrogatio·

1698 3704 1835 3739 nem.
1874 3691 2024 3739 Idem·

1762 3769 1860 3817 Sed
1880 3769 2074 3818 interim
2094 3772 2152 3819 de
2172 3770 2419 3834 symbolis]
2441 3773 2775 3835 Παροιμιῶδες,

1697 3844 1828 3895 ἀλλὰ
1850 3845 1955 3909 περὶ
1976 3847 2065 3895 τοῦ
2086 3845 2324 3911 χοιριδίον.
2360 3848 2512 3896 Idem.

1760 3925 1826 3971 6⁰
1867 3922 2020 3984 Frugi
2042 3923 2114 3987 es]
2150 3922 2305 3972 Utilis
2328 3930 2382 3972 et
2406 3924 2765 3974 necessarius:

1698 4004 1753 4046 ιιι
1779 3996 1953 4060 fruges
1976 3999 2196 4048 humano
2232 4000 2431 4063 generi.
2498 4001 2658 4062 Frugi
2682 4010 2765 4051 est

1695 4089 1840 4139 ergo,
1865 4075 1915 4123 in
1941 4092 2044 4139 quo
2068 4085 2145 4126 cst
2171 4076 2365 4141 aliquid
2387 4092 2489 4142 quo
2513 4075 2767 4140 fruamur,

1695 4152 1746 4201 id
1770 4161 1870 4215 est,
1892 4161 2113 4204 utamur.
2147 4155 2298 4205 Idem.

1768 4230 1898 4286 Ubi?
1927 4234 2133 4298 domine]
2183 4234 2391 4283 Satisne
2444 4233 2625 4296 inepte
2672 4233 2757 4283 bic

1696 4324 1954 4359 nonnemo
1999 4301 2204 4361 dubitat
2249 4310 2301 4360 in
2344 4310 2480 4360 hunc
2523 4310 2764 4361 modum?
