3035 4941
703 464 1066 514 TERENTII
1118 462 1453 514 EUNUOH.
1499 463 1666 513 Aer.
1700 465 1767 512 V.
1813 462 1919 512 SC·
1966 463 2075 512 lx.

175 595 182 604 ’
278 608 394 672 quia
416 608 685 659 invocatus
704 609 844 659 soleo
860 623 976 659 esse
991 607 1042 658 in
1061 606 1333 662 convivlo.'

275 684 534 736 Boeelms.

336 762 582 824 Invocato,
603 762 712 827 ξω]
743 761 995 827 Crobylus
1012 761 1149 826 apud
1169 760 1331 811 Atine-

272 850 445 888 naeum
468 838 562 888 lib.
584 853 647 888 n.
688 851 732 890 c.
758 844 805 889 l.
839 841 1120 902 parasitum
1144 837 1328 887 αὐτόσι-

271 931 355 963 τον
386 903 569 966 vocat.
597 916 733 980 quod
769 916 882 979 ipse
912 915 1049 965 ultro
1069 914 1138 964 ad
1159 915 1331 969 cibum

273 991 471 1062 veniat,
493 999 551 1042 et
570 1007 671 1042 nou
693 992 957 1044 invitatus.
1023 993 1329 1043 Dalecham.

270 1069 545 1131 Αὐτόματος
582 1069 720 1137 qnod
756 1075 941 1142 sponte
978 1069 1140 1118 venit.
1172 1068 1329 1118 Hom.

271 1147 556 1196 Parnasius.

333 1227 397 1273 3⁰
434 1224 516 1273 Do
522 1223 697 1289 fidem]
715 1222 863 1288 Juro,
883 1221 1152 1286 confirmo,
1173 1235 1327 1286 spon·

269 1300 386 1354 deo.
422 1302 666 1352 Donatus.
701 1312 728 1332 ³

334 1380 417 1428 Do
445 1379 601 1444 fidem
640 1381 714 1429 ita
738 1377 989 1442 suarum]
1022 1378 1326 1428 Delevimus

265 1448 552 1507 dictionem
593 1456 685 1521 ito,
725 1472 842 1522 quae
887 1457 939 1506 iu
978 1455 1232 1514 Bembino
1268 1461 1328 1507 et

263 1535 469 1599 aliquot
502 1534 613 1585 aliis
644 1534 789 1584 libris
824 1548 926 1584 non
960 1539 1058 1584 est.
1090 1535 1201 1585 sine
1224 1548 1328 1600 qua

262 1618 321 1662 et
345 1625 522 1661 versus
558 1618 613 1662 et
648 1625 825 1661 sensus
846 1610 1042 1677 optime
1063 1615 1323 1662 constant.

261 1690 503 1740 Faernus.

322 1770 594 1834 Accingar]
616 1772 736 1822 Non
761 1769 878 1835 quia
898 1767 1051 1820 facile
1070 1774 1168 1827 est.
1186 1768 1326 1834 quod

259 1849 481 1913 negavit
506 1856 681 1912 supra,
712 1847 804 1897 sed
834 1846 937 1897 suis
959 1847 1093 1898 votis
1117 1846 1324 1897 Parasi·

247 1919 347 1975 'tus
370 1924 628 1975 adductus
649 1930 732 1973 est
755 1923 820 1973 ad
844 1923 1181 1974 coenandum:
1207 1924 1324 1974 ideo

259 2007 320 2052 et
355 2001 599 2064 Accingor
628 2000 793 2051 dixit:
828 2001 901 2050 sic
934 2000 1071 2070 enim
1103 2000 1322 2051 dicimus

256 2077 311 2128 in
338 2079 541 2142 magnis
564 2078 715 2128 rebus
737 2076 1101 2142 suscipiendis,
1120 2082 1179 2127 ut
1193 2079 1209 2106 ‘
1224 2076 1326 2128 Ac·

257 2156 487 2220 cingunt
507 2170 683 2205 omnes
707 2154 892 2219 operi!
923 2155 1163 2204 Donatus.

324 2236 388 2282 31
426 2231 640 2295 Salate]
673 2231 906 2296 Supplex
939 2231 1050 2281 sine
1079 2230 1248 2296 gratia
1269 2235 1326 2281 et

253 2310 372 2359 sine
397 2310 602 2376 timore,
636 2309 789 2359 modo
811 2307 1048 2359 inimicus
1083 2315 1140 2359 et
1171 2307 1324 2358 infes-

253 2392 365 2437 tus.
395 2386 549 2436 Idem.

249 2472 252 2473 ’
329 2462 406 2513 Tu
415 2462 632 2523 fortasse
651 2462 901 2528 quaefacta
921 2463 998 2513 hic
1017 2462 1135 2525 sint,
1151 2461 1326 2527 nescis]

253 2539 382 2590 Hoc
402 2547 573 2591 totum
596 2540 823 2605 superbe
853 2555 915 2590 ac
951 2541 1225 2591 minaciter
1247 2541 1323 2591 in'²

256 2615 377 2682 quit
410 2615 747 2667 Adolescens.
781 2616 933 2666 Idem.

322 2696 390 2741 32
424 2691 560 2756 Seio]
594 2692 971 2756 Compendium
1014 2691 1219 2756 Poetae,
1253 2706 1326 2743 na

252 2782 439 2818 rursus
459 2768 641 2819 eadem
666 2766 983 2820 dicerentur.
1019 2767 1169 2821 Idem.

322 2845 610 2908 conspicor]
657 2846 938 2895 Commune
981 2844 1194 2895 verbum
1239 2850 1324 2896 est

255 2922 518 2985 conspicor.
550 2921 718 2971 Idem.
1239 2938 1242 2943 ¹

327 2997 391 3046 In
413 2996 509 3057 his,
530 2999 638 3062 δῖα]
669 2997 733 3047 In
755 2997 852 3046 hac
874 3003 1027 3061 parte
1059 2995 1221 3047 urbis.
1245 2995 1323 3046 di·

254 3075 579 3125 videbantur
602 3075 753 3125 urbes
773 3075 827 3124 in
849 3075 1101 3139 regiones,
1136 3081 1196 3123 ut
1223 3075 1320 3124 Ro·

253 3153 408 3202 main
428 3157 511 3203 14.
529 3152 783 3216 regiones.
817 3152 1037 3203 Athenis
1055 3152 1136 3202 hic
1150 3165 1323 3202 scena.

253 3231 710 3283 vide'Meursium.
742 3231 1025 3282 Far-nabin.

319 3313 385 3359 38
422 3307 759 3371 Vobisfretus]
781 3309 853 3358 Et
871 3309 972 3358 lioc
995 3307 1185 3379 stulte:
1211 3307 1333 3372 quis.

258 3386 399 3436 enim
431 3391 490 3436 et
523 3385 773 3435 rivalibus
798 3391 853 3434 et
874 3385 1096 3434 inimicis
1128 3383 1324 3434 fretum

258 3479 313 3515 se
352 3478 467 3514 esse
509 3462 685 3513 dicat?
751 3462 959 3512 Deinde
996 3461 1324 3526 ἀνακόλουθον,

257 3546 312 3589 et
344 3534 560 3591 vitiosa¹
586 3539 857 3604 responsio
902 3545 1001 3587 est.
1046 3540 1146 3588 nisi
1171 3530 1322 3588 ‘enim

256 3616 527 3668 addideris
550 3616 688 3680 Sum,
723 3615 822 3665 erit
854 3614 1173 3673 soloecismus
1202 3628 1323 3664 con-

256 3697 478 3745 veniens
508 3693 763 3760 loquenti,
798 3692 1030 3757 impolito
1052 3691 1242 3741 homiui
1267 3695 1324 3741 et

257 3772 432 3823 militi.
471 3772 715 3821 Donatus.

321 3848 457 3899 Sciu’
478 3864 619 3913 quom
637 3847 827 3910 fretus]
862 3846 959 3896 Est
979 3845 1045 3896 ab
1065 3844 1095 3874 ⁴¹
1118 3860 1182 3897 ea
1205 3845 1325 3897 sub·

258 3923 578 3975 audiendum
601 3932 701 3974 est.
735 3925 885 3974 Idem.
1287 3920 1290 3923 ’

322 4003 473 4053 Miles
494 4003 623 4053 edico
645 4002 757 4067 tibi]
794 4001 911 4051 Hoc
934 3999 1326 4062 contumeliose,

262 4085 317 4128 et
339 4081 552 4146 proprie
570 4086 628 4131 ut
647 4080 839 4130 Militiz
872 4080 888 4108 ⁴
916 4076 1108 4142 Miles,'
1133 4076 1324 4142 inquit,

264 4154 281 4179 ⁸
303 4156 452 4208 edico
476 4146 608 4208 tibi?
641 4157 793 4206 Idem.

333 4231 399 4278 ⁸4
426 4234 479 4282 Si
501 4239 548 4284 te
570 4234 624 4283 in
639 4235 799 4296 platea
817 4229 1054 4296 offendero
1071 4229 1183 4294 Ιιασ]
1204 4230 1325 4291 Hoc

2292 446 2465 514 1293

1406 602 1558 658 fores.
1594 606 1744 656 Idam

1471 683 1532 732 Si
1550 687 1598 733 te
1620 684 1668 732 in
1691 685 1849 747 platea
1869 681 1957 733 Ιιασ
1979 683 2238 748 offendero]
2265 685 2467 746 Ennius

1404 760 1629 809 Medea:
1661 760 1677 787 ‘
1708 760 1760 810 si
1803 768 1859 810 te·
1892 760 2120 810 secundo
2154 761 2341 810 lumine
2378 762 2463 810 bic

1405 835 1706 887 offendero!
1742 837 1880 901 apud
1901 839 2205 894 Ciceronem
2229 837 2282 886 in
2301 836 2462 887 Rabi-

1404 915 1565 964 riana.
1599 915 1863 965 Boeclenas.

1470 990 1615 1040 Nihil
1634 996 1708 1041 est
1728 994 1850 1055 quod
1865 990 2019 1053 dieas]
2041 990 2199 1054 Nihil,
2218 1005 2313 1054 pro
2328 999 2430 1041 non
2444 1006 2461 1040 ι

1402 1071 1463 1116 ιιι
1502 1068 1592 1129 sit,
1630 1082 1732 1117 non
1772 1075 1855 1118 est
1887 1068 2022 1131 quod
2055 1066 2199 1116 dicas
2221 1067 2372 1116 mihi:
2409 1067 2461 1116 id

1403 1147 1502 1204 est,
1525 1142 1655 1192 nihil
1677 1148 1758 1192 est
1779 1143 1916 1208 quod
1941 1142 2102 1200 dicas,
2121 1156 2217 1206 pro
2240 1150 2297 1192 ut
2319 1142 2461 1191 dieas

1402 1219 1544 1270 mihi.
1576 1228 1637 1269 ut
1661 1219 1745 1281 sit,
1765 1221 1905 1283 qnod,
1935 1234 2030 1283 pro
2052 1223 2139 1268 ut.-
2171 1227 2262 1269 aut
2291 1218 2467 1280 Quod,

1401 1312 1517 1363 pro,
1561 1298 1682 1363 quid
1726 1299 1869 1349 dicas
1905 1298 2049 1350 mihi.
2124 1298 2337 1352 Certum
2380 1307 2464 1347 est

1400 1380 1596 1439 autem,
1630 1376 1705 1426 sic
1727 1383 1933 1425 veteres
1955 1375 2154 1426 locutos
2191 1388 2323 1425 esse.
2358 1375 2461 1425 Dae

1399 1456 1558 1502 natus.

1465 1531 1528 1577 ³5
1561 1527 1726 1578 Alium
1746 1525 2030 1593 querebam]
2063 1525 2173 1576 Aut
2193 1527 2341 1576 ulium
2362 1541 2463 1590 pro.

1404 1603 1653 1660 Quendam
1693 1604 1901 1671 posuit:
1949 1609 2011 1653 ut
2047 1602 2130 1665 sit,
2162 1601 2180 1629 ‘
2204 1601 2462 1666 quendam

1398 1681 1733 1747 quaerebam,'
1798 1682 1851 1733 id
1908 1688 2012 1745 est,
2071 1680 2316 1745 aliquem.
2371 1688 2464 1731 aut

1397 1761 1565 1823 olium,
1603 1761 1700 1811 hoc
1740 1766 1839 1825 est,
1872 1773 1977 1809 non
2014 1772 2168 1823 quem
2194 1765 2250 1807 ιιι
2273 1765 2460 1823 putam

1398 1836 1496 1887 hoc
1533 1847 1630 1902 est,
1663 1838 1838 1900 alium,
1872 1851 1975 1887 non
1997 1834 2264 1893 Thaidem.
2294 1834 2387 1884 sed
2417 1835 2462 1884 si

1397 1916 1542 1964 oliam
1558 1914 1774 1977 diceret,
1795 1928 1964 1979 neque
1982 1910 2271 1972 commode,
2293 1926 2463 1984 neque

1398 1991 1616 2055 ἐμφόνως
1660 1992 1975 2056 loqueretur.
2026 1987 2279 2053 praevalet
2321 1989 2461 2037 enim

1398 2070 1742 2124 masculinum
1769 2082 1949 2131 genus.
1984 2066 2138 2116 Idem·

1463 2145 1673 2208 Per-isti]
1693 2144 1839 2195 Ordo
1856 2150 1957 2200 est,
1982 2148 2257 2207 postquam
2274 2140 2331 2190 in
2353 2141 2464 2204 pla-

1398 2227 1485 2272 tea
1508 2223 1602 2273 hac
1626 2230 1678 2273 te
1698 2219 1982 2283 offendero,
2013 2217 2211 2283 peristi.
2246 2216 2397 2265 Idem.

1463 2298 1522 2348 Sa·
1556 2299 1610 2349 in
1648 2300 1810 2362 platea
1852 2297 1939 2346 hac
1980 2300 2028 2345 te
2072 2292 2311 2360 offendero
2349 2298 2459 2355 post

1394 2391 1621 2441 unquam,
1662 2376 1785 2425 nihil
1825 2375 1950 2437 quod
1987 2372 2119 2422 dicas
2154 2369 2273 2421 milri
2290 2370 2467 2432 ,Alium

1395 2454 1676 2519 quaerebam,
1712 2455 1809 2504 im
1829 2453 1916 2503 hac
1936 2450 2095 2508 habui,
2129 2446 2323 2514 peristi]
2355 2447 2465 2498 Hic

1397 2524 1701 2582 adverbium
1750 2533 1891 2595 quod,
1923 2527 2189 2593 significat
2219 2526 2293 2588 id,
2324 2524 2466 2590 quod

1396 2608 1552 2673 vulgo
1576 2607 1810 2670 dicimus,
1843 2615 2087 2672 quantum
2123 2603 2189 2653 ad
2226 2601 2298 2651 id.
2318 2617 2393 2663 ‚ac
2417 2601 2463 2651 si

1396 2684 1633 2750 dixisset,
1662 2690 1909 2750 quantum
1948 2681 2014 2732 ad
2051 2680 2105 2730 id
2141 2678 2281 2746 quod
2315 2679 2461 2728 dicas

1396 2761 1542 2824 mihi,
1578 2762 1735 2811 alium
1774 2759 2090 2826 quaerebam,
2128 2758 2232 2807 iter
2253 2756 2351 2805 hac
2372 2753 2465 2804 ha-

1401 2839 1508 2901 bui,
1525 2838 1724 2903 peristi.
1743 2844 1804 2887 ut
1826 2837 1895 2886 sit
1910 2848 2119 2886 sensus:
2144 2831 2314 2901 omnia
2329 2831 2463 2891 haec,

1400 2917 1586 2982 quibus
1622 2922 1916 2981 praetexere
1953 2911 2152 2978 poteris
2180 2909 2467 2961 adventum

1399 2992 1499 3044 huc
1523 2999 1689 3055 tuum,
1727 2991 1854 3041 nihil
1877 2990 2163 3055 proderunt
2183 2986 2303 3049 tibi,
2340 2986 2465 3050 quin

1399 3069 1580 3136 statim
1626 3082 1830 3133 pereas.
1874 3065 2096 3119 eundem
2136 3063 2343 3114 modum
2388 3063 2461 3112 lo-

1400 3146 1595 3211 quendi
1624 3153 1681 3196 et
1715 3146 1767 3194 in
1789 3143 2046 3209 Adelphis
2070 3141 2228 3206 poeta
2250 3154 2471 3203 usurpa*

1398 3223 1497 3287 vit,
1530 3224 1546 3250 ‘
1570 3222 1647 3272 Ut
1675 3221 1729 3272 id
1753 3219 2104 3281 ostenderem,
2134 3216 2273 3281 quod
2299 3221 2350 3264 te
2374 3215 2463 3264 isti

1396 3298 1610 3349 facilem
1646 3305 1705 3348 et
1741 3296 1979 3347 festivum
2020 3298 2227 3360 putant,
2266 3291 2319 3342 id
2359 3306 2470 3341 non

1398 3374 1510 3425 fieri
1549 3389 1617 3425 ex
1646 3389 1770 3425 vera
1804 3370 1947 3422 vita!
1977 3371 2104 3421 item
2127 3383 2284 3418 scena
2303 3382 2465 3432 supra

1400 3452 1545 3502 dicta
1589 3457 1734 3502 actus
1776 3449 1948 3516 quarti
1989 3446 2242 3511 septima:
2278 3446 2294 3474 ‘
2326 3446 2467 3505 Sane

1399 3530 1538 3597 quod
1574 3530 1668 3580 tibi
1689 3542 1829 3578 nunc
1857 3526 1939 3576 vir
1963 3525 2202 3575 videatur
2224 3536 2337 3572 esse
2359 3522 2464 3583 hic,

1397 3610 1588 3660 nebulo
1617 3619 1834 3673 magnus
1869 3601 1989 3654 est?
2056 3602 2140 3651 Ita
2179 3614 2357 3649 versus
2381 3606 2467 3648 est

1399 3679 1697 3737 trochaicus
1716 3679 2167 3746 expeditissimus:
2191 3676 2387 3741 pariter
2407 3682 2469 3723 et

1399 3778 1642 3829 sequens.
1699 3762 1754 3810 in
1797 3773 1898 3824 quo
1943 3762 2121 3806 tamen
2164 3753 2218 3801 in
2269 3751 2467 3823 peristi,

1403 3840 1761 3905 paenultimam
1788 3838 1825 3898 i,
1842 3835 1894 3884 in
1918 3831 2186 3883 scansione
2205 3828 2465 3892 geminan-

1400 3920 1523 3969 dum
1548 3924 1646 3971 est.
1682 3915 1918 3966 Faernus.

1464 3990 1588 4059 Eia]
1621 3992 1890 4044 Interdum
1913 3984 2171 4038 hortantis
2206 3989 2303 4032 est.
2340 3995 2466 4045 ergo

1400 4088 1538 4123 nunc
1557 4072 1634 4123 eia
1651 4067 2031 4120 correctionem
2048 4058 2322 4126 significat.
2363 4058 2469 4107 Do-

1399 4155 1559 4276 natanti,
1569 4226 1626 4274 N
1624 4240 1682 4274 on
1703 4234 1927 4285 cognosco
1949 4220 2158 4267 vestrum
2183 4219 2283 4263 tam
2302 4225 2464 4275 super-

271 4311 373 4363 est.
418 4305 472 4355 si
523 4311 603 4359 νει
649 4324 773 4360 casu
813 4307 1079 4358 invenero.
1160 4308 1230 4356 Et
1272 4306 1332 4355 in
1403 4302 1533 4366 bum]
1568 4300 1788 4352 Locutio
1824 4291 2152 4359 annotanda:
2187 4290 2315 4340 mire
2354 4290 2465 4351 ἔπη-γ

269 4382 446 4450 Platea,
478 4383 666 4450 inquit,
700 4401 805 4436 aon
844 4386 984 4445 circa
1025 4383 1327 4435 Meretricis
1404 4379 1573 4442 davit,
1595 4383 1654 4428 ut
1677 4371 1993 4441 persuadere
2015 4366 2288 4444 potuisset.
2348 4362 2467 4431 νας-ξ

2504 4430 2551 4445 ν
