3035 4941
524 375 763 466 '1366

1299 415 1515 466 NoTAE
1543 415 1967 496 ‘vammum
2004 420 2097 469 ‘m

588 558 716 608 mibi
737 555 772 619 ς’
804 570 923 622 spes
946 563 1063 608 erat
1084 557 1193 610 sola
1212 573 1336 618 ares
1358 560 1527 610 adbuc
1552 559 1652 610 dif-
1726 559 1884 612 reim
1897 561 2164 627 φυλάσσειν
2175 564 2669 632 βοολόμενος,κατὰτδ
2678 566 2767 630 χεῖ-

587 634 874 696 ferebatnr.
933 633 1179 685 Nondum
1201 636 1337 687 enim
1361 637 1651 704 Antiphilae

590 718 746 779 pater
767 711 1017 762 Chremes
1040 721 1225 763 auctor
1256 714 1333 764 his
1369 716 1524 765 rebus
1545 715 1652 767 fac-

591 795 679 839 tus
700 794 834 838 erat.
899 788 1054 840 Quod
1079 788 1196 840 ideo
1215 792 1530 841 monendum
1552 798 1653 856 est,

588 864 711 930 qnia
747 864 1068 915 eruditorum
1102 867 1298 931 aliquos
1329 870 1383 917 iu
1428 867 1655 919 συστάσει

587 944 684 996 τᾶν
704 940 993 1005 πραγμάτων
1012 943 1290 994 obhaesisse
1319 945 1491 996 video.
1540 946 1654 997 Βω-

654 1100 722 1148 42
755 1096 853 1148 Sed
871 1097 994 1146 illud
1014 1099 1138 1160 quod
1157 1097 1251 1148 tibi
1279 1099 1389 1149 dim·
1408 1102 1468 1152 de
1485 1115 1656 1164 orgen·

589 1171 663 1235 to]
716 1173 981 1236 Depulsus
1030 1186 1112 1237 eo,
1164 1173 1302 1238 quod
1346 1176 1656 1239 agitaverat,

590 1249 810 1299 consilio
851 1248 1035 1313 Syrus,
1077 1248 1181 1300 alio
1237 1253 1410 1302 vertit.
1476 1254 1657 1303 Voluit

591 1324 728 1374 enim
763 1323 931 1375 Poe‘ta
962 1325 1019 1375 in
1050 1326 1150 1377 hoc
1183 1328 1450 1392 praecipne
1482 1343 1658 1394 servo,

590 1403 1097 1467 extemporalitatem
1138 1405 1562 1457 comminiscendi
1597 1422 1659 1458 ac

585 1477 865 1535 fraudandi
906 1480 1198 1532 ostendere.
1262 1482 1367 1533 Sed
1420 1484 1474 1534 in
1525 1500 1660 1536 nova

586 1557 689 1607 bac
712 1556 913 1621 fraude,
934 1560 1272 1624 exceptiones
1286 1561 1443 1626 juris,
1472 1563 1658 1628 quibus

591 1632 671 1685 uti
694 1640 906 1697 poterat
927 1627 1194 1699 Chremes,
1215 1646 1441 1704 occupat
1473 1641 1658 1705 Syrus,

592 1716 753 1774 atque
784 1708 916 1761 adeo
939 1711 993 1761 iu
1031 1714 1128 1763 boe
1161 1715 1321 1765 etiam
1357 1718 1658 1770 calliditatis

592 1798 703 1837 ωε
724 1786 987 1851 specimen
1013 1789 1142 1840 edit.
1209 1791 1549 1856 Comparavit
1570 1795 1658 1844 illa

593 1873 712 1914 cnm
758 1864 883 1927 jure
955 1868 1096 1918 civili
1151 1868 1391 1922 Romano
1439 1874 1659 1924 eximius

587 1942 895 1994 Schroterus
930 1952 1121 2008 noster,
1144 1946 1198 1995 in
1239 1948 1374 1999 bunc
1412 1951 1653 2001 modum:

587 2017 845 2069 ‘Poterat
888 2020 1141 2071 Chremes
1186 2023 1383 2088 dicere,
1429 2029 1658 2093 Lquod

592 2091 792 2146 factum
849 2097 1072 2146 alienum
1130 2099 1230 2149 sibi
1286 2116 1387 2152 non
1437 2104 1660 2157 deberet

592 2170 837 2222 damnum
863 2171 1076 2238 inferre,
1111 2176 1147 2225 l.
1168 2190 1309 2228 xxv.
1332 2181 1359 2243 §
1382 2185 1428 2229 1.
1467 2179 1533 2230 ad
1557 2182 1658 2235 SC.

590 2246 819 2299 Trebell.
839 2264 956 2300 cum
974 2250 1100 2300 nihil
1111 2256 1364 2305 commodi
1384 2256 1577 2307 exinde
1592 2259 1657 2309 ad

591 2337 650 2373 se
672 2325 991 2390 redundarit,
1015 2328 1236 2393 ideoque
1258 2347 1353 2382 sua
1376 2347 1477 2382 non
1502 2335 1661 2385 inter·

592 2400 680 2451 sit.
746 2405 797 2452 2.
831 2403 1003 2454 Multo
1046 2405 1214 2456 minus
1256 2408 1569 2474 dici'posse,
1606 2428 1662 2462 se

594 2479 770 2537 exillo
792 2489 1065 2533 contractu
1097 2489 1278 2551 teneri,
1301 2504 1418 2539 cum
1453 2491 1551 2542 sibi
1582 2493 1660 2543 ni·

594 2554 669 2604 bil
692 2554 873 2606 datum
904 2558 990 2622 sit,
1025 2561 1162 2624 quod
1186 2569 1361 2615 tamen
1384 2565 1438 2616 in
1462 2576 1661 2634 mutuo,

594 2638 782 2694 utpote
804 2633 857 2683 iu
891 2642 1162 2688 contractu
1185 2641 1333 2704 reali,
1357 2644 1660 2708 requiritur.

592 2711 644 2758 8.
682 2709 797 2759 Nec
819 2725 877 2760 se
894 2713 1170 2766 mandante
1191 2717 1247 2766 id
1265 2717 1463 2770 factum
1480 2720 1659 2775 fuisse.

597 2784 736 2835 Quin
761 2786 863 2837 imo
884 2792 937 2839 4.
960 2791 1121 2843 invito
1145 2795 1317 2858 potius
1341 2804 1396 2848 et
1418 2799 1661 2864 ignorau-

594 2864 667 2909 te.
716 2859 967 2930 Adeoque
989 2869 1155 2932 ipsam
1177 2874 1659 2939 oppignoratiouem

594 2936 872 2990 invalidam
897 2955 1045 3008 esse;
1087 2961 1203 2997 cum
1237 2964 1321 3000 res
1355 2953 1526 3004 aliena
1548 2957 1660 3007 sine
1695 2950 1698 2963 “

595 3020 852 3066 consensu
875 3017 1066 3070 domini
1099 3038 1200 3074 non
1226 3028 1395 3090 possit
1425 3029 1663 3097 obligari,

592 3094 631 3142 1.
655 3106 694 3143 1.
718 3095 781 3145 C.
799 3096 843 3145 si
865 3111 948 3149 res
965 3099 1132 3151 aliena
1154 3102 1298 3167 pign.
1320 3113 1374 3156 et
1398 3116 1662 3171 praeterea

590 3169 726 3220 liber
749 3172 899 3223 bomo
921 3175 991 3226 sit
1013 3190 1079 3226 ex
1109 3178 1171 3227 iis
1194 3181 1369 3245 rebus,
1388 3198 1506 3248 quae
1531 3198 1660 3235 nex-

594 3261 678 3295 um
719 3261 823 3298 non
861 3252 1140 3317 recipiunt.
1171 3255 1208 3305 l.
1233 3270 1314 3308 v1.
1337 3259 1398 3310 C.
1430 3275 1549 3326 quae
1565 3276 1658 3313 res

594 3322 800 3387 pignor.
823 3325 953 3376 obt.'
1017 3327 1175 3379 Adde
1195 3332 1476 3399 Eugrapbii
1498 3351 1657 3389 anno-

592 3399 862 3453 tationem.

601 3478 607 3488 ‘
656 3474 742 3526 Ad
775 3479 887 3529 haec
910 3480 1084 3531 omnia
1113 3487 1331 3549 opponit
1363 3489 1527 3554 Syrus
1548 3492 1657 3541 vul·

592 3559 771 3616 gatum
811 3555 951 3606 istud
977 3575 992 3608 ε
1046 3561 1063 3588 ‘
1081 3561 1179 3612 Jus
1219 3574 1470 3617 summum
1514 3583 1658 3634 saepe

592 3644 793 3681 summa
815 3638 898 3682 est
931 3635 1166 3688 malitia.'
1229 3639 1312 3690 Ad
1331 3643 1471 3707 quod
1494 3646 1660 3698 multa

593 3710 860 3772 congessit
891 3711 1154 3767 Weitzius.
1177 3717 1210 3766 i.
1235 3732 1282 3769 e.
1320 3735 1351 3769 a
1376 3721 1498 3784 jure
1524 3734 1660 3771 sum-

592 3798 677 3834 mo
697 3787 762 3836 ad
780 3790 1081 3854 aequitatem
1094 3793 1287 3844 invitat
1309 3796 1658 3857 Chremetem,

593 3876 709 3926 quae
754 3869 837 3913 est
878 3868 1091 3930 propria
1125 3868 1375 3920 bonorum
1428 3872 1659 3925 virorum

589 3937 716 3987 lans.
803 3940 1124 4006 AEquitatem
1184 3955 1358 3997 autem
1418 3947 1660 4013 designat

589 4012 906 4066 Aristoteles
936 4020 1104 4071 Ethic.
1127 4032 1181 4072 ν.
1207 4024 1392 4073 summi
1417 4024 1555 4089 juris
1581 4041 1658 4076 re·

587 4091 870 4142 missione:
904 4102 960 4145 et
999 4097 1164 4147 virum
1209 4114 1434 4165 aequum,
1466 4101 1552 4153 τὸν
1592 4103 1658 4165 μὴ

587 4165 934 4232 &amantiorem
944 4171 1020 4221 ἐπὶ
1034 4172 1092 4222 τὸ
1103 4176 1280 4240 χεῖρονε
1306 4176 1413 4227 Ubi
1424 4178 1658 4230 Michae'l

589 4245 885 4310 Ephesius:
926 4248 1032 4299 ’nuel
1051 4248 1110 4299 rb
1128 4250 1291 4316 χεῖρόν
1313 4252 1442 4304 ἐστιν
1470 4255 1658 4328 ἀκριβο·

590 4322 761 4375 δίκαιος
788 4326 828 4374 ὁ·
845 4324 910 4377 τὰ
944 4325 1247 4392 νγραμμένα
1279 4328 1332 4379 ἐν
1371 4331 1472 4382 τοῖς
1502 4330 1657 4394 vastus

1731 657 1813 704 pov
1831 639 2151 703 ἐξηγούμενος.
2185 643 2338 693 Idem.
2495 687 2498 690 .

1793 722 1858 768 43
1895 721 2034 775 Quod
2066 720 2158 770 tibi
2178 721 2603 785 dixideargcato]
2633 720 2769 774 Quod

1731 810 1889 860 snpra
1907 811 2001 847 nos
2021 798 2266 863 diximus,
2285 808 2346 850 ut
2376 807 2593 850 eventus
2612 800 2771 863 imple·

1731 880 1815 923 ret
1851 874 2247 939 consilium‚hic
2283 890 2424 929 nunc
2445 875 2681 927 conficit:
2716 878 2772 926 si·

1729 950 1938 1016 quidem
1984 956 2165 1015 postea
2216 953 2393 1017 puella
2432 953 2642 1018 cognita
2680 959 2767 1013 est,

1737 1040 1836 1091 pro
1855 1042 1959 1093 qua
1990 1028 2102 1093 jaim
2125 1028 2336 1080 debitor
2360 1029 2601 1079 Chremes
2622 1029 2773 1079 factas

1732 1110 1832 1168 est,
1866 1113 1982 1155 cum
2012 1111 2219 1168 constet
2250 1120 2366 1156 eam
2406 1105 2666 1156 arrabonis
2700 1119 2778 1155 no·

1731 1181 1870 1231 mine
1909 1181 2052 1245 apud
2098 1182 2432 1234 meretricem
2470 1184 2775 1235 collocatam.

1732 1258 2055 1321 Eugraphias.

1743 1359 1748 1366 ·
1794 1337 1868 1384 44⁴
1895 1334 2066 1398 Neque
2083 1339 2158 1393 tu,
2179 1333 2288 1399 ξω]
2320 1335 2578 1386 Occurrit
2597 1335 2775 1386 vetera·

1733 1416 1818 1461 tor
1840 1425 2023 1461 servus
2045 1411 2129 1475 iis,
2165 1427 2282 1477 quai
2321 1417 2537 1476 poterat
2556 1412 2775 1462 Chremes

1732 1488 1965 1553 objicere
1988 1495 2044 1540 et
2065 1488 2405 1553 respondere.
2442 1489 2720 1542 Fambius.

1795 1569 1859 1616 45
1899 1566 2034 1622 Quid
2053 1564 2179 1629 mea]
2194 1564 2334 1619 Quid
2355 1573 2477 1617 mea
2498 1564 2690 1615 refert?
2714 1560 2777 1614 Id.

1799 1642 1935 1692 Num
1977 1642 2098 1692 mvii
2132 1642 2321 1707 datum]
2367 1642 2512 1693 Sane
2566 1640 2777 1691 domiuus

1731 1718 1828 1768 bac
1869 1718 2211 1783 responsione
2258 1720 2335 1769 nti
2373 1725 2581 1783 posset,
2602 1724 2657 1769 ut
2690 1729 2775 1766 non

1733 1794 1984 1845 redderet
2015 1802 2304 1859 argentum.
2341 1795 2478 1846 rsed
2502 1807 2674 1845 servus
2689 1793 2777 1842 cal·

1730 1870 1867 1920 lidus
1902 1872 2165 1922 occurrit=
2203 1875 2309 1922 n'on
2345 1878 2501 1936 potes
2535 1870 2703 1922 dicere
2721 1870 2777 1919 is·

1734 1947 1846 2005 tud,
1869 1962 1973 1998 non
1995 1954 2049 1999 te
2068 1951 2359 2013 accepisse,
2380 1963 2554 2016 neque
2564 1949 2777 2015 jussisse.

1733 2033 1902 2089 neque
1934 2023 2099 2075 invito
2135 2024 2299 2076 filiam
2338 2029 2777 2094 oppignorarepo·

1736 2100 1917 2152 tuisse.
1944 2101 2274 2165 Eugraphiioe.

1797 2181 1864 2228 48
1896 2177 2258 2243 semmam]
2290 2179 2353 2230 Id
2387 2182 2536 2232 enim
2559 2179 2688 2247 qood
2703 2178 2779 2229 da·

1735 2260 1847 2306 tum
1869 2262 1971 2319 est,
1989 2257 2164 2323 utique
2187 2257 2518 2310 reddendum
2538 2266 2638 2318 est.
2687 2254 2780 2306 sed
2825 2263 2826 2268 ’

1728 2330 1853 2395 jure
1874 2340 2082 2383 cantum
2100 2340 2200 2399 est,
2224 2342 2285 2384 ut
2311 2334 2424 2385 filia
2445 2334 2691 2402 quidquid
2712 2347 2779 2382 ac·

1736 2408 1913 2474 eeperi
1922 2415 1961 2472 t,
1981 2411 2073 2461 ‘vel
2105 2409 2229 2462 filiae
2250 2412 2469 2462 nomine
2490 2412 2666 2464 datum
2686 2408 2781 2460 fue·

1736 2486 1826 2550 rit,
1850 2501 1968 2552 qnae
2002 2486 2057 2536 in
2079 2486 2276 2539 familia
2297 2496 2400 2553 est,
2420 2504 2526 2539 non
2552 2496 2691 2540 recte
2704 2485 2779 2536 ds·

1737 2570 1850 2614 tum
1893 2563 2155 2615 videatur.
2217 2564 2409 2631 Itaque
2449 2566 2780 2633 equitassem,

1735 2647 1795 2690 ut
1840 2641 2071 2691 debitum
2106 2643 2238 2693 solvi
2276 2643 2504 2707 debeat3
2524 2646 2612 2708 jus
2641 2645 2779 2693 estut

1732 2716 1808 2766 sic
1828 2716 2008 2767 datum
2050 2719 2322 2770 reddatur.
2381 2720 2493 2770 Sed
2525 2722 2613 2771 ille
2630 2716 2781 2769 reniti·

1736 2800 1821 2841 tur
1841 2807 1871 2841 a
1915 2807 2072 2844 causa
2103 2793 2241 2859 quod
2276 2809 2382 2844 non
2422 2797 2635 2860 debeat,
2652 2803 2702 2845 et
2729 2790 2781 2841 fit

1735 2870 2093 2920 controversia
2113 2886 2181 2919 ex
2203 2873 2431 2934 negotio.
2469 2875 2620 2924 Idem.

1803 2946 2050 2998 Summum
2073 2949 2184 3013 jus]
2215 2949 2390 3012 Vulgo
2415 2948 2627 3014 dicitur,
2663 2943 2780 2999 ‘Qui

1735 3024 1855 3089 plus
1874 3033 2069 3089 potest,
2087 3027 2234 3091 pejus
2251 3026 2410 3076 facit!
2448 3028 2600 3078 Idem.

1800 3101 1899 3152 Jus
1933 3103 2189 3167 summum]
2223 3103 2403 3166 Rigor,
2428 3109 2492 3154 ut
2513 3109 2779 3163 vocant,ex

1745 3180 1917 3237 verbis
1946 3180 2104 3244 juris,
2126 3194 2229 3230 non
2266 3194 2332 3228 ex
2364 3185 2543 3229 mente
2564 3187 2618 3228 et
2648 3188 2778 3227 sensu

1738 3256 1851 3320 ejus
1905 3256 1995 3322 qui
2048 3256 2280 3319 scripsit.
2355 3257 2372 3284 ‘
2410 3256 2674 3306 Summum
2703 3251 2778 3316 jus

1735 3345 1933 3382 summa
1965 3339 2049 3382 est
2070 3329 2322 3395 injuria.’·
2375 3333 2525 3384 Citat
2557 3333 2663 3382 Cic.
2689 3329 2723 3379 l.
2746 3341 2781 3377 r.

1738 3409 1807 3460 de
1843 3407 2001 3462 Offic.
2067 3411 2240 3463 ‘Nam
2275 3406 2535 3464 summum
2561 3411 2646 3475 jus
2669 3405 2778 3457 anti·

1738 3487 1826 3553 qui
1846 3487 2102 3551 putabant
2119 3502 2371 3539 summam
2388 3488 2635 3539 crucem?
2687 3487 2779 3536 co·

1735 3564 1933 3617 lumell.
1964 3565 2177 3629 Prolog.
2202 3567 2239 3616 l.
2258 3579 2361 3617 vu.
2421 3565 2484 3616 Ὀ
2504 3567 2544 3615 δ’
2565 3560 2779 3630 ‹spor-tois

1734 3640 1901 3703 νόμους
1926 3640 2045 3692 Δίαν
2073 3641 2289 3707 ἀκριβῶς,
2311 3643 2612 3706 συκοφάντης
2639 3639 2777 3705 φαῖνε·

1733 3738 1827 3770 ται.
1862 3721 2178 3771 Menander.
2211 3721 2496 3770 Far-nobitas.

1798 3798 1895 3847 Jus
1911 3813 2143 3848 summum
2153 3812 2281 3862 soepe
2301 3812 2484 3848 nmmo
2505 3804 2579 3847 est
2595 3792 2777 3856 mania]

1735 3872 1873 3925 Gall.
1898 3874 2123 3932 Chimo,
2143 3873 2381 3936 injustia.
2448 3868 2702 3924 Cicereia
2718 3867 2774 3917 de

1736 3948 1942 4000 Officiis
1988 3951 2005 3978 ‘
2025 3950 2342 4001 Malitiosam
2367 3951 2516 4015 juria¹
2537 3950 2772 4010 interpre-

1734 4028 1987 4078 tationem
2003 4028 2018 4052 ’
2040 4035 2214 4080 vocat.
2269 4030 2305 4081 J
2310 4029 2570 4094 urisperiti
2593 4025 2773 4078 Calum-

1731 4104 1867 4154 niam
1890 4105 2147 4154 interdum
2171 4113 2378 4157 vocant.

1794 4186 1859 4230 50
1896 4182 2073 4231 Omnes
2107 4188 2157 4232 te
2187 4179 2240 4231 in
2276 4181 2429 4246 lauta]
2464 4182 2583 4233 Hoc
2611 4194 2640 4229 a
2671 4190 2770 4244 per·

1731 4255 1857 4306 sona
1874 4257 2177 4320 persuadet,
2196 4259 2371 4322 potius
2393 4257 2611 4311 reddere
2633 4265 2766 4321 qnam

1731 4346 1946 4398 negare.
1971 4334 2295 4400 Bag-repleius.
2389 4344 2392 4351 ’
