3035 4941
552 404 729 470 1658

623 563 894 626 Pet-fecero]
932 563 1040 613 Pro
1057 562 1317 627 perficiam.
1361 562 1531 613 Idem.

522 675 537 681 »
622 642 825 707 Inepeis]
861 642 935 689 Ut
965 656 996 689 a
1034 641 1285 703 sapientia,
1318 642 1446 703 sapis
1488 640 1622 689 dici·

558 736 688 782 mus,
709 721 781 769 ita
806 720 872 767 ab
894 718 1093 782 ineptia,
1115 717 1302 780 ineptis.
1338 717 1501 766 Idem.

624 799 740 847 Siue
758 795 917 858 modo]
952 796 1084 845 Haec
1105 795 1346 844 minantis
1364 800 1483 843 sunt
1505 806 1618 842 ver-

561 875 645 925 ba.
689 881 745 924 et
781 876 930 923 bene.
964 872 1193 921 imitatus
1216 880 1298 920 est
1319 872 1455 922 enim
1479 883 1648 920 coms

561 952 861 1000 minantem.
896 950 1049 999 Idem.

619 1033 682 1079 75
723 1028 847 1076 mas
866 1032 937 1076 est
952 1029 1203 1076 damnatus
1212 1032 1406 1087 gnatas,
1426 1040 1520 1074 non
1542 1024 1621 1087 tu]

562 1105 720 1155 Ludit
740 1104 983 1153 Phormio
1006 1119 1161 1168 quum
1185 1103 1332 1166 dicit,
1345 1119 1435 1153 non
1455 1109 1509 1152 tu
1525 1121 1543 1153 .·
1566 1109 1622 1152 et

561 1180 1086 1244 contemptibiliorem
1119 1180 1170 1227 in
1205 1181 1298 1228 hac
1326 1194 1485 1228 causa
1522 1178 1623 1228 sibi

560 1271 759 1319 senem,
794 1272 944 1322 qnam
971 1254 1320 1321 Antiphonem
1342 1255 1523 1319 fuisse,
1545 1255 1622 1304 di-

562 1334 637 1383 cit
665 1350 678 1383 z
725 1333 976 1397 simulque
1001 1339 1209 1382 aetatem
1233 1332 1372 1382 illius
1396 1346 1509 1381 esse
1534 1332 1622 1380 de-

564 1419 815 1476 spectam.
849 1411 999 1459 Idem.

625 1487 753 1536 Τωιε
765 1491 836 1535 est
852 1489 1100 1535 damnatus
1109 1490 1304 1547 gnatus,
1315 1501 1408 1535 non
1423 1484 1499 1548 tu]
1517 1486 1625 1534 Pro

565 1563 835 1612 voluntate
873 1561 1236 1611 contendentis
1279 1569 1363 1611 est
1388 1561 1625 1626 'prolatio

566 1640 863 1689 sententiae.
904 1640 1054 1689 Idem.

631 1718 698 1763 76
732 1714 862 1763 Nam
896 1721 980 1764 tua
1008 1717 1116 1776 J‘am
1148 1716 1447 1779 preter-ierat
1478 1715 1628 1765 uddu-

565 1792 764 1840 eendum
783 1790 923 1853 oetas]
959 1791 1147 1841 Notati
1187 1800 1242 1841 et
1276 1792 1374 1841 hoc
1414 1792 1630 1855 poterit,

568 1868 917 1932 praeterierat,
939 1882 1051 1931 pro,
1060 1869 1170 1929 jam
1185 1870 1357 1918 dudum
1372 1868 1629 1931 μνεία-ἐϋ.

566 1942 733 2006 Cujus
757 1945 830 1993 rei
847 1944 977 1993 bene
994 1945 1154 1992 multa
1172 1942 1311 2007 apud
1330 1943 1627 1992 Sallustium

569 2020 828 2083 exempla,
850 2025 908 2067 ut
931 2025 983 2068 et
1008 2019 1147 2082 apud
1166 2020 1430 2070 Plautum.
1453 2019 1626 2069 Faber.

634 2098 697 2144 77
732 2095 880 2143 Illum
908 2098 1098 2157 putato,
1125 2109 1228 2157 quoe
1248 2109 1335 2156 ego
1353 2110 1475 2143 naue
1501 2094 1626 2157 dieo,

564 2171 748 2235 dicere]
773 2170 1058 2221 Definitive
1076 2171 1364 2235 respondit.
1387 2174 1628 2222 Donatus.

636 2248 803 2312 mum]
836 2247 1026 2298 Natum
1050 2261 1238 2297 meum.
1281 2248 1411 2299 Mer.
1448 2248 1627 2296 Casuu-

636 2406 700 2451 78
738 2402 857 2451 Cum
878 2416 1023 2451 uxore
1041 2400 1152 2464 hac]
1185 2401 1249 2451 Id
1269 2407 1369 2467 est,
1385 2401 1494 2450 tali.
1525 2402 1629 2451 Do'·

570 2485 733 2530 natm.

637 2560 703 2604 79
740 2554 859 2604 Νι
879 2555 1007 2604 idem
1043 2554 1209 2604 melius
1226 2553 1430 2618 seceris]
1461 2555 1631 2605 Locus

570 2640 656 2681 est
676 2630 778 2693 hic,
792 2637 854 2679 ut
870 2630 1110 2680 ostendat
1128 2630 1393 2692 Phormio,
1407 2630 1472 2680 de
1491 2645 1631 2680 com·

572 2713 731 2772 pacto
752 2705 923 2769 egisse
946 2720 1062 2755 cnm
1083 2704 1400 2769 Antiphone.
1424 2708 1578 2758 Idem.

643 2785 762 2833 Tute
781 2783 906 2832 idem
917 2783 1288 2847 meliusseeeris]
1311 2783 1533 2836 Quidam
1557 2784 1633 2834 sic

573 2860 894 2924 intelligunt,
905 2861 1038 2909 Tute
1061 2859 1198 2909 idem
1222 2861 1402 2909 melius
1423 2859 1635 2922 feceris,

572 2944 643 2988 ut=
672 2952 831 2987 senex
868 2937 1041 3001 potius
1079 2943 1258 2998 exeat,
1281 2951 1431 3002 quam
1453 2936 1636 3003 ejiciat

571 3014 755 3064 filium.
825 3013 1124 3064 Artificiose
1179 3019 1354 3063 autem
1405 3015 1636 3079 loquitur

573 3091 845 3152 Phormi05
863 3097 923 3140 ut
944 3090 1140 3139 adimat
1156 3089 1497 3153 suspicionem
1522 3089 1635 3139 seni

570 3166 926 3216 consensionis
959 3174 1016 3217 et
1054 3166 1364 3216 cohibentiae
1386 3166 1524 3217 inter
1546 3181 1635 3231 pa-

576 3242 794 3292 rasitum
818 3249 873 3292 et
891 3241 1074 3293 filium.
1108 3244 1262 3292 Idem.

645 3319 766 3367 Tute
786 3318 913 3367 idem
930 3318 1100 3367 melius
1108 3318 1305 3383 seceris]
1343 3316 1405 3366 In
1428 3318 1636 3368 Donato

576 3410 678 3445 non
719 3394 990 3459 jungenda
1036 3396 1345 3459 junguntur.
1408 3395 1528 3443 vide
1582 3400 1638 3444 et

578 3472 863 3536 Guyeturu.
896 3488 958 3521 ac
992 3473 1163 3522 obiter
1197 3471 1416 3522 emenda
1454 3472 1636 3522 Dona·

577 3555 729 3608 tum;
770 3549 908 3610 apud
943 3562 1097 3612 quem
1135 3548 1217 3597 hic
1249 3548 1426 3611 legas:
1458 3546 1637 3598 ‘Arti-

575 3621 757 3672 ficiose
795 3629 966 3671 autem
1000 3623 1228 3687 loquitur
1266 3624 1533 3683 Phormio,
1578 3630 1639 3674 ut

540 3697 774 3749 ‚adimat
811 3699 1154 3762 suspicionem
1190 3702 1304 3750 seni
1339 3700 1637 3751 consensio-

578 3773 659 3823 nis
684 3782 741 3823 et
780 3772 1160 3822 conhibentiae’
1195 3774 1336 3840 (lege
1363 3777 1638 3825 couvenien-

571 3848 662 3898 tiae
677 3866 695 3899 .·
719 3864 835 3898 narn
857 3849 1176 3898 convenientia
1192 3851 1396 3903 Donato
1416 3858 1499 3901 est
1516 3865 1639 3900 cou-

562 3926 773 3987 .veutio‚
814 3933 871 3973 ut
909 3924 976 3974 ad
1013 3932 1116 3975 act.
1153 3940 1237 3975 ιιι.
1283 3941 1358 3976 sc.
1403 3931 1450 3976 1.
1493 3926 1509 3954 ‘
1526 3927 1637 3977 Sub

576 4002 941 4052 convenientia
983 4015 1074 4049 sua
1107 4008 1164 4051 et
1196 4003 1524 4052 Phormionis
1557 4003 1634 4051 di-

576 4077 652 4126 cit
667 4075 705 4140 ⁷)
730 4077 746 4104 ‘
767 4077 903 4124 inter
920 4077 1203 4139 parasitum
1223 4085 1278 4128 et
1298 4078 1492 4128 filium.’
1517 4079 1641 4144 quia

579 4153 645 4202 de
665 4158 939 4215 compacto
978 4154 1179 4203 scilicet
1214 4154 1268 4204 hi
1293 4155 1402 4205 ‘rem
1425 4155 1563 4205 iuter
1582 4170 1638 4205 se

579 4229 849 4292 gerebant.
902 4226 1142 4292 Guyetus
1161 4230 1363 4281 mallet:
1390 4233 1639 4282 conniven-

574 4308 686 4355 ἐξα».
728 4303 1018 4355 Boeclerus.
1280 4300 1283 4303 ’

1266 419 1482 471 No'l'AE
1530 419 1932 468 VAffloRUM
1982 409 2062 468 ΙΝ

1757 563 1880 614 Tute
1918 564 2047 613 idem
2088 562 2253 611 melius
2293 562 2499 626 feceris]
2546 562 2731 627 AEquius

1690 645 1771 688 est
1788 644 1842 688 te
1862 639 2069 689 domum
2091 639 2400 702 relinquere,
2416 653 2571 703 quam
2586 638 2728 688 filium

1689 716 1902 778 ejicere.
1950 716 2090 765 Vide
2135 716 2270 765 Hec.
2314 722 2414 766 act.
2457 730 2536 765 nv.
2579 731 2648 765 sc.
2686 720 2729 764 ³.

1690 794 1817 842 Mer.
1846 794 2168 842 casaubonus.

1755 873 1817 918 81
1875 869 2080 932 Infelix]
2133 865 2455 928 Κακοδαίμων,
2500 866 2734 931 improbe.

1690 945 1812 993 nihil
1837 945 1970 992 enirn
2006 944 2340 1008 improbitate
2371 944 2628 996 miserius.
2648 944 2735 1005 vel,

1693 1023 1901 1083 alastor,
1923 1036 2018 1086 per
2039 1035 2191 1085 quem
2216 1022 2303 1069 alii
2327 1020 2581 1071 infelices.
2602 1020 2733 1069 Idem.

1756 1099 1944 1147 Metuit
1962 1112 2067 1160 nos,
2088 1098 2281 1147 tametsi
2293 1097 2482 1161 sedulo]
2505 1097 2737 1147 HaecGe·

1694 1180 1749 1222 ta
1773 1188 1834 1223 ac
1864 1175 2101 1223 Phormio
2133 1175 2273 1224 inter
2309 1189 2386 1239 se,
2417 1181 2479 1224 ut
2502 1173 2736 1238 Demipho

1693 1262 1795 1297 non
1822 1249 2022 1299 audiat.
2057 1250 2210 1299 Idem.

1762 1326 1959 1389 Sedulo]
1992 1326 2119 1376 Sine
2164 1326 2304 1389 dolo,
2350 1327 2622 1380 instanter.
2652 1326 2737 1375 Do·

1694 1409 1853 1454 nutus.

1756 1483 1823 1529 82
1845 1480 2160 1543 Dissimulet]
2176 1481 2372 1546 Fingit,
2393 1482 2656 1532 mentitur.
2670 1482 2742 1531 Id.

1761 1556 1896 1605 Beue
1916 1555 2098 1605 habent
2113 1558 2201 1605 tibi
2210 1557 2482 1621 principia]
2506 1559 2633 1607 Eun.
2649 1565 2740 1606 aet.-

1699 1644 1789 1682 111.
1810 1646 1883 1680 sc.
1919 1635 1969 1680 2.
2006 1631 2159 1682 initio
2182 1651 2195 1680 ε
2221 1636 2239 1661 ‘
2259 1635 2409 1683 Bene
2455 1635 2643 1684 habent
2661 1633 2739 1684 tibi

1698 1710 1982 1775 principia:
2002 1712 2206 1775 vulgof
2225 1713 2509 1763 Dimidium
2523 1712 2741 1775 facti‚qui

1698 1787 1831 1837 bene
1854 1788 2031 1851 coepit,
2051 1788 2249 1840 habet!
2286 1791 2422 1840 Mer.
2448 1790 2740 1840 casaubonus.

1768 1863 1898 1918 Quin
1928 1866 2051 1926 quod
2090 1870 2164 1913 est
2191 1864 2619 1931 serendumfems]
2651 1866 2741 1915 Cur

1700 1954 1823 2004 nou,
1855 1941 2042 2004 inquit,
2070 1944 2437 1995 accommodas
2461 1941 2739 1994 necessitati

1703 2019 2064 2067 voluntatem?
2114 2020 2356 2069 Donatus.

1771 2097 1918 2160 Qnda,
1938 2100 2062 2160 quod
2083 2099 2177 2162 est]
2207 2098 2344 2148 Vide
2370 2114 2550 2164 supra,
2574 2110 2669 2149 aet.
2690 2112 2741 2147 n.

1702 2188 1773 2223 sc.
1794 2177 1839 2223 1.
1873 2174 2006 2224 Mer.
2027 2176 2345 2226 Cambonum.

1765 2255 1830 2301 84
1870 2252 1975 2312 Ego
2010 2267 2071 2300 ue
2109 2258 2241 2301 tuam
2282 2255 2532 2318 expetam]
2578 2254 2744 2305 0.1.s.

1700 2342 1837 2390 egon.
1883 2326 2133 2376 Faernus.

1707 2427 1710 2432 ·
1767 2409 1833 2454 86
1868 2406 1990 2461 Quae
2036 2410 2166 2454 taam
2214 2412 2506 2457 senectutem
2548 2404 2744 2466 obicem]

1703 2485 1823 2535 Non
1844 2489 1912 2545 te,
1934 2484 2023 2532 sed
2045 2490 2337 2534 senectutem
2356 2491 2512 2534 tuam.
2546 2485 2722 2533 Donat.

1767 2564 1832 2610 87
1867 2558 2161 2610 Senectutem
2200 2561 2426 2625 oblectet]
2470 2561 2537 2610 In
2570 2557 2749 2609 dimeti-

1704 2637 1844 2687 endo
1883 2650 2055 2700 versu,
2098 2643 2386 2688 senectutem
2451 2636 2747 2702 trisyllabum

1706 2720 1808 2777 est,
1830 2714 2013 2765 eadem
2047 2715 2265 2774 ratione,
2302 2731 2411 2782 qua
2432 2731 2581 2768 senex
2599 2722 2749 2765 moso*-
2828 2770 2833 2775 ‚

1706 2792 1981 2856 syllabum.
2014 2791 2251 2843 Faernus.

1774 2867 2079 2918 Senectutem
2100 2867 2319 2932 oblectet]
2359 2870 2526 2934 Lego,
2546 2870 2748 2918 seua-tm

1706 2944 1924 3005 oblectet,
1948 2943 2104 3008 idque
2122 2942 2189 2995 ob
2211 2953 2459 2995 metrum.
2495 2946 2661 2996 Faber.

1773 3024 1839 3070 88
1872 3020 2045 3070 Minue
2059 3035 2172 3070 vero
2190 3021 2337 3085 iram]
2384 3017 2748 3071 contemnentis

1708 3103 1793 3146 est
1814 3096 2118 3146 dissuadere
2139 3096 2480 3147 iracundiam.
2506 3099 2722 3147 Donatus.

1773 3173 1887 3222 Hoc
1902 3172 2017 3236 age]
2051 3172 2346 3222 Aunuentis
2371 3181 2475 3224 est.
2509 3175 2651 3224 Idem-

1644 3242 1656 3252 ’
1703 3280 1706 3283 -
1776 3252 1841 3299 89
1875 3249 1993 3298 Nisi
2032 3253 2089 3298 ta
2128 3250 2375 3313 properes]
2415 3249 2593 3314 Aliqui
2631 3247 2747 3307 libri,

1709 3331 1768 3375 et
1809 3324 1863 3373 in
1897 3325 1960 3374 iis
2005 3325 2290 3383 Bembiuus
2334 3331 2391 3375 et
2427 3325 2749 3383 Victorianus,

1704 3416 1944 3466 properus.
1976 3400 2224 3454 Faernus.

1776 3481 1843 3527 90
1876 3477 2020 3534 Dixi,
2061 3477 2314 3542 Phormio]
2344 3478 2478 3528 Dixi
2510 3478 2667 3529 solent
2684 3474 2747 3524 di-

1711 3567 1834 3604 cere
1859 3558 2106 3615 perorata
2128 3567 2301 3602 causa.
2339 3553 2583 3603 Donatus.

1778 3627 1932 3690 Dixi]
1966 3628 2088 3677 Hoc
2099 3627 2258 3677 verbo
2276 3629 2560 3679 utebantur
2572 3640 2750 3692 perora·

1712 3712 1767 3754 ta
1790 3719 1965 3752 causa.
1988 3711 2043 3753 et
2062 3704 2139 3752 ita
2166 3719 2304 3762 mox,
2336 3719 2415 3754 sc.
2439 3709 2490 3756 8.
2554 3703 2652 3754 Sed
2678 3701 2746 3750 hic

1712 3780 1958 3829 minantis
2000 3770 2118 3842 est:
2134 3794 2253 3828 cum
2290 3781 2511 3845 quadarn
2550 3779 2748 3829 feritate.

1712 3855 1831 3906 ideo
1856 3855 2011 3905 etiam
2035 3870 2067 3903 a
2089 3856 2422 3917 Phormione,
2453 3864 2514 3906 ut
2545 3871 2633 3919 par
2650 3852 2746 3919 pari

1713 3932 1931 3992 referat,
1955 3933 2260 3994 repetitum.
2308 3933 2570 3982 Hec.=act.
2588 3945 2660 3980 tv.
2683 3941 2746 3977 sc.

1713 4013 1761 4061 3,
1796 4008 1995 4059 Laches
2039 4007 2206 4073 iratus
2237 4021 2450 4057 uxorem
2480 4007 2747 4071 alloquitur,

1712 4085 1729 4111 ‘
1749 4083 1776 4133 1
1822 4097 1949 4146 ergo
1989 4084 2147 4144 intro,
2189 4090 2244 4133 et
2272 4098 2524 4145 compone
2555 4087 2745 4146 quaete-

1713 4173 1833 4209 cum
1856 4158 2007 4207 simul
2030 4157 2301 4209 ferantur:
2324 4159 2432 4208 dixi
2454 4157 2490 4208 τ’
2509 4153 2749 4220 respoudit

1712 4235 1833 4303 illa:
1868 4235 1885 4262 ‘
1914 4233 1999 4283 lta
2017 4241 2074 4283 ut
2084 4234 2245 4298 jubes
2267 4233 2492 4286 faciam.'
2525 4234 2648 4285 Mer.
2668 4231 2745 4282 Cs-

1714 4311 1962 4364 saubonus.
