3035 4941
281 2089 315 2104 »a

506 366 715 453 loeo

505 546 709 596 scendit
728 544 1004 598 furibunda
1023 550 1213 614 rogos.'
1244 552 1395 601 Idem.

575 627 669 673 107
716 625 833 674 Mea
881 626 1181 691 Glycerium]
1242 630 1377 693 Mea,
1417 629 1566 694 quasi

505 708 723 752 amator.
759 703 905 753 Idem.

575 777 871 843 Glycerium]
918 782 1080 832 Quasi
1115 780 1380 833 familiaris
1414 783 1563 834 dixit.

504 852 659 904 Idem.

572 933 705 988 Quid
722 933 853 997 agia]
883 936 1043 988 Quasi
1068 938 1418 999 perturbatus.
1450 939 1530 989 Id.

510 1021 515 1025 ’
574 1010 674 1058 Car
691 1015 739 1061 te
761 1011 805 1060 ie
830 1013 1098 1077 perditum]
1146 1016 1306 1067 Quasi
1331 1018 1563 1067 consola·

503 1089 670 1135 turus.
705 1088 856 1138 Idem.
1228 1106 1231 1107 ’

504 1186 505 1193 1
568 1167 665 1212 108
704 1165 772 1213 Ut
790 1173 1056 1216 consuetum
1071 1169 1224 1229 facile
1242 1185 1444 1221 amorem
1463 1187 1563 1222 cer·

499 1239 657 1302 neres]
699 1240 856 1302 Mire,
893 1257 996 1292 non
1028 1247 1373 1309 “suspicareris
1409 1248 1563 1312 dixit,

501 1316 597 1367 sed
635 1333 883 1370 cerneres:¹
906 1326 962 1371 et
1000 1328 1083 1372 est
1120 1324 1266 1386 ordo,
1306 1333 1364 1375 ut
1403 1326 1562 1376 facile

501 1404 778 1444 cerneres:
827 1396 921 1446 sed
952 1412 1182 1462 cerneres,
1214 1401 1352 1451 sicut
1385 1417 1561 1467 supra,

498 1467 516 1495 ‘
539 1468 766 1520 Laudem
791 1471 1024 1524 invenias
1054 1483 1111 1526 et
1146 1477 1336 1527 amicos
1369 1479 1561 1542 pares.'

499 1541 736 1594 Donatus.

565 1625 667 1672 109
696 1625 880 1687 Reiecit
899 1640 948 1675 se
966 1626 1021 1677 in
1041 1627 1168 1691 eam]
1217 1630 1486 1694 Objicitur
1509 1632 1559 1683 ei

499 1696 636 1762 quod
661 1715 694 1749 a
715 1699 962 1765 Glycerio
981 1703 1176 1754 factum
1201 1715 1307 1755 est:
1333 1714 1409 1769 ut,
1428 1709 1558 1759 Quis

499 1775 635 1824 enim
660 1791 885 1842 unquam
909 1785 1016 1828 tam
1052 1782 1222 1845 palam
1260 1782 1325 1831 de
1348 1783 1562 1849 honore,

496 1857 603 1900 tam
632 1844 966 1905 vehementer
1000 1856 1075 1906 de¹
1101 1860 1269 1909 salute
1308 1874 1400 1910 sua
1435 1876 1556 1912 con-

495 1927 687 1991 tendit,
718 1945 870 1995 quam
908 1932 997 1982 ille
1033 1939 1191 1998 atque
1225 1936 1361 1985 illius
1386 1938 1558 2000 amici,

495 2009 557 2053 ut
578 2017 642 2054 ne
658 2005 772 2056 haec
795 2007 920 2057 mihi
938 2009 1129 2061 delatio
1151 2012 1342 2063 detur?
1372 2017 1523 2065 Idem.

496 2108 501 2113 -
559 2080 746 2142 Reiecit
765 2097 817 2133 se
837 2085 891 2135 in
913 2101 1017 2136 eum
1041 2089 1207 2153 fleam
1238 2106 1378 2154 quam
1400 2092 1555 2153 fami-

490 2156 699 2222 liariter]
736 2161 921 2227 Neque
943 2165 1164 2228 amplius
1187 2176 1366 2218 errent
1386 2169 1555 2220 inhu-

482 2232 574 2296 jus
597 2236 700 2286 loci
721 2237 1173 2305 interpretatione,
1193 2244 1269 2294 sic
1290 2245 1433 2295 illum
1451 2246 1555 2296 dis-

491 2309 657 2374 tingui
710 2321 767 2362 et
821 2314 1119 2381 interpungi
1167 2321 1345 2370 curavi
1362 2338 1378 2383 3
1433 2336 1553 2372 nam

491 2386 657 2450 istud,
690 2389 1025 2455 familiariter,
1069 2408 1170 2443 non
1207 2395 1369 2446 debet
1401 2399 1554 2462 jungi

490 2475 635 2526 eum,
659 2463 807 2529 flens,
845 2467 936 2517 sed
976 2483 1110 2533 cum,
1150 2472 1313 2533 rejecit
1358 2478 1450 2535 de,-
1496 2484 1555 2527 et

489 2540 750 2592 ¹uerba'sie
774 2544 1219 2608 ordinanda,-Tum
1237 2551 1463 2616 illaflene
1480 2570 1554 2605 re-

475 2616 602 2678 jecit
632 2633 681 2667 se
713 2619 766 2668 in
803 2635 907 2670 eum
934 2623 1269 2681 familiariter.
1345 2629 1554 2682 Gallice

487 2694 668 2745 dicas:
712 2698 815 2747 Eue
853 2713 906 2749 ee
945 2715 1177 2752 renueraa‘
1202 2718 1287 2753 sur
1329 2708 1410 2773 luy
1439 2710 1553 2770 sort

475 2767 866 2829 santilierement.
933 2776 1119 2841 Neque
1156 2780 1295 2831 euim
1334 2798 1553 2836 consue·

489 2850 598 2894 tum
618 2846 759 2897 illum
785 2863 1010 2900 amorem
1033 2866 1100 2901 ex
1125 2868 1187 2904 eo
1205 2860 1453 2919 cognovit
1472 2875 1550 2910 se·

486 2934 610 2984 nex,
658 2924 792 2988 quod
834 2925 1134 2990 Glycerium
1178 2931 1552 2988 lamentaretur

484 2995 541 3046 in
560 2996 741 3048 funere
760 2997 1024 3066 Chrysidis
1043 3003 1196 3069 (quid
1215 3009 1352 3059 enim
1373 3012 1549 3063 aliud?

487 3087 591 3123 una
623 3089 739 3126 cum
775 3078 867 3129 illa
904 3094 1063 3146 usque
1096 3098 1128 3132 a
1159 3087 1356 3137 tenella
1387 3096 1550 3141 aetate

484 3162 694 3216 semper
722 3154 970 3223 vixerat,)
1002 3171 1103 3210 uon
1124 3176 1192 3211 ex
1211 3177 1296 3229 eo,
1318 3165 1548 3232 inquam,

481 3227 576 3276 aed
616 3230 751 3294 quod
789 3246 846 3281 se
884 3234 937 3282 iu
976 3236 1306 3302 Pamphilum
1340 3247 1447 3292 tam
1469 3244 1547 3295 fa·

479 3303 757 3355 miliariter
775 3308 1065 3371 rejecisset.
1127 3314 1366 3368 Emenda
1386 3319 1549 3382 igitur

481 3381 745 3433 versiones
766 3384 1012 3438 Gallicas.
1046 3391 1222 3445 Faber.

548 3460 645 3508 110
681 3459 812 3515 Quid
847 3463 945 3526 ais]
999 3466 1122 3515 Nou
1157 3470 1550 3541 interroganda,

477 3532 576 3584 sed
598 3534 835 3586 mirantis
856 3548 952 3590 est.
986 3543 1221 3595 Donatus.

550 3613 681 3670 Quid
699 3616 830 3680 aial]
864 3618 952 3668 Ita
982 3622 1139 3672 scribi
1165 3626 1301 3689 ⁸insui
1333 3627 1387 3679 in
1416 3630 1545 3682 locis

481 3699 634 3751 poene
648 3690 880 3755 infinitis,
900 3695 954 3744 in
972 3700 1117 3762 queis
1137 3704 1358 3755 antehac
1382 3721 1545 3770 punc-

478 3771 590 3816 tum
626 3767 1053 3834 interrogativum
1090 3779 1319 3838 positum
1351 3780 1546 3849 fuerat,

474 3850 597 3892 cum
620 3846 798 3894 notula
821 3848 1168 3901 admirationis
1195 3854 1271 3905 ibi
1302 3871 1544 3911 necessa·

478 3919 557 3968 ria
588 3921 677 3970 sit.
745 3922 864 3973 Hoc
894 3940 1098 3990 moneo,
1135 3932 1320 3995 nequis
1355 3949 1542 3998 opera-

478 4005 592 4045 rum
605 3998 1114 4063 Typographicarum
1130 4007 1445 4073 negligentia
1464 4020 1540 4062 to·

477 4073 576 4122 ties
606 4084 879 4138 peccatum
920 4076 1076 4129 fuisse
1111 4082 1407 4137 arbitretur.
1471 4090 1538 4139 In

476 4150 742 4210 excerptis
759 4163 790 4197 e
807 4150 1017 4202 Donato
1035 4154 1153 4205 huic
1173 4159 1288 4210 loco
1308 4161 1539 4229 adscrip-

478 4230 588 4274 tum
628 4224 762 4277 fuit=
796 4240 937 4281 Qum
969 4243 1087 4282 Ais:
1123 4236 1536 4302 nouitatem-ogau-

472 4298 559 4364 m,
573 4303 654 4352 sed
669 4302 888 4358 mirantis
907 4311 996 4359 est.
1028 4306 1093 4358 In
1111 4322 1303 4373 genere
1325 4315 1537 4370 comico

1206 407 1421 458 No'rAE
1468 407 1876 462 vammum
1926 411 2007 461 IN

1641 553 1739 605 nisi
1764 555 1898 606 bene
1920 555 2173 621 descripti
2202 557 2322 610 libri
2342 557 2559 626 fuerint,
2581 576 2702 627 per·

1642 640 1729 683 eat
1750 648 1928 684 seusus
1950 650 2166 686 necesse
2188 642 2286 686 est.
2314 636 2485 688 Faber.

1706 710 1869 760 Iratus
1907 717 2045 776 atque
2089 728 2220 775 oegre
2259 713 2450 778 ferens]
2515 715 2701 778 Iratae,

1640 786 1795 850 culpa
1815 802 1943 855 (ες-νε
1966 788 2153 851 ferens,
2171 791 2297 855 quia
2315 800 2512 855 prater
2529 806 2700 856 spem.

1640 863 1879 914 Donatus.

1705 941 1865 991 Redeo
1881 940 1992 991 iude
2011 941 2181 1000 iratas,
2201 948 2340 1007 atque
2360 958 2489 1006 oegre
2505 943 2704 1003 serena.-

1635 1032 1722 1067 nec
1751 1019 1873 1068 satie
1897 1021 1961 1068 ad
1979 1018 2318 1082 obita-gaudum
2336 1018 2537 1081 causae]
2586 1020 2701 1070 Ob-

1636 1107 1788 1143 serva
1828 1095 2038 1158 gradus‚
2074 1108 2202 1158 quos
2242 1095 2471 1144 servavit
2509 1093 2702 1158 Poeta,

1637 1168 1689 1218 iu
1710 1170 1891 1232 Patre,
1922 1176 1980 1219 et
2011 1170 2122 1220 viro
2156 1171 2379 1220 humano
2412 1184 2696 1235 oequoquez

1637 1260 1702 1295 ex
1716 1249 2017 1313 conjectura
2032 1247 2308 1297 solicitudo
2326 1245 2522 1297 oritur:
2541 1250 2558 1278 ‘
2572 1248 2702 1298 Per·

1636 1323 1798 1373 cussit
1823 1325 1941 1374 ilico
1964 1325 2188 1375 animum
2205 1323 2260 1373 ='‘
2275 1324 2509 1389 sequitur
2528 1339 2594 1373 ex
2616 1339 2699 1374 re·

1636 1414 1748 1448 rum
1786 1401 1992 1451 iudiciis
2012 1402 2167 1453 mista
2194 1401 2362 1450 dolori
2394 1399 2701 1451 iracundia-2

1632 1479 1769 1526 redeo
1812 1477 1923 1528 inde
1959 1478 2117 1527 iratus
2154 1484 2295 1541 atque
2335 1493 2467 1540 agre
2492 1478 2663 1538 serem
2677 1494 2699 1529 .·

1634 1555 1924 1617 proximum
1946 1562 2078 1618 erat,
2101 1562 2158 1605 ut
2175 1554 2467 1619 objurgatio
2488 1553 2583 1604 filii
2606 1556 2706 1605 e'x-

1634 1638 1971 1693 pectaretur:
2006 1631 2098 1681 sed
2132 1632 2184 1680 in
2206 1632 2318 1681 viro
2339 1638 2395 1681 et
2418 1637 2566 1694 patre
2585 1637 2695 1681 tam

1632 1707 1921 1770 moderato,
1951 1710 2085 1758 hanc
2108 1708 2243 1758 ratio
2264 1707 2504 1757 distulitz
2538 1707 2555 1735 ‘
2573 1708 2702 1758 Nec

1630 1785 1754 1836 satis
1787 1787 1854 1836 ad
1881 1786 2262 1851 objurgandum
2284 1800 2518 1837 causeae:
2553 1785 2700 1837 diee-

1632 1870 1714 1913 ret
1756 1863 1881 1929 quid
1926 1863 2053 1928 feci,
2093 1863 2218 1930 quid
2262 1864 2560 1927 commerui,
2601 1871 2699 1915 aut

1630 1941 1864 2004 peccavi,
1897 1941 2098 2006 pater?
2141 1940 2270 2007 (Ms.
2303 1939 2556 1991 Biblioth.
2592 1940 2698 1991 Ar-

1631 2023 1777 2081 gent.
1833 2019 1946 2082 quid
1988 2020 2144 2068 merui
2177 2023 2261 2068 aut
2303 2018 2419 2082 qaid
2454 2017 2697 2095 paceni),

1629 2098 1727 2145 ὅτε.
1762 2110 1915 2159 quam
1947 2109 2073 2160 ergo
2094 2096 2290 2146 honesta
2323 2094 2536 2145 oratione
2555 2094 2692 2147 filius

1632 2172 1895 2222 declinare
1948 2173 2363 2239 objurgationem
2415 2172 2696 2236 potuisset,

1628 2262 1697 2298 ne
1719 2250 2005 2300 Chremetis
2027 2251 2235 2315 quidem
2262 2249 2553 2298 criminatio
2575 2262 2693 2312 pro-

1629 2328 1826 2378 movit:
1863 2328 2065 2378 invenit
2103 2327 2317 2392 aequitas
2351 2324 2515 2389 patris
2535 2324 2692 2377 aliam

1629 2404 1897 2467 rationem,
1932 2404 2082 2454 unde·
2107 2419 2171 2454 ne
2210 2405 2312 2454 hoec
2346 2401 2537 2467 quidem
2570 2402 2694 2451 satie

1628 2481 1874 2532 vehemens
1890 2496 2029 2531 caasa
2065 2484 2130 2531 ad
2165 2481 2507 2543 obiurgandum
2543 2478 2690 2529 vide-

1627 2565 1809 2609 retur:
1853 2560 1918 2609 id*
1945 2560 2082 2625 quod
2122 2559 2506 2624 spectatoribus
2543 2556 2692 2608 suavi

1624 2634 1814 2696 μιμήσει
1865 2637 2195 2688 ostenditur}
2252 2636 2420 2687 donec
2463 2634 2691 2698 denique

1626 2712 1904 2765 manifesta
1925 2714 2111 2779 injuria
2129 2713 2441 2779 (detrectati
2467 2712 2690 2765 scilicet·

1627 2790 1671 2839 si
1694 2789 1851 2853 forte,
1888 2792 2093 2855 imperii
2130 2791 2317 2856 patrii)
2347 2807 2508 2841 veram
2529 2789 2690 2852 objur-

1620 2869 1773 2928 gandi
1793 2884 1981 2919 eausam
2001 2868 2378 2932 suppeditaret.
2419 2868 2689 2918 -Boeotenm

1692 2948 1794 2994 111·
1822 2947 1925 2996 Nec
1940 2945 2085 3008 satie]
2124 2944 2259 2994 Mire
2304 2945 2570 3007 expressit
2608 2944 2687 2996 in-

1626 3019 1946 3084 dulgentiam
1968 3022 2128 3086 patris
2152 3035 2278 3085 erga
2290 3020 2469 3071 fllium.
2534 3022 2689 3084 Erat,

1625 3095 1809 3160 inquit,
1844 3112 2033 3148 causa:
2071 3097 2161 3147 sed
2209 3111 2305 3161 pro
2338 3096 2688 3148 amaritudine

1623 3171 1991 3235 objurgationis
2012 3183 2116 3222 non
2150 3180 2267 3223 crat
2299 3172 2445 3232 satis,
2463 3172 2560 3224 hoc
2582 3180 2685 3236 est,

1622 3262 1725 3298 non
1748 3249 1937 3300 idonea
1953 3249 2254 3300 videbatur.
2276 3250 2516 3300 Donata.

1627 3351 1636 3355 ·
1690 3325 1795 3375 Nec
1827 3326 1950 3375 satia
1990 3328 2054 3376 ad
2098 3325 2462 3389 obiurgandum]
2512 3328 2688 3377 Deest

1623 3401 1787 3465 habai,
1812 3402 1896 3452 vel
1927 3403 2372 3465 mavirgilins:
2407 3406 2424 3432 ‘
2449 3404 2564 3454 Nee
2598 3411 2685 3456 sat

1622 3475 1837 3525 rationis
1877 3476 1930 3525 in
1970 3477 2124 3526 armis
2140 3477 2175 3528 :'
2208 3484 2263 3529 et
2294 3479 2397 3536 hic,
2430 3484 2551 3541 erat,
2596 3478 2684 3530 vel

1622 3550 1784 3614 habui,
1805 3552 1956 3602 deest
1978 3552 2045 3602 ad
2065 3556 2396 3605 sententiam.
2428 3555 2583 3605 Idem.

1635 3653 1642 3655 -
1684 3628 1910 3692 Diceret]
1943 3630 2115 3680 Deest
2136 3632 2288 3682 enim..
2314 3632 2482 3681 Idem.
2547 3679 2552 3680 ff
2671 3665 2674 3668 π

1703 3709 1801 3756 112
1861 3707 1992 3764 Quid
2037 3706 2177 3770 feci]
2232 3709 2373 3758 Mire
2432 3708 2680 3762 fiduciam

1619 3782 1859 3846 praetulit
1877 3789 2200 3847 argumento,
2222 3783 2359 3848 quod
2398 3792 2486 3836 est-
2508 3785 2561 3835 in
2596 3800 2679 3840 te-

1616 3862 1800 3927 quenti
1821 3875 1992 3911 versu.
2023 3861 2179 3911 Ideni.
2615 3887 2618 3888 ⁷

1621 3979 1624 3984 .
1686 3938 1820 3993 Quid
1827 3937 1951 4000 feci,
1971 3936 2085 4000 quid
2103 3935 2372 3999 commerui,
2400 3943 2485 3992 aut
2508 3953 2678 4002 peeca-

1613 4014 1689 4077 vi]
1720 4015 1921 4075 Αὕξησις
1971 4029 2003 4062 a
2037 4012 2313 4076 majoribus
2349 4014 2414 4063 ad
2452 4016 2677 4065 minora.

1614 4090 1687 4140 Et
1716 4090 1821 4150 feci
1863 4088 2007 4153 quasi
2044 4085 2244 4137 facinus
2279 4088 2440 4140 dixit.
2494 4090 2679 4142 Facere

1613 4166 1750 4215 enim
1805 4165 1920 4230 quis
1978 4170 2034 4212 et
2082 4163 2415 4215 homicidium
2457 4164 2674 4219 dicitur.

1616 4237 1902 4304 Commerui,
1945 4239 2157 4291 minoris
2190 4242 2361 4305 culpae
2397 4248 2479 4292 est
2500 4258 2517 4292 z
2545 4243 2678 4298 ‚Pec-

1610 4317 1738 4382 cavi,
1769 4317 1936 4368 multo
1958 4315 2170 4371 minoris
2189 4324 2244 4367 et
2265 4317 2493 4371 levioris.
2526 4319 2612 4376 Id.
