3035 4941
715 365 1076 415 TERBN'ru
1125 365 1360 414 ANDR.
1409 365 1572 413 Ac'r.
1619 366 1718 414 IV.
1765 365 1868 414 SC.
1901 365 1948 412 1.

2251 349 2423 416 1119

1057 655 1064 664 ’
1098 633 1405 703 AGTUS
1452 635 1579 701 IV.

311 823 484 873 semu
505 837 545 873 ι.
578 824 773 873 Versus
807 828 927 873 sunt
958 823 1116 874 variiz
1151 825 1294 875 misti

258 911 314 947 ex
344 899 530 949 lambis
550 905 608 949 et
639 900 967 950 Trachaicis:
1002 899 1068 950 de
1108 901 1292 967 quibus

257 976 364 1026 vide
400 977 722 1042 interpretes
760 993 918 1043 supra
950 977 1206 1039 laudatos,
1238 985 1295 1029 et

256 1051 520 1116 Guyetum.

310 1128 474 1192 Hujus
509 1131 697 1180 Scenae
720 1144 919 1196 versus,
952 1129 1040 1198 qui
1085 1136 1141 1182 et
1178 1146 1295 1197 per·

254 1205 428 1256 turbati
448 1211 506 1257 et
545 1205 701 1256 valde
721 1207 962 1271 impediti
998 1215 1137 1266 sunt,
1175 1222 1296 1258 exa-

254 1281 498 1334 minavere
522 1282 826 1342 Goveanns,
845 1283 1021 1336 Julius
1041 1284 1296 1351 Scaliger,

255 1366 304 1407 ct
323 1359 583 1413 Erasmus.
651 1359 797 1410 Nihil
834 1359 946 1423 ipse
983 1362 1179 1410 mutavi
1203 1378 1219 1424 ς
1241 1369 1297 1412 et

253 1435 394 1487 facile
436 1445 556 1489 erat
602 1444 779 1489 tamen
825 1452 894 1489 ex
938 1438 1039 1490 ista
1073 1438 1304 1490 materia.

254 1515 527 1565 octonarios
569 1514 748 1566 facere
782 1515 864 1564 vel
904 1515 1164 1576 senarios;
1203 1517 1296 1566 sed

254 1588 317 1637 illi
351 1604 524 1642 versus
554 1606 666 1643 non
696 1597 870 1642 essent
909 1591 1158 1643 Terentii.
1197 1592 1295 1644 Fa-

312 1742 422 1794 Vss.
443 1748 495 1794 3.
514 1750 571 1795 et
583 1749 641 1795 4.
664 1746 830 1796 nostri
851 1759 1059 1799 omnes:
1090 1748 1298 1810 gaudeat

257 1825 575 1884 etcamparett
613 1820 716 1871 duo
738 1820 985 1872 omittunt
1017 1821 1076 1871 τὸ
1113 1823 1301 1874 alienis.

257 1898 540 1950 vs.5.duo=
575 1900 678 1949 ima
712 1899 764 1949 id
785 1901 1125 1965 estpessimum
1154 1917 1302 1964 genus

255 1973 489 2027 Ιιοπιίηιηι.
515 1991 594 2027 νε.
621 1980 671 2027 6.
708 1990 904 2040 omnes,
938 1985 996 2028 ut
1028 1978 1300 2029 edidimus.

258 2066 321 2101 vs.
342 2057 389 2103 7.
410 2063 588 2105 amnes
625 2069 641 2104 ε
669 2061 779 2119 post
798 2054 882 2104 ubi
904 2060 1088 2121 tempus
1108 2061 1180 2106 est
1192 2071 1302 2121 pra·

255 2132 382 2181 misso
398 2133 497 2183 iam
513 2132 706 2201 perfici.
741 2148 819 2184 vs.
836 2138 888 2184 9.
911 2148 1072 2185 nnus:
1103 2150 1180 2184 res
1195 2151 1300 2199 pre·

256 2210 334 2258 nu
359 2225 449 2261 eos.
472 2226 554 2262 vs.
579 2215 668 2261 10.
692 2211 818 2275 duo,
847 2218 907 2262 ut
933 2211 1205 2263 edidimus.
1227 2228 1302 2263 vs.

259 2289 326 2336 1⁴.
345 2301 504 2339 uuus:
539 2288 630 2339 ubi
648 2303 762 2353 aptas
781 2303 875 2339 non
893 2294 965 2338 est
980 2304 999 2338 .·
1032 2288 1188 2340 alter:
1220 2290 1303 2340 ubi

257 2376 337 2412 non
363 2365 483 2415 locas
509 2371 607 2416 est.
629 2379 708 2416 vs.
732 2369 813 2416 16.
846 2378 1055 2416 omnes:
1086 2366 1304 2429 ingeram

258 2441 393 2491 multa
411 2442 570 2492 mala.-
607 2456 740 2493 uuus
762 2440 910 2492 addit
930 2441 1007 2492 illi
1021 2458 1039 2494 .·
1073 2453 1130 2493 et
1149 2457 1300 2495 mox:

258 2522 381 2580 atque
419 2519 466 2569 si
497 2518 687 2584 aliquid
727 2521 777 2569 d.
813 2532 845 2568 a
877 2518 1069 2583 glossa.
1106 2534 1180 2570 vs.
1216 2524 1300 2571 20.

259 2600 464 2646 amnesi
507 2599 767 2654 seducere,·
824 2595 966 2645 duaa
1011 2596 1087 2646 liis
1138 2597 1301 2647 dictis.

259 2675 647 2724 mammaea:
680 2687 860 2723 noune.-
893 2671 1032 2727 duo:
1065 2688 1166 2724 esse
1183 2674 1305 2723 satis

257 2746 543 2801 hacealidum
580 2750 739 2800 deum
769 2754 844 2800 est
860 2764 916 2813 g.
938 2764 1018 2801 vs.
1040 2754 1125 2800 26.
1162 2750 1300 2800 duo:

258 2829 528 2892 quantasque
545 2827 613 2876 is.
637 2840 716 2875 vs.
739 2829 823 2876 86.
857 2840 1062 2875 omnes:
1100 2829 1306 2876 nandum

257 2901 351 2951 scis.
372 2903 427 2952 C.
446 2904 545 2954 scio
560 2902 778 2967 equidem
796 2903 929 2953 illam
944 2903 1196 2953 ducturum
1208 2919 1305 2954 essa

258 2981 313 3024 te.
344 2991 414 3028 vs.
446 2983 535 3032 37.
564 2993 771 3041 omnes,
808 2986 871 3028 ut
914 2978 1183 3029 edidimus.
1230 2995 1303 3030 vs.

257 3056 329 3103 39.
364 3070 542 3107 omnes
588 3056 822 3106 babenti
877 3055 1172 3106 interturbat
1213 3072 1307 3105 ont-

257 3130 357 3181 m'a:
396 3148 530 3184 nnus
562 3133 648 3184 bis
685 3139 889 3183 tantum
931 3145 1120 3182 nomeu
1153 3132 1304 3183 Davi.

258 3221 327 3257 vs.
361 3214 442 3261 41.
478 3212 540 3261 τὸ
575 3209 676 3260 scio
725 3209 829 3258 duo
864 3209 1154 3259 omittuntz
1199 3224 1306 3259 am-

257 3298 366 3337 nes:
388 3287 470 3352 qui
479 3286 850 3339 aucultaaerim
863 3285 927 3351 ei,
945 3292 1007 3336 ut
1028 3287 1305 3337 edidimus.

256 3360 483 3415 senarius
524 3364 637 3415 erit
676 3364 720 3413 si
761 3361 819 3412 τὸ
855 3363 901 3413 ei
939 3365 1219 3414 contrahas
1253 3365 1307 3414 iu

261 3451 398 3490 uuam
433 3442 709 3508 syllabam.
744 3456 819 3490 vs.
837 3445 922 3491 42.
955 3439 1309 3503 duot‘factum

258 3516 420 3569 mbae
456 3514 636 3570 Dave‘.²
668 3518 738 3568 D.
767 3518 989 3578 sactum.-
1026 3518 1116 3568 ubi
1150 3518 1208 3567 τὸ
1238 3525 1309 3569 est

259 3592 400 3644 etiam
423 3596 618 3645 tertius
650 3594 867 3646 omittit.
902 3610 975 3647 vs.
992 3598 1078 3647 47.
1101 3610 1308 3648 amnesi

259 3673 608 3732 aeg-redimar.
641 3689 719 3724 vs.
736 3676 820 3723 48.
857 3687 1024 3725 unus:
1058 3675 1174 3737 quia
1205 3690 1311 3724 suc·

259 3749 386 3798 cessit
409 3750 783 3815 primapmme
815 3749 984 3799 altera
1016 3749 1132 3814 quia
1155 3750 1311 3813 primo

259 3828 465 3889 necessit
510 3843 702 3893 parum.
790 3826 1016 3891 Argent.
1060 3829 1310 3891 processit.

263 3914 330 3951 vs.
367 3908 449 3954 49.
484 3919 692 3968 omnes;
732 3920 827 3954 aaa
857 3919 991 3969 passe
1019 3904 1058 3956 i.
1096 3906 1312 3955 madiae

260 3982 668 4032 coronandum.
701 3996 781 4031 vs.
804 3986 887 4031 56.
908 3981 1042 4031 duo:
1076 3983 1121 4030 si
1141 3996 1312 4044 parum

262 4059 430 4108 weced.
451 4075 502 4124 q.
523 4076 573 4109 a.
607 4072 684 4108 vs.
706 4062 791 4107 67.
814 4072 1026 4108 amnes:
1064 4063 1182 4120 tute,
1215 4058 1311 4107 sed

264 4130 457 4185 diverso
500 4136 696 4201 positu.
751 4150 830 4185 vs.
884 4140 968 4185 58.
1005 4150 1204 4194 omues,
1251 4141 1311 4185 ut

268 4210 527 4265 edidimus.
562 4229 640 4264 vs.
678 4218 763 4265 59.
802 4228 1010 4265 omnes:
1060 4213 1185 4266 hcm.
1227 4216 1311 4264 sed

270 4302 423 4349 maaet
453 4293 721 4358 concrepuit
743 4307 774 4342 a
809 4291 895 4342 Gt.
921 4307 967 4343 a.

1439 824 1648 875 Charini
1674 825 1954 891 querelam,
1973 823 2176 874 illustre
2202 822 2429 888 philoso-

1370 902 1507 965 pbiae
1523 909 1577 952 et
1591 902 1901 966 eloquentiae
1918 901 2246 951 Terentiauae
2262 900 2429 964 speci·

1374 991 1512 1042 men,
1552 979 1758 1043 egregia
1808 978 2139 1056 annotagione
2191 985 2247 1027 et
2286 991 2433 1042 para-

1375 1056 1550 1119 phrasi
1572 1064 1875 1122 prosecutus
1896 1063 1979 1106 est
2012 1055 2268 1121 Gnyetus.
2316 1055 2428 1105 Βα-

1442 1210 1658 1260 Haecine
1688 1210 1911 1261 credibile
1941 1210 2039 1275 est]
2086 1212 2297 1275 Etegm
2322 1226 2434 1275 per·

1374 1288 1602 1350 turbatio,
1623 1289 1679 1338 in
1698 1303 1788 1352 qua
1808 1288 1937 1337 inter
1957 1302 2008 1338 se
2029 1287 2179 1345 Simo,
2203 1287 2433 1351 Pamphi-

1375 1366 1463 1428 lu,
1496 1366 1683 1428 mous,
1731 1366 1990 1426 Charinus,
2033 1364 2241 1430 Byrria,
2284 1364 2434 1413 Chre-

1376 1456 1490 1505 mes,
1517 1456 1672 1494 amnes
1707 1441 1921 1491 omuibus
1948 1441 2210 1490 redduntur
2243 1438 2436 1503 offensi.

1378 1518 1638 1570 Donatus.
2420 1511 2431 1522 '

1441 1598 1466 1643 1
1506 1595 1721 1646 Hocciue
1741 1595 1969 1646 credibile
1988 1593 2087 1658 est]
2125 1592 2439 1644 Etincredi-

1378 1674 1482 1724 bile
1503 1680 1607 1732 est,
1629 1675 1816 1740 inquit,
1837 1680 1893 1725 et
1912 1672 2228 1723 nefandumz
2264 1684 2294 1720 e
2318 1682 2438 1721 con·

1380 1751 1539 1802 traria
1551 1753 1688 1804 enim
1706 1753 1772 1802 ab
1786 1751 2199 1816 interrogatione
2218 1749 2439 1818 quadam

1379 1828 1657 1892 incipiunt,
1699 1829 1788 1894 qui
1823 1829 1974 1880 nimis
2013 1828 2342 1877 irascuntnrz
2379 1832 2440 1875 ut

1379 1911 1437 1954 et
1456 1906 1607 1969 illud,
1622 1910 1636 1935 ‘
1655 1905 1893 1956 Haecine
1902 1905 2182 1954 humanum
2196 1901 2395 1953 factum
2404 1902 2439 1952 ?’

1382 1983 1453 2033 Et
1475 1989 1644 2034 totum
1665 1985 1763 2033 hoc
1786 1983 1839 2033 iu
1864 1980 2287 2047 pronuntiatione
2309 1987 2393 2030 est
2419 1995 2435 2030 ε

1378 2059 1475 2109 hoc
1496 2060 1635 2110 enim
1677 2074 1839 2125 genus
1876 2057 2300 2123 interrogationis
2335 2057 2436 2106 vim

1379 2135 1605 2199 negandi
1626 2134 1889 2199 exprimit.
1925 2135 2074 2184 Idem.

1445 2213 1659 2263 Haecine
1677 2212 1898 2263 credibile
1910 2210 2005 2274 est]
2024 2211 2072 2260 A
2095 2208 2440 2275 generalitate

1380 2289 1587 2353 incipit,
1608 2295 1668 2340 ut
1684 2289 1889 2350 Cicero,
1927 2288 1943 2316 ‘
1959 2288 2127 2340 Quam
2149 2284 2308 2336 facile
2331 2299 2441 2335 ser·

1382 2375 1472 2432 pst
1495 2367 1688 2432 injuria
1721 2373 1776 2415 et
1813 2363 2068 2430 peccandi
2101 2362 2446 2426 consuetudo,

1384 2459 1538 2509 quam
1561 2459 1666 2495 nou
1697 2442 1855 2495 facile
1879 2443 2219 2509 reprimatur,
2243 2439 2443 2505 videte,

1375 2522 1628 2587 judices.’
1658 2523 1809 2572 Idem.
2348 2517 2355 2525 ’

1451 2598 1667 2649 Haecine
1725 2597 2036 2661 credibile’st]
2093 2597 2163 2649 0.
2207 2597 2244 2647 l.
2290 2611 2334 2646 s.
2384 2601 2441 2645 et

1384 2677 1647 2737 Donatus,
1685 2673 1847 2724 hacine
1879 2680 1953 2723 est
1993 2672 2231 2723 credibile.
2287 2671 2446 2721 Faet-

1385 2767 1498 2803 uus.

1448 2834 1481 2879 2
1517 2830 1750 2894 Cuiquam
1805 2833 1859 2877 ut
1912 2826 2027 2890 siet]
2079 2825 2337 2890 Singulari
2389 2831 2445 2876 et

1386 2909 1576 2973 plurali
1599 2921 1812 2957 numero
1837 2903 2136 2969 respondet.
2154 2903 2388 2953 Donatus.

1455 2985 1693 3047 Cuiquam
1711 2988 1767 3032 ut
1796 2982 1906 3044 siet,
1924 2986 1979 3030 ut
2010 2981 2150 3029 malis
2180 2975 2447 3042 gauleum]
2552 3004 2559 3007 Ἰ

1389 3060 1520 3111 Cum
1547 3060 1762 3110 dixisset
1788 3060 2025 3123 cuiquam,
2056 3056 2236 3106 intulit
2264 3070 2441 3104 nume-

1388 3152 1500 3187 rum
1516 3138 1767 3201 pluralem
1787 3154 1800 3185 =
1830 3143 1891 3184 ut
1906 3134 2053 3196 alihi,
2070 3133 2087 3161 ‘
2099 3133 2153 3182 Si
2171 3132 2443 3198 quisquam

1389 3222 1487 3277 est,
1498 3215 1588 3280 qui
1601 3215 1810 3278 placere
1826 3226 1881 3261 se
1894 3209 2108 3260 studeat
2119 3209 2267 3260 bonis
2279 3209 2450 3260 Quam

1389 3292 1644 3355 plurimss,
1668 3298 1725 3340 et
1755 3289 1964 3339 minime
1997 3286 2189 3337 multos
2219 3285 2445 3337 laedere:

1388 3366 1453 3417 In
1495 3367 1573 3416 his
1609 3365 1762 3429 poeta
1792 3365 1875 3414 hic
1930 3375 2116 3413 nomen
2168 3360 2449 3428 profitetur

1392 3441 1575 3495 suum!
1611 3443 1760 3493 Idem.

1454 3524 1485 3569 3
1528 3520 1599 3570 Ue
1646 3521 1783 3568 malis
1818 3517 2086 3583 gaudeant]
2141 3516 2359 3582 Legitur
2392 3524 2448 3567 et

1387 3599 1616 3661 gaudeat.
1651 3595 1820 3646 Idem.

1465 3677 1533 3724 Ut
1563 3675 1702 3724 malis
1727 3672 1962 3737 gaudeat]
1996 3673 2283 3723 Vaticanus
2317 3673 2450 3722 liber

1392 3760 1450 3801 et
1475 3752 1813 3814 Basilicanus,
1830 3758 1887 3800 et
1912 3751 2172 3815 Donatus,
2191 3752 2451 3813 gaudeant.

1377 3829 1647 3880 ¹Faernus.

1455 3910 1616 3971 Atque
1652 3921 1714 3956 ex
1744 3904 2048 3955 incommodis
2097 3904 2314 3960 auceiae,
2368 3914 2453 3951 sua

1391 3987 1661 4046 comparent
1697 3986 1753 4030 ut
1775 3978 2035 4043 commoda]
2071 3979 2189 4028 Hoc
2221 3983 2323 4039 est,
2347 3992 2451 4026 non

1390 4059 1693 4122 intelligunt
1711 4055 1981 4106 commoda
2012 4068 2125 4112 sua,
2157 4052 2347 4102 nisiex
2382 4053 2453 4100 al-

1390 4137 1554 4187 terius
1587 4131 1922 4185 incommodis
1960 4146 2024 4180 ea
2066 4126 2455 4179 estimaverint.

1393 4214 1637 4264 Donatus.
2432 4254 2439 4257 J

1456 4290 1540 4339 Ex
1564 4285 1864 4338 incommodis
1883 4279 2101 4346 auctius]
2125 4280 2196 4334 Et
2227 4279 2312 4333 hic
2330 4295 2453 4344 gau-
