3035 4941
686 381 1048 433 Tanaum
1100 383 1442 432 noanon.
1492 383 1659 431 Aer.
1703 384 1805 433 ιν.
1851 383 1955 432 sc.
1990 357 2037 432 ι’.

277 529 295 555 ‘
326 529 515 577 Mirum
539 533 631 592 est,
645 527 989 593 Antiphonem
1008 540 1243 593 quaerere
1261 525 1326 576 de

279 605 524 669 symbolae
548 606 680 669 loco,
699 621 812 656 cum
835 620 991 655 scena
1010 604 1327 668 praecedenti

278 680 513 743 dixisset,
561 683 725 731 locum
771 683 1128 731 constitutum.
1170 694 1327 743 quare

279 755 495 808 Chaerea
518 767 740 808 mutasse
765 759 933 807 locum
964 755 1169 818 debuit,
1191 755 1327 822 quod

278 848 457 883 vacare
480 836 546 883 iis
563 833 866 883 mandandis
881 848 982 883 non
999 839 1195 898 posset,
1211 847 1328 896 quae

278 909 414 959 domi
434 909 577 961 facto
598 926 727 975 opus
749 909 986 970 fuissent,
1011 920 1066 959 et
1089 925 1150 958 ea
1175 910 1328 959 liber·

275 981 328 1034 'to
351 987 513 1037 Disco
544 985 887 1038 commisisse!
953 988 1146 1036 Mirum
1185 993 1331 1036 certe

275 1063 428 1126 foret,
461 1063 817 1128 Antiphonem
855 1077 952 1112 non
996 1076 1229 1129 quaerere
1265 1062 1330 1111 de

275 1140 406 1204 loco,
419 1154 542 1189 cum
555 1154 714 1191 scena
733 1139 1064 1204 proecedente
1079 1138 1299 1189 dixisset
1315 1155 1331 1200 ς

272 1218 287 1242 ‘
313 1230 410 1278 quo
435 1217 488 1265 iu
527 1217 643 1266 loco
672 1214 867 1266 dictum
891 1225 990 1276 est,
1016 1216 1185 1280 parati
1210 1215 1331 1264 nihil

277 1291 386 1341 est!
454 1291 683 1346 Quando
711 1305 837 1356 ergo
856 1306 991 1342 uuuc
1009 1290 1227 1341 Cbaerea
1258 1291 1332 1339 di·

276 1361 364 1434 cit,
406 1373 637 1431 paratam
677 1383 809 1431 esse,
840 1381 1048 1417 necesse
1093 1365 1193 1432 fuit
1230 1368 1331 1418 alio

273 1445 384 1495 loco
427 1451 672 1510 paratum
720 1445 1036 1531 intelligeret
1080 1429 1332 1510 Antipho,

273 1536 424 1587 quam
466 1524 523 1571 in
565 1536 647 1583 eo,
682 1521 766 1585 qui
789 1522 1073 1571 constitutus
1095 1520 1159 1570 ab
1183 1521 1332 1572 initio

274 1591 460 1664 fuerat,
496 1607 550 1647 et
576 1598 630 1647 in
652 1613 754 1664 quo
776 1599 895 1648 nihil
921 1598 1086 1662 parati
1111 1596 1332 1661 viderat,

274 1688 384 1722 cum
408 1673 534 1722 inde
556 1674 672 1736 jam
697 1674 914 1724 veniret.
948 1674 1207 1723 Boeczem.

333 1758 420 1803 61
430 1753 534 1803 Sed
556 1758 692 1803 tanto
713 1754 841 1803 ocius
858 1754 1177 1819 properem]
1212 1755 1337 1804 Pro-

270 1845 484 1893 per-emus
507 1829 664 1892 dixit,
684 1845 778 1894 pro
800 1831 1134 1881 ambulemus.
1156 1831 1339 1882 Donat.

277 1899 282 1906 ’
336 1909 483 1957 Muta
505 1907 706 1971 vestem]
740 1907 873 1958 Haec
897 1906 1130 1970 οἰκονομία
1160 1918 1239 1959 est
1271 1909 1336 1959 ad

277 1985 345 2047 id,
368 1986 507 2049 quod
534 1984 588 2032 iu
614 1984 818 2033 domum
839 1985 1050 2034 Thaidis
1074 1985 1336 2036 rediturus

277 2072 351 2111 est
375 2063 619 2113 Cbaereu.
653 2061 804 2111 Idem.

335 2142 398 2187 62
422 2137 523 2188 Ubi
540 2138 739 2201 maten]
757 2137 914 2187 Vultu
933 2138 1182 2203 ostendit,
1200 2139 1335 2205 quod

277 2213 620 2278 subaudiatur
641 2212 811 2262 nescio.
844 2213 1012 2263 Idem.

340 2292 472 2341 Nam
493 2293 634 2340 domo
654 2290 815 2353 exulo]
849 2291 1015 2342 Deest
1036 2292 1214 2356 Prope,
1247 2300 1338 2344 aut

288 2367 472 2417 Veluti.-
519 2375 579 2415 nt
624 2366 712 2426 sit,
771 2366 946 2430 Prope
989 2368 1103 2431 jam
1165 2370 1338 2419 exulo.

279 2444 434 2495 Exulo
474 2442 682 2495 duobus
722 2442 884 2492 modis
923 2443 1145 2509 dicitur:
1183 2453 1238 2497 et
1270 2446 1336 2497 de

279 2516 389 2574 loco
421 2524 474 2571 in
507 2535 614 2586 quo
644 2519 766 2568 exul
803 2527 901 2583 est,
931 2528 987 2570 et
1018 2521 1083 2572 de
1121 2524 1235 2574 loco
1269 2538 1336 2576 ex

2290 368 2463 434 um»

1384 541 1508 591 nuo
1530 526 1732 590 ejectus
1755 532 1852 577 est.
1888 526 2037 578 laen.

1472 604 1528 651 N
1529 618 1616 652 auc
1636 608 1788 653 metuo
1805 603 2040 667 ,fr-aerem]
2074 602 2270 653 Causas
2292 611 2465 654 osten-

1408 679 1506 743 dit,
1538 685 1631 730 cui·
1659 679 1813 730 domo
1844 680 2052 745 penitus
2079 679 2241 730 veluti
2269 682 2467 731 exalet.

1410 755 1560 805 Idem·

1473 838 1539 883 68
1574 834 1727 884 Pater
1749 846 1818 884 ιιι
1852 849 1963 886 rsa-a
2000 834 2221 898 redierit]
2253 833 2470 899 Prepa-

1411 921 1556 961 ratur
1584 911 1696 976 jam
1736 914 2055 963 interventus
2093 913 2261 963 senis·
2297 921 2354 962 et
2390 921 2471 963 est

1413 986 1594 1049 ζενγμα
1616 990 1680 1038 ad
1703 1003 1991 1053 superiora,
2002 1003 2119 1039 nam
2132 995 2187 1039 et
2211 990 2295 1040 bic
2315 993 2470 1039 nem

1412 1072 1494 1113 est
1517 1063 1941 1116 subaudiendum.
1975 1065 2125 1118 Idem.

1474 1145 1556 1190 62.
1578 1145 1643 1191 63
1678 1142 1844 1190 Metuo
1869 1141 2073 1204 statum
2101 1143 2180 1194 Ne
2214 1143 2346 1194 intas
2372 1143 2469 1192 sit.-

1406 1232 1549 1280 porro
1568 1222 1728 1266 ment
1754 1222 1893 1280 pater
1911 1232 1972 1266 ne
1989 1233 2102 1268 rare
2121 1219 2320 1269 redierit
2339 1218 2472 1281 jons]

1415 1294 1550 1344 Nam
1585 1292 1648 1342 ad
1682 1291 1861 1343 fratris
1900 1294 2140 1358 injuriam
2177 1297 2475 1358 pertinebat

1412 1368 1510 1418 boc
1554 1366 1775 1432 facinus,
1819 1371 1964 1434 quasi
2009 1371 2052 1419 is
2091 1385 2184 1434 pro
2224 1372 2474 1424 Eunucho

1415 1444 1801 1506 adolescentem
1843 1446 2151 1507 subornare,
2203 1463 2371 1513 eaque
2415 1463 2474 1498 re

1414 1524 1633 1574 illudere
1676 1525 1898 1573 muueris
1942 1525 2120 1588 specie
2163 1527 2345 1576 Thaidi
2386 1541 2477 1576 vo·

1415 1600 1614 1649 luisset.
1665 1599 1879 1649 Patrem
1903 1607 2075 1651 autem
2097 1601 2347 1652 indicium
2390 1618 2475 1658 va-

1417 1678 1506 1726 riae
1535 1676 1692 1725 vestis
1715 1676 1779 1724 ad
1807 1676 2029 1741 vestigia
2060 1678 2273 1730 sceleris
2307 1679 2474 1742 inqui-

1417 1753 1568 1802 rendi
1597 1751 1942 1804 deducturum
1980 1762 2111 1804 erat.
2179 1754 2474 1819 Utrumque

1414 1831 1812 1895 προοικονομεῖτιιι
1833 1829 1898 1878 ad
1924 1844 2005 1893 ea,
2028 1845 2146 1895 quoe
2169 1839 2473 1896 sequuntur.

1423 1907 1674 1957 Boeclem.

1480 1988 1546 2034 64
1579 1984 1658 2033 [ὀί
1691 1982 1962 2047 proximum
1998 1980 2096 2045 est]
2127 1981 2245 2034 Hoc
2280 1991 2362 2034 est
2385 1983 2475 2032 do-

1419 2075 1528 2109 mus
1559 2074 1689 2110 mea.
1721 2059 1961 2107 Donatus.

1484 2137 1634 2185 Recte
1674 2134 1810 2184 dicis.
1889 2132 2095 2195 Eamus]
2148 2133 2271 2198 Ipsa
2317 2134 2478 2186 verba

1417 2210 1794 2280 quodammodo
1841 2208 2226 2261 festinationem
2270 2218 2477 2261 sonant.

1417 2292 1571 2344 Iden.

1483 2372 1547 2416 65
1586 2366 1692 2423 Quo
1721 2367 1861 2430 pacto
1886 2363 2050 2428 porro]
2083 2364 2256 2426 Porro,
2279 2370 2484 2428 postea,

1418 2443 1683 2507 deinceps.
1715 2441 1867 2493 Idem.

1119 2694 1429 2762 AGTUS
1524 2697 1652 2762 IV.

285 2812 290 2817 ⁵
340 2827 523 2876 Semta
553 2839 594 2875 1.
632 2824 764 2874 Haec
780 2839 982 2888 quoque
1000 2830 1177 2872 satura
1197 2830 1341 2880 est,e

277 2902 579 2954 Trochaicis
602 2911 657 2954 et
675 2902 919 2952 Iambicis
936 2900 1211 2951 octonariis
1230 2913 1340 2949 aca-

280 2981 536 3031 talecticis
568 2988 622 3027 et
654 2978 985 3041 catalecticis‚
1018 2986 1073 3027 et
1094 2976 1340 3027 Senariis.

281 3052 351 3107 irs.
388 3064 440 3108 3.
485 3060 622 3108 Mss.
657 3057 822 3107 nostri
865 3056 968 3106 duo
1004 3055 1250 3105 omittunt
1283 3054 1342 3103 τὸ

284 3136 518 3185 Chremes.
574 3137 717 3185 νομί.
753 3147 929 3182 omnes
966 3141 1023 3182 ut
1060 3129 1143 3179 ed.
1198 3145 1272 3178 vs.
1291 3135 1339 3179 8.

282 3228 475 3271 omnes,
515 3212 705 3276 incipit.
741 3225 870 3260 unus
900 3210 1175 3274 praemittit
1197 3208 1340 3259 illico.

284 3304 352 3340 vs,
377 3295 457 3341 12.
483 3290 623 3339 duo:
658 3289 793 3338 miles
814 3290 1005 3337 tendere
1026 3289 1077 3336 in
1101 3286 1342 3349 jurgium.

285 3381 355 3415 vs.
383 3371 466 3416 14.
492 3380 656 3415 uuus:
689 3365 893 3427 signum
927 3364 1211 3414 Boeclerus.

346 3444 427 3493 Ita
461 3458 538 3493 me
571 3442 660 3491 DI
686 3442 800 3492 bene
830 3438 1009 3502 ament]
1045 3441 1122 3489 Ea
1142 3454 1344 3504 persona

283 3521 482 3584 quesita
505 3524 598 3581 est,
627 3534 732 3582 quoe
754 3517 1015 3568 terribilem
1034 3519 1196 3567 credat
1217 3517 1342 3565 mili·

285 3603 401 3644 tem.-
432 3601 490 3645 ut
529 3611 582 3645 eo
615 3595 770 3656 magis
805 3595 855 3643 in
892 3594 1172 3657 experiendo
1199 3608 1346 3643 vanus

285 3689 336 3723 οο
357 3673 591 3723 ridiculus
611 3689 709 3723 esse
723 3672 892 3737 possit.
926 3673 1180 3725 Donatus.

349 3757 374 3801 1
412 3753 497 3801 Ita
515 3767 591 3800 me
613 3751 703 3799 DI
728 3750 842 3799 bene
867 3748 1049 3811 ament]
1084 3749 1201 3799 Hoc
1233 3749 1346 3798 loco

285 3828 403 3893 quid
427 3817 549 3893 post
573 3841 782 3876 scenam
801 3834 1003 3890 gestum
1026 3826 1116 3888 sit,
1134 3827 1229 3875 lioc
1246 3834 1347 3888 est,

287 3906 335 3954 in
378 3905 621 3959 convivio
666 3905 862 3965 militis,
907 3905 1092 3954 ancilla
1137 3906 1344 3956 demon·

289 3991 450 4032 strat:
477 3992 534 4032 nt
549 3982 660 4045 jam
683 3996 796 4047 quae
818 3981 870 4029 in
897 3981 1167 4044 proscenio
1189 3996 1344 4047 agan·

288 4064 389 4119 tur,
412 4074 479 4109 ex
500 4058 578 4106 his
603 4057 849 4120 possimus
870 4071 1173 4121 agnoscere.
1197 4057 1347 4107 Idm.

291 4140 296 4143 ’
353 4136 435 4185 Ita
459 4151 530 4185 me
558 4135 631 4184 dii
660 4134 771 4185 bene
789 4134 970 4198 ament]
1003 4133 1066 4182 In
1089 4141 1345 4185 contextu

293 4210 404 4260 libri
429 4211 671 4263 Bembiui
710 4218 759 4258 et
796 4210 849 4260 in
891 4210 1003 4259 aliis
1023 4210 1284 4276 plerisque
1306 4210 1342 4261 l.

295 4277 334 4362 s..
354 4290 583 4341 Terentii
609 4296 675 4357 ¹ct
699 4288 914 4356 Donati,
935 4303 1038 4338 non
1060 4296 1147 4339 est
1163 4289 1346 4352 dictio,

1421 2823 1551 2873 bene.
1595 2830 1815 2890 utroque
1850 2823 2003 2873 modo
2041 2837 2220 2873 versus
2256 2830 2339 2873 est
2378 2825 2481 2871 tr'o·

1422 2902 1634 2951 chaicns
1672 2902 2062 2964 acatalecticus,
2102 2917 2327 2967 sequens
2358 2913 2480 2951 vero

1422 2976 1800 3031 catalecticus:
1835 2980 2021 3031 tertius
2063 2987 2144 3028 est
2187 2978 2481 3029 octonarius

1423 3055 1708 3107 iambicus:
1746 3063 1962 3121 quartus
1996 3054 2286 3105 trochaicus
2322 3060 2483 3103 tetra-

1422 3140 1590 3181 meter
1611 3131 2000 3194 acatalecticus,
2034 3139 2279 3193 cos-repta
2314 3129 2485 3192 priore

1423 3210 1627 3272 syllaba
1648 3209 1701 3258 in
1725 3208 1972 3270 dictione,
2009 3208 2161 3268 illum,
2192 3213 2247 3255 et
2268 3207 2367 3265 ine,
2390 3220 2483 3268 per

1423 3285 1686 3333 elisionem
1730 3285 1879 3333 nnius
1914 3285 1950 3332 l.
1983 3283 2193 3348 quintus
2218 3291 2274 3332 et
2303 3290 2481 3337 sextus

1424 3361 1630 3427 generis
1674 3360 1933 3424 ejusdem:
1986 3358 2171 3423 reliqui
2231 3359 2482 3409 trochaici

1424 3438 1743 3487 catalectici.
1778 3436 2009 3488 Faiimus.

1489 3515 1573 3564 Ita
1603 3529 1677 3563 me
1708 3515 1779 3564 dii
1816 3520 1992 3577 ament,
2024 3512 2131 3577 ξω]
2167 3513 2254 3564 Ad
2276 3528 2486 3567 narrau-

1427 3593 1568 3655 dum,
1607 3606 1722 3656 quae
1764 3591 1816 3640 iu
1847 3592 2086 3641 convivio
2124 3591 2301 3640 militis
2338 3597 2485 3653 gesta

1423 3677 1570 3731 punt,
1602 3670 1863 3723 inducitur
1904 3684 2143 3733 persona,
2178 3671 2343 3721 ‘Quae
2379 3676 2485 3719 ter-

1428 3745 1668 3806 ribilem‚’
1691 3748 1788 3795 ἃς.
1813 3745 1949 3809 quod
1975 3746 2108 3797 bene
2134 3746 2378 3799 Donatus,
2398 3760 2483 3795 an·

1426 3829 1597 3872 notat.
1631 3822 1892 3871 Boecleras.

1495 3899 1739 3955 Quantum
1758 3912 1845 3959 ego
1875 3897 2008 3947 illum
2043 3896 2168 3960 vidi]
2202 3898 2378 3948 Metus
2413 3897 2479 3946 ob

1425 3977 1604 4025 oculos
1629 3975 1775 4038 ponit
1811 3989 1891 4036 ea,
1929 3973 2067 4023 unde
2102 3974 2366 4023 metuitur.
2393 3989 2485 4022 an-

1425 4055 1550 4103 cilla
1592 4052 1705 4105 haec
1747 4051 2030 4101 terribilem
2088 4050 2185 4100 sibi
2231 4042 2485 4099 accidisse

1425 4131 1606 4183 militis
1626 4130 1821 4180 vultum
1835 4136 2143 4192 gestumque
2165 4127 2495 4189 recordatur,

1424 4208 1651 4275 indeque
1692 4221 1759 4255 ex
1797 4205 1959 4269 jurtii
1994 4204 2207 4267 ferocia,
2250 4205 2487 4267 turbam;

1425 4301 1492 4353 ex
1515 4284 1665 4335 turba
1702 4283 1821 4345 viru,
1853 4280 2176 4335 muliebriter
2212 4295 2490 4345 progressa
