3035 4941
670 429 1044 488 'rssnmtssru
1091 440 1431 497 nmmum
1475 449 1644 503 Ao'r.
1694 455 1761 503 V·
1804 456 1911 510 SC.
1946 461 2069 542 *IX-

262 567 469 636 placuit
485 570 584 623 albi
616 573 877 641 Muretus,
896 586 952 631 et
971 595 1081 633 rem
1104 598 1322 650 operose

264 661 326 702 ac¹
353 647 560 709 ingenti
596 654 861 708 molimine
899 662 1179 723 tractavit3
1226 665 1321 716 sed

262 721 501 784 profecto
528 741 715 791 magno
741 741 931 784 conatu
954 737 1024 785 nil
1047 740 1170 801 egit.
1195 742 1319 806 Ipse

258 805 445 859 autem,
493 802 581 865 qui
637 807 1045 873 eloquentissimi
1097 818 1317 870 hominis

173 907 183 912 .
258 874 434 935 gloriae
493 877 669 942 faveo,
716 885 814 935 hoc
858 888 1027 939 dicam
1073 899 1313 947 tantum:

257 950 431 1012 Falsus
456 970 521 1003 ex
547 973 609 1006 eo
632 960 874 1014 Muretus
909 966 1027 1030 fuit,
1060 972 1198 1036 quod
1228 989 1314 1022 ex·

252 1027 498 1082 istimavit
514 1036 728 1098 primam
745 1042 997 1104 syllabam
1015 1047 1068 1095 in
1092 1050 1311 1115 propino,

215 1123 216 1128 ¹
253 1111 361 1159 esse
380 1113 673 1172 necessario
698 1115 932 1180 longam;
964 1122 1018 1171 id
1044 1125 1181 1188 quod
1206 1142 1306 1192 non

252 1189 342 1232 est.
406 1184 484 1236 At
521 1189 782 1255 Muretus,
816 1195 978 1261 dices,
1010 1199 1061 1252 iu
1085 1210 1307 1266 quatuor

249 1255 383 1308 libris
405 1257 564 1312 manu
580 1265 861 1333 descriptis
887 1277 1082 1339 reperit
1101 1280 1303 1341 proebeo,

250 1348 343 1386 non
361 1341 580 1403 propino,
595 1343 688 1394 sed
711 1346 963 1413 Faernus,
984 1354 1135 1416 cujus
1159 1356 1302 1419 apud

246 1426 320 1463 me
363 1414 497 1467 fides
541 1433 642 1469 non
687 1427 900 1476 minoris
938 1440 1040 1491 est,
1076 1431 1301 1485 affirmat

245 1488 291 1538 in
310 1492 521 1555 optimis
558 1498 848 1568 quibusque
886 1505 1133 1571 scriptum
1164 1525 1300 1576 esse,

239 1569 446 1631 propino.
528 1574 664 1625 Dein
689 1586 745 1629 et
767 1579 841 1633 sic
860 1580 1099 1646 legerunt
1122 1588 1299 1639 Dona·

244 1650 336 1705 tus,
359 1655 417 1696 et
452 1650 674 1716 Nonius,
703 1657 840 1718 quod
878 1674 943 1709 ex
978 1661 1296 1727 interpreta-

243 1719 375 1780 tione
417 1724 646 1789 ipsorum
690 1741 919 1785 constat.
1007 1739 1296 1806 Proeterea,

242 1797 279 1847 si
316 1801 593 1855 Terentius
615 1809 946 1875 ·seripsisset,
984 1817 1190 1881 proebeo,
1235 1831 1295 1875 ut

239 1877 342 1927 vult
374 1880 632 1945 Muretus,
666 1886 803 1948 unde
837 1891 1049 1943 tandem
1075 1896 1128 1945 in
1151 1911 1292 1950 men-

239 1958 336 2003 tem
356 1958 595 2025 cuiquam
617 1959 810 2015 homini
828 1970 1075 2035 venisset,
1099 1985 1159 2024 ut
1196 1991 1293 2040 pro

230 2032 422 2096 pra-beo,
479 2047 703 2100 poneret
753 2045 969 2106 propino,
1027 2053 1165 2113 quod
1222 2054 1290 2104 ab

234 2106 318 2156 illo
358 2112 519 2163 altero
556 2116 716 2168 verbo
760 2120 832 2169 ita
876 2134 1128 2176 remotum
1174 2133 1291 2181 est?

234 2180 415 2235 Fateor
436 2190 674 2253 equidem
700 2198 917 2259 primam
950 2203 1200 2265 syllabam
1231 2209 1285 2259 in

231 2262 433 2325 propino,
477 2273 534 2316 et
588 2271 787 2322 ratione
838 2276 1029 2342 linguae
1077 2282 1283 2337 Graecae

237 2334 435 2392 brevem
461 2339 579 2395 esse
602 2348 826 2414 debere;
850 2355 944 2404 sed
968 2365 1023 2407 et
1055 2359 1106 2409 in
1125 2359 1282 2424 prolo-

234 2430 331 2480 gus,
365 2423 532 2486 prima
571 2426 754 2479 itidem
793 2435 987 2500 corripi
1020 2437 1196 2506 debet,
1224 2450 1281 2495 et

236 2508 335 2546 eam
359 2506 528 2551 tamen
546 2503 821 2559 Terentius
857 2514 1278 2583 produxit,quasi

235 2571 382 2650 sivos
406 2593 547 2630 mere
586 2582 774 2637 Latina
812 2598 970 2641 esset.
1039 2596 1200 2661 Quid,
1216 2599 1276 2649 τὸ

440 2824 457 2869 ;
498 2818 552 2861 at
576 2812 715 2863 illam
742 2817 914 2870 Latini
933 2838 1138 2889 semper
1159 2829 1272 2879 lon·

230 2889 333 2937 gam
348 2880 543 2938 faciunt
560 2905 576 2950 ;
618 2892 700 2940 cui
723 2899 960 2958 exemplo
981 2902 1135 2967 longe
1154 2907 1266 2969 plu-

226 2953 343 3006 rima
363 2961 479 3013 addi
505 2977 740 3028 possunt.
805 2973 909 3023 Sed
933 2984 987 3026 et
1005 2979 1267 3035 Martialis
1289 3042 1296 3050 ,

224 3027 322 3092 ipse
343 3049 510 3089 nonne
535 3041 613 3093 bis
637 3053 727 3095 ant
753 3054 834 3098 ter
852 3053 1065 3114 primam
1085 3058 1135 3106 in
1153 3075 1266 3122 pro·

218 3109 320 3166 pino
342 3113 540 3180 longam
576 3119 745 3173 fecit?
810 3128 893 3176 Ex
933 3130 995 3179 iis
1028 3135 1263 3187 omnibus

223 3185 429 3243 efficitur
452 3197 718 3251 Muretum
763 3217 825 3254 eo
866 3206 970 3269 die,
1007 3225 1110 3273 quo
1148 3213 1260 3266 boec

220 3267 477 3333 scribebat,
520 3281 634 3325 που·
668 3292 791 3329 sane
825 3283 979 3333 valde
1017 3296 1259 3340 nasutum

220 3335 377 3397 fuisse.
443 3350 722 3404 Debuerat
758 3359 893 3408 enim
934 3359 1090 3414 facile
1130 3366 1259 3417 olfe-

218 3416 333 3469 cisse
373 3439 520 3476 suum
562 3429 707 3495 illud,
742 3436 948 3500 praeben,
986 3440 1109 3490 nibil
1142 3458 1259 3496 esse

216 3491 339 3545 aliud
380 3514 529 3564 quam
569 3507 823 3569 glossema
854 3517 1149 3577 appositum
1189 3521 1256 3571 ab

216 3566 366 3634 aliquo
388 3579 642 3644 studioso,
681 3587 769 3651 qui
799 3587 895 3639 hoc
919 3594 1255 3654 parasiticum

213 3646 407 3699 verbum
432 3655 886 3722 interpretaretur.
920 3668 1091 3719 Faber.

268 3723 487 3794 Propino]
522 3734 701 3787 Nostri
733 3743 861 3794 Mas.
896 3760 1095 3813 omnes,
1124 3767 1252 3815 ρω-

212 3793 299 3848 beo.
315 3807 447 3867 quod
467 3816 614 3862 tanto
639 3816 813 3867 studio
831 3819 1072 3876 Muretus
1088 3837 1144 3878 et
1164 3831 1250 3882 Fr.

211 3870 453 3934 Fabricius
495 3901 771 3953 reponunt.
806 3898 898 3946 sed
934 3914 1105 3952 cansae
1143 3919 1249 3957 non

207 3960 315 4002 sunt
355 3955 657 4029 hujusmodi,
694 3979 753 4020 ut
793 3975 1135 4040 antiquissimi
1158 3996 1246 4030 cu·

196 4023 368 4095 jusque
392 4038 586 4088 codicis
619 4046 918 4115 lectionem,
951 4056 1109 4105 etiam
1138 4059 1246 4109 No-

206 4102 280 4152 nio
320 4123 377 4159 ac
420 4112 627 4165 Donato
670 4132 946 4191 retentam,
986 4131 1245 4193 postfera·

203 4190 318 4233 mus.
337 4188 449 4238 vide
464 4191 750 4249 Chrestom.
764 4215 877 4252 voc.
892 4205 1106 4257 Comed.
1127 4211 1244 4260 Βω-

203 4256 349 4313 εἶιναι.

259 4336 465 4409 Proebeo]
520 4348 608 4399 Sic
647 4352 777 4404 Mss.

223 4486 226 4489 Α
315 4420 482 4490 Delph.
498 4435 553 4480 et
570 4431 687 4482 ναν.
710 4436 843 4490 Clas.

2286 451 2461 522 lm?

1400 596 1577 644 tamen
1595 599 1684 663 qui
1708 598 1902 654 habant
1915 608 2116 671 μυρίαι»
2132 609 2317 663 eodem
2340 630 2460 668 sen·

1393 683 1476 732 su,
1511 686 1613 737 quo
1648 687 1927 743 usurpatur
1958 685 2023 734 ab
2047 685 2108 734 iis
2130 684 2217 752 qni
2240 703 2298 739 se
2320 691 2453 742 invi-

1391 761 1506 800 cem
1522 750 1585 798 ad
1609 757 1797 815 pocnra
1815 758 2056 813 invitant.
2077 767 2450 828 προπεπωκότες,

1389 822 1558 889 inquit
1577 828 1786 894 Snidas,
1807 834 1913 885 &vr-2
1949 840 2037 887 τοῦ
2056 844 2450 910 παραδεδωκότες,

1386 902 1484 952 &c.
1508 905 1575 952 ab
1607 908 1936 973 antiquorum
1972 920 2347 972 consuetudine
2370 936 2451 972 re·

1385 992 1528 1042 gum,
1571 983 1659 1047 qui
1693 985 1891 1048 phialas
1920 999 2194 1055 argenteas
2226 1005 2320 1047 aut
2356 1013 2447 1049 an·

1385 1068 1500 1106 reas
1524 1066 1909 1124 computoribus
1934 1069 2298 1136 propinabant,
2317 1090 2446 1141 quas

1382 1130 1458 1182 illi
1510 1150 1687 1186 secum
1733 1139 2014 1195 auferrent.
2058 1147 2293 1211 προπίνειν
2336 1151 2445 1202 &nt

1378 1210 1466 1257 τοῦ
1495 1211 1789 1277 χαρίζεσθαι.
1854 1219 2292 1276 Philostratus‘in
2332 1229 2449 1280 vitu-1

1380 1284 1662 1355 Apollonii,
1700 1299 1906 1362 rpus-lm
1938 1317 2015 1352 σοι
2046 1302 2189 1370 ἄνδρα
2206 1306 2439 1367 Ἕλληνα·

1377 1364 1727 1432 ‘venenatam
1766 1385 1969 1439 partem
2005 1380 2154 1433 fratri
2179 1384 2445 1435 edendam·

1374 1445 1698 1514 propinans,'
1760 1454 2022 1519 spartian.
2056 1459 2126 1509 in·
2146 1459 2435 1515 Antonino.

1374 1519 1659 1576 Fmabius.

1389 1619 1398 1632 v
1437 1605 1502 1649 68
1538 1603 1734 1668 Dignus
1753 1610 1847 1674 est]
1904 1613 2229 1667 Haecsverba
2249 1618 2435 1669 ultima

1370 1673 1510 1742 longi
1553 1686 1819 1748 sermonis,
1872 1689 2127 1752 ejusmodi
2183 1702 2325 1759 sunt,
2373 1703 2435 1747 ut

1372 1752 1531 1805 Miles
1553 1756 1667 1809 hoec
1683 1760 1917 1828 audiens,
1938 1768 2202 1820 laudatum
2220 1787 2276 1822 se
2298 1786 2434 1837 esse,

1369 1834 1424 1879 et
1445 1836 1787 1896 approbatum
1810 1843 2094 1897 existimet.
2127 1849 2366 1899 Donatus.

1438 1907 1532 1957 Ubi
1561 1912 1655 1975 vis]
1692 1915 1993 1970 Honorifice
2038 1932 2250 1975 revocat
2286 1926 2430 1977 able-

1366 1991 1543 2048 gatum
1567 2005 1684 2040 cum
1709 1993 1918 2060 injuria,
1956 1998 2178 2050 dicendo
2213 2003 2309 2052 Ubi
2329 2006 2432 2053 vis:

1366 2063 1487 2127 qnia
1507 2070 1676 2118 accede
1696 2071 2058 2134 imperativum
2080 2083 2226 2127 erat:
2251 2086 2305 2128 et
2324 2079 2425 2142 ubi,

1364 2139 1462 2187 nisi
1494 2146 1678 2204 quando
1721 2146 2067 2215 intellexeris,
2101 2153 2283 2203 vitium
2319 2163 2423 2205 est.

1363 2215 1516 2267 Idem.

1423 2299 1489 2344 59
1524 2297 1618 2347 Isti
1637 2303 1686 2349 le
1706 2301 2012 2368 ignorabant]
2053 2306 2241 2370 Figura
2260 2307 2424 2373 ἆκυρο·

1355 2371 1515 2434 λογία.
1583 2373 1667 2426 Ad
1693 2386 1966 2445 utrumque
2003 2382 2139 2432 enim
2172 2386 2421 2447 pertinet,

1357 2456 1413 2500 et
1435 2451 1502 2501 ad
1539 2452 1763 2518 landem,
1786 2465 1844 2507 et
1866 2458 1933 2508 ad
1955 2474 2137 2512 mores.
2216 2463 2286 2513 Et
2319 2462 2420 2516 hoc

1355 2528 1673 2594 ambiguum.
1710 2534 1867 2586 Idem.

1415 2610 1482 2655 60
1514 2608 1783 2661 Secundum
1801 2614 1947 2674 sacta
1981 2621 2028 2666 et
2055 2618 2262 2667 uirtutes
2282 2620 2416 2684 tuas]

1351 2681 1420 2732 Et
1443 2683 1542 2734 hoc
1564 2686 1847 2750 ἀμφίβολον.
1900 2692 2037 2743 Nam
2061 2694 2268 2744 virtutes
2289 2694 2416 2760 εἰρω-

1348 2761 1483 2810 νικῶς
1522 2776 1616 2825 pro
1653 2766 1792 2815 vitiis
1818 2770 2027 2831 posuit:
2075 2778 2154 2834 ut,
2192 2772 2412 2822 ‘Nescis

1346 2837 1435 2900 qni
1467 2838 1547 2887 vir
1575 2841 1726 2891 siet:'
1762 2851 1818 2892 et
1861 2845 2127 2896 ‘Ornatus
2165 2863 2307 2898 esses
2342 2864 2409 2898 ex

1344 2913 1448 2961 tuis
1474 2915 1790 2969 virtutibus.'
1822 2921 1975 2972 Idem.

1410 2991 1569 3042 Facta
1588 2999 1633 3043 et
1657 2996 1887 3060 virtutes]
1921 2998 2145 3064 Proprie
2153 3003 2295 3063 sacta
2318 3005 2410 3052 mi-

1339 3065 1517 3117 litibus
1541 3070 1925 3125 adscribuntur.
1963 3076 2115 3126 Idem.

1405 3145 1563 3195 Facta
1579 3152 1625 3196 et
1646 3149 1869 3214 virtutes]
1916 3151 2156 3201 Amarior
2179 3159 2261 3201 est
2280 3152 2406 3217 εἰρω-

1337 3219 1438 3269 νεία
1459 3222 1511 3270 in
1553 3224 1770 3276 vitiosos
1806 3226 2059 3291 homines,
2090 3244 2242 3295 quam
2273 3233 2407 3282 veri·

1338 3303 1435 3348 tas.
1470 3299 1627 3352 Idem.
1928 3328 1930 3330 ’

1399 3377 1464 3423 62
1520 3377 1784 3442 Nunquam
1845 3380 1993 3432 etiam
2043 3383 2133 3442 sui
2184 3385 2404 3449 usquam]

1335 3450 1607 3515 Numquam
1643 3460 1697 3504 et
1718 3457 1908 3522 locum,
1933 3468 1988 3510 et
2013 3467 2218 3526 tempus
2246 3463 2403 3526 signi-

1331 3528 1502 3580 ficat:
1547 3533 1774 3598 Usquam,
1813 3535 1983 3587 locum
2016 3540 2214 3604 magis:
2258 3541 2402 3590 Nun·

1330 3621 1488 3670 quum,
1511 3622 1632 3659 non.
1702 3613 1774 3663 Et
1805 3628 2057 3678 numquam
2091 3632 2308 3681 usquam,
2330 3619 2402 3679 τῷ·

1328 3681 1596 3750 ἀρχαῖα-μᾷ,
1624 3702 1717 3750 pro
1739 3704 1833 3738 uon
1852 3706 2067 3756 usquam,
2085 3694 2140 3743 id
2164 3703 2261 3758 est,
2280 3710 2400 3745 nus·

1327 3771 1500 3824 quam.
1536 3762 1692 3814 Idem.
1774 3814 1778 3818 .

1396 3838 1530 3894 Quin
1567 3857 1642 3892 me
1675 3859 1836 3895 omnes
1874 3853 2091 3898 amarent
2114 3850 2395 3914 plurimum]

1326 3915 1658 3969 Contrarium
1685 3924 1960 3987 superiori.
2000 3926 2124 3991 quid
2149 3935 2232 3976 est
2255 3929 2396 3977 enim

1323 3991 1461 4050 quod
1506 3992 1640 4043 bene
1675 4011 1777 4046 non
1810 3997 2001 4048 fecerit
2029 4002 2327 4066 quicquam,
2349 4003 2394 4051 si

1323 4065 1375 4114 in
1399 4067 1492 4116 illo
1515 4077 1616 4131 est,
1638 4079 1696 4122 ut
1718 4075 1957 4124 ametur?
1990 4077 2140 4126 Ide-m.

1385 4145 1449 4190 63
1500 4143 1717 4196 Atticam
1775 4151 2107 4214 eloquentiam]
2177 4153 2245 4202 Et
2289 4154 2390 4205 hoc

1320 4214 1576 4284 εἰρωνικῶς,
1598 4231 1657 4272 ut
1678 4210 1910 4290 illa‘quae
1930 4243 2104 4292 supra.
2174 4229 2391 4282 Atticam

1319 4293 1454 4346 dicit
1497 4313 1674 4351 veram
1710 4310 1872 4368 atque
1907 4320 2224 4370 germanam,
2266 4310 2391 4375 qnia

812 4358 1062 4428 plurimi„
1107 4362 1240 4418 Sunt
1317 4375 1575 4427 excultior
1612 4378 1913 4445 eloquentia
1946 4384 2138 4436 dicitur
2166 4384 2348 4437 Attica
2367 4403 2388 4438 ε,

1205 4450 1395 4503 Terent.

2152 4464 2274 4519 ΔΝ
