3035 4941
508 396 878 446 ‘rssltmt'ru
928 397 1563 452 HBAU'roN'rluon.
1609 403 1933 457 Act-111.
1979 411 2085 460 SG·
2132 412 2215 463 11.

358 541 449 587 ’43
477 538 645 603 Neque
662 556 718 591 eo
744 555 870 592 mc
894 542 1026 606 diss]
1070 544 1215 594 Beue
1248 559 1370 608 pnr-

315 621 402 676 gat
434 614 510 677 id,
544 632 671 681 quas
705 617 989 670 immiserat
1033 622 1373 687 suspiciones,

311 704 376 739 ne
400 706 525 740 vero
549 693 661 756 jam
688 695 870 746 credat
896 697 1279 749 adolescentem
1307 700 1370 749 fi-

310 767 434 817 lium
466 778 616 832 pater
638 774 763 821 talia
795 775 876 823 vel
910 774 1086 825 facere
1118 778 1198 826 vel
1230 779 1368 842 cogi·

309 851 441 894 tare.
511 847 763 914 Dixitque
783 865 845 900 se
869 866 1072 903 servum
1105 869 1172 904 ex
1205 857 1367 920 suspi-

306 922 465 970 cione
496 922 599 973 ista
641 934 889 990 metuere,
920 930 1059 993 quod
1091 932 1201 994 ejns
1238 941 1366 983 artas

295 995 408 1058 jam
432 999 571 1062 talis,
607 1004 703 1058 nti,
739 1003 782 1051 si
816 1007 1098 1056 necessitas
1120 1016 1179 1058 nt
1202 1009 1364 1059 Cbre-

305 1080 502 1125 metem
521 1074 599 1125 ita
619 1076 778 1127 ducat
801 1088 858 1129 et
883 1087 1099 1145 tractet,
1117 1086 1362 1149 quemad-

303 1150 516 1200 modum
545 1167 680 1203 nune
718 1169 876 1205 senex
914 1157 1118 1209 videtur
1148 1162 1362 1212 hortari.

372 1304 543 1368 Neque
576 1321 635 1356 eo
662 1324 785 1359 nanc
819 1313 926 1361 dico
956 1317 1080 1377 qaod
1117 1317 1364 1379 qrdcqaam

299 1378 707 1449 mammeri-⁸]
751 1389 909 1438 Liber
938 1391 1243 1456 Bembinus,
1272 1408 1363 1457 qno
1402 1389 1406 1393 ’

302 1471 566 1521 quaequam.
602 1463 846 1515 Faernus.

374 1537 482 1592 Quo
513 1539 759 1602 quicquam
788 1542 925 1593 ium
957 1545 1201 1610 seuseu-in]
1244 1545 1363 1596 Cal-

302 1611 408 1660 lide
432 1613 597 1664 utitur
618 1615 844 1680 ἐλλείψει.
877 1622 1039 1670 etiam
1068 1623 1118 1671 iu
1142 1636 1364 1687 sequen-

302 1688 445 1738 tibus
462 1706 478 1739 z
509 1693 611 1749 sed,
631 1692 677 1741 si
697 1695 829 1758 quid,
843 1711 903 1745 ne
923 1698 1055 1759 qaid.
1087 1698 1172 1747 nbi
1194 1699 1364 1749 oratio

300 1767 450 1816 vultu
473 1774 529 1818 et
559 1770 766 1820 actione
795 1775 1087 1836 suppletur,
1116 1788 1220 1822 non
1251 1775 1363 1824 sine

301 1842 482 1904 speeie
498 1842 707 1895 fidnciae
726 1854 782 1896 et
802 1849 1100 1899 securitatis
1120 1858 1364 1900 assumta.

300 1933 406 1967 non
441 1934 509 1969 eo
549 1925 776 1984 nomine,
802 1940 866 1974 ea
902 1940 1061 1975 causa
1093 1927 1191 1978 boc
1221 1927 1364 1990 dico,

302 1996 452 2059 qnasi
475 1997 748 2062 quicquam
769 2002 1015 2051 senserim
1036 2002 1197 2053 filium
1219 2003 1361 2054 tu‘nm

302 2072 600 2135 hujusmodi
631 2089 798 2125 rernm
821 2080 1074 2143 cogitare,
1107 2087 1197 2129 aut
1228 2082 1362 2131 tales

297 2149 398 2197 sibi
420 2150 475 2198 in
501 2152 670 2201 animo
695 2169 875 2216 parare
899 2157 1212 2221 cupiditates
1229 2175 1245 2208 ε
1268 2158 1361 2208 sed

299 2226 421 2277 ideo
457 2235 680 2291 tantum,
713 2240 788 2294 ut,
825 2234 867 2284 si
909 2235 1033 2299 quid
1078 2234 1218 2285 forte
1250 2237 1361 2299 ejus

297 2306 508 2369 generis
529 2315 728 2369 praeter
758 2324 903 2373 spem
935 2320 1165 2362 nostram
1187 2312 1364 2362 eveni-

298 2389 387 2432 ret
410 2398 654 2447 unquam,
675 2400 742 2433 ne
766 2387 887 2450 quid
912 2402 1052 2452 aegre
1075 2386 1215 2438 feras
1235 2395 1364 2452 tum,

298 2466 394 2509 ant
428 2460 652 2523 mireris,
690 2460 795 2512 filio
824 2470 916 2514 tuo
949 2481 1032 2515 me
1067 2464 1360 2530 adjutorem

295 2550 437 2599 esse,
457 2537 594 2587 sicut
616 2552 754 2589 nnnc
773 2540 955 2590 Cliniae
975 2543 1136 2592 amori
1154 2545 1362 2593 subser-

296 2617 413 2665 vire
450 2632 534 2666 me
560 2618 736 2681 jubes.
771 2620 813 2668 si
840 2622 1080 2684 legatur:
1120 2624 1177 2672 in
1207 2625 1362 2687 mum,

296 2691 647 2757 subintelligit
685 2695 951 2747 Nannins:
995 2700 1050 2748 in
1079 2700 1214 2750 illam
1242 2716 1362 2752 cm

290 2772 476 2832 petere.
509 2769 793 2822 Boeclerns.

369 2845 515 2895 Illum
532 2849 782 2912 senserim]
818 2849 935 2900 Quo
955 2850 1234 2918 quidquam
1255 2855 1364 2904 tale

297 2921 472 2972 inille
490 2925 757 2975 senserim.
799 2926 1084 2979 Fan-nabin.

366 3003 430 3047 44
460 2999 1016 3073 Seddqaffiaequid]
1047 3004 1151 3054 Sed
1174 3006 1363 3072 siquid

297 3074 411 3123 tale
433 3077 689 3139 evenerit,
720 3093 783 3127 ne
806 3078 932 3143 qnid
968 3082 1175 3143 gravius
1209 3081 1365 3133 feras.

298 3165 458 3215 quam
496 3151 722 3203 obnoxia
764 3155 874 3204 istis
914 3155 1073 3205 rebus
1118 3158 1191 3208 sit
1230 3160 1366 3211 illius

299 3237 452 3291 aetas,
473 3229 636 3280 vides.
677 3232 825 3282 Idem.

368 3310 434 3356 45
466 3308 538 3356 Et
558 3323 633 3356 κα
654 3323 741 3369 ego
762 3311 888 3373 ειμι·
906 3325 1018 3361 usus
1036 3312 1212 3374 veniat,
1230 3328 1364 3376 nug·

298 3384 466 3449 utilite,
503 3386 718 3445 Chreme,
753 3394 961 3441 tractare
998 3391 1197 3455 possin]
1229 3392 1363 3443 Joco

298 3460 479 3524 diluit,
501 3463 554 3510 in
578 3464 760 3527 quibus
781 3473 885 3514 tam
908 3469 1043 3517 serio
1070 3466 1237 3519 videri
1272 3483 1363 3531 po·

296 3539 407 3588 tuit
423 3539 890 3601 ὑπεραποληεῒσθαι.
915 3544 1150 3593 Nannins
1170 3545 1366 3607 magni·

296 3616 403 3666 fice
428 3618 481 3666 in
499 3612 869 3681 Calpburuium
880 3620 1140 3684 invectus,
1157 3635 1367 3671 sensum

299 3700 511 3744 tantum
531 3695 684 3758 hujus
706 3697 822 3759 loci,
846 3697 1055 3761 phrasin
1076 3712 1183 3748 non
1202 3698 1366 3761 magis

300 3785 463 3833 qnam
496 3771 586 3819 ille
609 3773 856 3835 explicat.
888 3778 1114 3832 tractare,
1151 3783 1235 3825 est
1267 3777 1367 3825 δια·

298 3848 548 3911 χειρῆσω,
601 3851 897 3911 ψηλαφῆσαι.
936 3852 1013 3900 ita
1059 3851 1244 3915 figulus
1290 3854 1365 3902 lu-

302 3933 442 3986 tum,
472 3925 671 3986 plastes
711 3941 884 3976 ceram
907 3934 1106 3977 tractat
1141 3936 1198 3978 et
1230 3925 1367 3979 int'er

299 4015 491 4051 manus
517 4008 702 4052 versat.
725 4002 843 4052 binc
863 4001 1176 4054 transfertur
1197 4004 1264 4054 ad
1284 4019 1368 4067 ea,

302 4092 427 4140 quae
466 4078 707 4140 consilio,
752 4086 808 4130 et
851 4080 1051 4130 ratione
1096 4088 1367 4130 versantur

301 4153 414 4202 sive
435 4153 733 4216 agitantur:
766 4162 824 4205 et
856 4155 909 4203 in
946 4164 1216 4220 utramque
1247 4171 1367 4220 par·

302 4237 416 4278 tem
448 4229 724 4292 significat.
769 4231 997 4295 optimus
1029 4230 1177 4280 nobis
1208 4231 1368 4281 inter·

307 4319 432 4371 pres
475 4305 754 4359 Terentius
798 4307 944 4374 ipse:
1006 4306 1202 4361 Heaut.
1242 4319 1283 4358 1.
1322 4312 1368 4359 1.

2328 400 2499 468 1347

1444 550 1561 599 101.
1630 552 1648 580 ·
1671 551 1809 602 Puto
1849 553 1994 604 illam
2036 556 2424 625 obsequentem,
2454 563 2508 612 si‘

1441 627 1555 689 quis
1593 634 1736 678 recte
1773 637 1866 680 ant
1905 636 2170 684 commode
2209 642 2501 690 tractaret.’

1441 707 1500 749 et
1538 716 1613 751 vs.
1639 707 1724 753 49.
1769 707 1785 733 ‘
1809 707 1958 771 Coepi
1993 710 2216 760 animum
2251 723 2499 775 aegrotum

1441 778 1835 844 adolescentuli,
1855 799 1959 835 non
1982 794 2042 836 ut
2058 788 2253 846 decuit,
2273 797 2506 842 tractare

1440 855 1535 905 sed
1557 857 1648 908 ut.’
1688 867 1792 909 act.
1813 874 1898 911 111.
1932 878 2009 913 sc.
2028 869 2076 914 3.
2097 880 2174 916 vs.
2198 871 2307 920 125.
2347 871 2363 897 ‘
2382 870 2498 919 b'aec

1442 941 1557 984 arte
1582 937 1837 988 tractabat
1858 940 2057 992 virum!
2081 943 2168 992 Ita
2179 944 2263 993 bic
2285 961 2298 994 ε
2319 948 2498 1009 possins

1440 1014 1489 1058 te
1520 1012 1774 1078 magnifice
1812 1020 2038 1069 undare.
2091 1034 2189 1069 non
2227 1021 2337 1070 sine
2372 1038 2498 1086 qua-

1440 1085 1559 1136 dam
1603 1088 1782 1141 ironia.
1838 1096 2092 1156 praeclare
2154 1098 2341 1161 calleo,
2393 1115 2502 1164 qno

1440 1170 1599 1227 pacto
1615 1167 1835 1217 animum
1854 1177 1999 1220 tuum
2017 1179 2243 1224 tractare
2260 1175 2503 1238 debeam,

1439 1250 1500 1291 ut
1544 1242 1821 1308 decipiaris
1867 1250 2086 1299 scilicet.
2153 1266 2272 1300 nam
2311 1253 2504 1316 ipsum,

1438 1323 1664 1382 tractor-e,
1701 1337 1803 1372 non
1846 1325 2107 1388 significat
2144 1325 2384 1379 illudere
2407 1341 2504 1380 aut

1438 1393 1654 1447 fallere:
1699 1399 1790 1448 sed
1819 1414 1848 1448 a
1872 1407 2231 1468 consequenti,
2261 1407 2349 1471 qni
2377 1419 2495 1469 per-

1437 1474 1510 1523 ite
1552 1482 1747 1526 tractat
1785 1479 1979 1530 animos
2016 1483 2294 1545 bominum,
2341 1482 2502 1535 facile

1438 1549 1590 1601 fallit.
1620 1554 1871 1619 magnifice
1893 1561 2122 1620 tractare,
2144 1559 2198 1608 id
2227 1566 2307 1608 est
2339 1559 2501 1623 quod,

1437 1631 1543 1677 arte
1584 1633 1810 1680 tractare.
1853 1647 1955 1696 quo
1995 1650 2153 1698 scopo
2195 1635 2249 1684 id
2286 1634 2397 1692 fiat,
2430 1650 2504 1686 ex·

1439 1712 1688 1756 contextu
1722 1708 2045 1773 intelligitur.
2089 1713 2267 1778 itaque
2306 1712 2501 1764 frustra

1439 1794 1577 1841 sunt,
1623 1787 1711 1850 qui
1756 1789 2056 1854 magnificans
2108 1792 2284 1841 nescio
2343 1807 2501 1856 qnam

1440 1863 1800 1912 tractationem
1816 1864 1900 1914 bic
1917 1867 2204 1929 requirunt.
2226 1867 2340 1930 quis
2357 1868 2497 1917 enim

1438 1938 1624 2001 nescit,
1656 1940 1924 2004 magnifice,
1963 1941 2222 2003 splendide,
2253 1944 2499 2004 preclare,

1436 2014 1686 2077 hederate,
1726 2030 1830 2063 non
1867 2015 2199 2081 infrequente
2240 2018 2407 2081 figura
2443 2020 2500 2067 in

1436 2091 1499 2141 iis
1523 2091 1674 2141 rebus
1699 2091 1821 2153 dici,
1843 2108 1958 2156 quae
1982 2096 2151 2157 perite
2172 2094 2319 2157 fiunt,
2338 2102 2497 2159 atque

1435 2177 1496 2219 ut
1520 2185 1651 2233 opus
1664 2180 1767 2233 est,
1785 2186 1847 2220 ex
1862 2179 1975 2221 arte
1999 2181 2088 2222 aut
2108 2174 2307 2235 regula.
2340 2174 2495 2223 Plau-

1437 2248 1577 2297 tinus
1613 2249 1753 2299 locus
1790 2250 1844 2297 in
1894 2250 2065 2299 Milite
2109 2265 2173 2300 11.
2207 2255 2257 2300 6.
2300 2255 2379 2300 lo.
2413 2254 2498 2300 30.

1437 2324 1580 2373 nullo
1624 2325 1777 2375 modo
1820 2326 1919 2374 huc
1962 2326 2250 2390 comparari
2299 2333 2494 2389 potest.

1440 2413 1619 2449 servus
1676 2401 1750 2450 ibi
1785 2403 2015 2451 tractarit
2045 2402 2328 2465 mulierem,
2372 2403 2407 2450 i.
2445 2414 2500 2451 e.

1437 2492 1593 2528 manu
1614 2479 1807 2543 injecta
1825 2480 2045 2542 arripuit
2063 2481 2119 2529 in
2141 2479 2281 2529 aedes
2299 2486 2500 2529 tractu·

1437 2568 1558 2603 rus:
1597 2563 1659 2603 ut
1701 2570 1766 2605 ex
1799 2571 1959 2605 scena
2002 2556 2333 2620 praecedente
2373 2569 2498 2604 con-

1437 2638 1565 2681 stat.
1620 2637 1826 2682 trmata
1876 2647 2000 2696 ergo
2042 2633 2227 2696 hospita
2267 2640 2350 2681 est
2402 2631 2500 2693 ibi,

1438 2708 1585 2771 quasi
1608 2717 1835 2772 raptata,
1859 2711 1909 2759 vi
1927 2717 2161 2774 arrepta,
2175 2717 2367 2760 tracta.
2384 2710 2496 2758 nul·

1437 2784 1519 2834 lus
1555 2784 1982 2836 circumventioni
2016 2788 2177 2837 locus.
2209 2801 2324 2836 nam
2357 2783 2501 2849 quod

1438 2860 1672 2925 additur,
1702 2862 1967 2926 ludificata,
1989 2862 2394 2926 descriptionem
2424 2861 2499 2909 in-

1429 2936 1591 3000 juriae
1613 2936 1891 3000 significat.
1929 2939 2186 2987 Boecleras.

1506 3013 1576 3061 Ee
1596 3028 1669 3061 πα.
1690 3028 1775 3073 ego
1808 3018 1871 3076 te,
1898 3014 2006 3077 ξω]
2058 3014 2246 3076 Neque
2267 3011 2500 3074 indigne·

1441 3087 1532 3147 ris,
1553 3088 1616 3149 si,
1646 3088 1735 3137 ubi
1760 3090 1866 3138 tale
1887 3089 2012 3153 quid
2034 3089 2288 3149 evenerit,
2322 3102 2422 3149 ego
2443 3093 2498 3135 te

1438 3163 1714 3227 magnifica
1756 3165 1927 3228 aliqua
1978 3171 2035 3213 et
2077 3163 2265 3226 insigni
2310 3163 2502 3212 techna

1439 3242 1713 3303 excipiam.
1737 3241 2028 3290 Far-nabitu.

1499 3321 1568 3368 46
1601 3318 1682 3368 De
1703 3318 1855 3367 isthoc
1873 3333 1979 3367 cass
1995 3316 2133 3379 usas]
2165 3317 2218 3366 Si
2242 3315 2365 3380 qnid
2393 3315 2498 3365 tale

1439 3392 1734 3458 contigerit,
1765 3404 1887 3445 tunc
1911 3395 2212 3452 videbimus..
2245 3394 2381 3458 quod
2407 3407 2499 3459 ne-

1439 3472 1653 3520 cessitas
1672 3479 1826 3536 coget
1848 3468 2048 3521 facere..
2073 3470 2396 3533 Eugmphias.

1501 3550 1570 3595 48
1627 3547 1880 3609 Nunquam
1931 3547 2212 3595 comatus
2268 3543 2500 3607 anquam}

1443 3619 1861 3682 Observandum,
1873 3636 2110 3684 tanqum
2128 3636 2343 3685 anquam.
2373 3619 2500 3668 Fab.

1503 3702 1571 3748 49
1602 3698 1682 3747 Ne
1701 3713 1841 3762 qaam
1858 3699 2222 3761 malefacerent]
2240 3697 2357 3747 Nisi
2380 3709 2500 3745 cum

1440 3788 1526 3824 me
1549 3788 1710 3823 senex
1732 3776 2048 3824 adhortatur.
2090 3774 2242 3823 Idem.

1506 3850 1616 3899 Nec
1642 3864 1747 3902 cam
1763 3850 2102 3911 malefacerent,
2120 3848 2272 3911 crem]
2324 3847 2502 3895 Mure-

1443 3933 1529 3977 tus
1565 3924 1796 3975 detraxit
1840 3927 2063 3988 literam,
2107 3924 2497 3986 facilioremque

1440 4001 1570 4052 fecit
1604 4002 1932 4063 sententiam,
1952 4001 2193 4063 legendo,
2211 3998 2503 4056 malefacere.

1440 4077 1547 4129 Sed
1572 4078 1689 4126 libri
1712 4076 1893 4140 scripti
1925 4075 2342 4126 constantissime
2368 4087 2502 4136 prae·

1443 4152 1620 4203 ferunt
1653 4152 1711 4202 τὸ
1731 4152 2066 4213 malefacerent·
2131 4149 2399 4201 Constabit
2424 4149 2500 4198 sic

1443 4243 1646 4296 quoque
1690 4242 1888 4290 sensus,
1920 4229 1963 4276 si
1997 4225 2272 4277 subaudias
2305 4224 2367 4273 τὸ,
2397 4224 2501 4284 ubi,

1446 4312 1539 4358 aut
1558 4303 1756 4368 aliquid
1775 4304 1957 4356 simile.
1979 4319 2097 4357 nam
2119 4311 2175 4359 et
2195 4303 2284 4355 illa
2303 4299 2506 4354 Murco
