3035 4941
742 435 1113 483 TEREN'ru
1161 434 1445 483 aleva.
1492 435 1657 483 Act.
1707 436 1784 483 u.

306 576 617 639 addidisset,
638 592 695 627 se
717 578 890 641 potius
912 578 1191 639 laudasset,
1210 592 1365 643 quam

304 657 515 719 culpam
536 654 844 718 agnovisset.
873 656 1002 705 Mer.
1028 655 1343 705 Casa-ibana.

376 732 507 781 Hem
528 731 771 794 Sostrata]
808 732 937 784 Quae
975 733 1177 793 dixisti,
1204 734 1219 760 ‘
1247 732 1363 782 Non

301 823 423 858 mea
457 823 618 871 opera
648 822 817 872 neque
849 809 937 872 pol
969 809 1123 871 culpa
1153 808 1363 857 evenit.'

309 884 555 934 Donatus.

373 960 491 1009 Heu
511 974 583 1008 me
602 958 843 1023 miseram]
893 958 978 1009 Ad
1017 975 1074 1009 se
1107 961 1265 1009 rediri
1291 968 1362 1009 to·

305 1039 466 1101 tiens,
500 1038 647 1103 quasi
691 1036 969 1100 delassata,
1011 1038 1361 1102 conqueritur.

371 1197 437 1241 80
474 1192 729 1242 Certumne
751 1196 820 1240 est
840 1188 983 1253 istoc]
1016 1189 1168 1243 Quod
1189 1189 1363 1238 Philu-

305 1285 464 1321 mena
485 1283 590 1319 uon
612 1268 805 1318 redeat.
841 1268 993 1317 Idem.

374 1349 633 1399 Certumne
660 1352 733 1396 est
764 1344 925 1398 istuc?
953 1360 1075 1394 nunc
1104 1343 1290 1408 quidem
1310 1348 1368 1393 ut

297 1426 515 1490 videtin-J
541 1425 820 1474 Certumne
840 1429 921 1473 est
938 1421 1110 1471 istud?
1134 1435 1207 1473 sc.
1230 1418 1366 1486 quod

299 1515 406 1550 non
430 1501 661 1551 reditura
692 1500 759 1550 sit
791 1499 1097 1553 Philumena
1133 1504 1251 1547 ante
1276 1497 1363 1545 ad-

300 1586 516 1628 veutum
541 1576 814 1641 Pamphili.
838 1575 1209 1641 respondetur:
1243 1589 1367 1624 nuuc

299 1655 512 1718 quidem,
550 1659 604 1703 ut
645 1655 848 1703 videtur.
921 1651 1178 1716 mitigavit
1228 1652 1364 1701 euim

303 1731 621 1795 Phidippus,
662 1731 805 1795 qnasi
845 1729 957 1792 spei
996 1729 1164 1778 locum
1198 1728 1367 1789 daret,

305 1821 460 1870 posse
483 1807 673 1872 aliquid
697 1805 957 1868 accidere,
977 1819 1079 1870 qno
1105 1804 1366 1853 Philume-

300 1900 371 1934 na
396 1885 619 1934 animum
658 1890 884 1933 mutaret
905 1899 920 1943 3
961 1882 1183 1946 sibique,
1206 1889 1263 1931 ut
1286 1894 1363 1931 re·

304 1962 465 2022 diret,
486 1961 790 2025 persuaderi
812 1965 1103 2024 pateretur.

372 2041 526 2095 Quod
551 2040 614 2091 ad
642 2038 985 2092 accusationis
1019 2043 1075 2086 et
1106 2035 1363 2086 defensio·

298 2119 403 2181 nis,
422 2120 561 2169 inter
592 2120 683 2168 hos
716 2131 887 2178 senes,
906 2122 1165 2167 momenta
1195 2121 1252 2162 et
1286 2128 1364 2162 ar·

299 2204 551 2263 gumenta
592 2195 847 2259 pertinet,
888 2192 1022 2243 bene
1064 2189 1365 2255 explanavit

301 2273 567 2324 Donatus.
599 2271 857 2320 Boeclerus.

375 2349 629 2398 Cer-tumn
648 2351 721 2396 est
736 2342 890 2406 istud]
944 2342 1098 2393 Itane
1120 2348 1228 2392 stat
1248 2355 1362 2393 sen-

302 2425 514 2477 tentia?
546 2425 680 2478 Mer.
705 2421 1021 2474 casaubonus.

372 2502 634 2567 Numquid
653 2500 749 2565 vis]
770 2497 1105 2550 Discedentis
1130 2495 1363 2548 verbum.

298 2581 546 2631 Donatus.

370 2662 431 2707 31
473 2655 719 2719 stmire]
749 2655 870 2706 Cito
892 2655 987 2705 ire.
1019 2654 1171 2703 Idem.

373 2735 537 2799 Quod]
600 2736 830 2798 Propter
882 2730 1046 2797 quod;
1095 2737 1151 2780 ut
1204 2743 1365 2794 saepe.

300 2817 437 2868 Mer.
464 2817 785 2866 Cambonum.

369 2894 553 2944 Sosus
592 2906 682 2942 111.
763 2888 1033 2939 Trochaici
1079 2884 1363 2950 septenarii

302 2978 582 3098 au{aurata
614 3052 697 3095 est
720 3042 959 3107 apologia
983 3045 1254 3097 matronae,
1273 3052 1363 3101 op·

299 3125 478 3190 posita
499 3122 812 3186 importunae
835 3114 1148 3166 accusationi
1170 3113 1367 3163 Lache-

303 3203 374 3252 tis
397 3202 449 3252 in
476 3214 634 3251 scena
668 3199 836 3264 prima
856 3194 1006 3259 hujus
1032 3199 1196 3242 actus.
1252 3191 1367 3241 13oe-

298 3281 552 3423 fmm·
554 3358 572 3405 1
598 3371 659 3406 ne
678 3369 766 3405 nos
784 3351 953 3402 παιᾶν’
952 3364 1001 3402 es
1022 3362 1182 3397 umus
1205 3343 1364 3416 inique

299 3452 435 3501 oeque
455 3433 636 3496 onus]
670 3432 733 3480 In
764 3430 852 3480 hac
883 3441 1023 3480 scm
1052 3428 1126 3475 est
1146 3419 1365 3471 allocutio

300 3529 397 3577 qun
432 3510 678 3562 inducitur
710 3521 866 3557 secum
894 3506 1251 3568 Ιοφιαιεαιιιιει
1281 3512 1369 3564 per

301 3605 446 3654 quam
475 3588 736 3640 ornanum
768 3597 922 3633 mores
954 3581 1071 3641 qim,
1102 3584 1151 3629 et
1183 3577 1371 3626 animus
1433 3602 1450 3616 κ

301 3667 440 3724 mitis
460 3663 671 3725 intelligi
689 3662 858 3727 possit.
888 3660 1146 3709 Donatus.
1222 3722 1230 3731 .

353 3748 395 3796 ,1
437 3741 637 3804 AEdepol
665 3753 726 3789 ne
761 3752 842 3786 nos
876 3732 1119 3796 mulieres]
1166 3728 1366 3779 Laches

301 3811 619 3885 'generaliter
631 3815 888 3866 incusavit
902 3826 1079 3862 socrus
1092 3826 1107 3873 3
1131 3809 1241 3858 haec
1257 3806 1369 3870 plu·

304 3897 465 3946 rimas
501 3890 757 3942 defendit.
823 3889 993 3939 Causa
1024 3883 1369 3936 accusationis

301 3975 520 4038 iniquae,
546 3974 592 4022 N
600 3985 666 4020 on
690 3969 825 4020 enim
848 3981 1024 4017 omnes
1052 3979 1227 4014 sumus
1260 3977 1367 4042 ma-

300 4052 388 4103 lae.
424 4050 575 4100 Idem·

1833 436 1935 484 sc.
1984 435 2091 483 111.
2328 421 2500 484 1541

1513 578 1683 641 Inique
1718 578 1872 643 eque]
1927 580 2192 631 Comivum
2228 582 2499 645 παρόμοιον.

1446 656 1519 711 Et
1539 656 1658 706 vide
1680 658 2012 718 senteutiam,
2042 657 2392 707 defensionem
2415 674 2501 709 ac-

1443 741 1737 783 cusaturum
1806 748 2045 782 socruum
2107 735 2462 783 continentem
2482 752 2498 785 ι

1442 818 1631 861 contra
1666 810 1790 859 illud
1833 810 1970 875 quod
2006 811 2098 871 ait,
2139 813 2153 838 ⁴
2184 811 2369 875 ltaque
2395 825 2500 861 uno

1443 885 1614 935 animo
1651 901 1827 935 omues
1854 901 2031 935 socrus
2062 886 2283 935 oderunt
2308 887 2504 937 nurus!

1444 960 1686 1012 Officium
1703 964 1836 1013 enim
1861 963 1979 1012 boni
1993 963 2172 1013 Poetae
2194 964 2501 1024 est‚nullum

1443 1052 1608 1102 genus
1650 1038 1905 1087 hominum
1946 1038 2245 1102 specialiter
2289 1037 2502 1089 laedere.

1442 1114 1532 1164 Sic
1550 1114 1828 1177 Virgilius:
1863 1117 1880 1144 ⁴
1905 1113 2057 1167 Quod
2081 1129 2223 1177 saepe
2253 1115 2402 1163 malae
2428 1115 2500 1164 le-

1445 1204 1568 1251 gere
1612 1190 1886 1241 novercae!
1950 1190 2015 1241 Id
2050 1196 2148 1253 est,
2185 1206 2286 1241 uon
2322 1205 2501 1241 omnes

1446 1282 1704 1328 novercae,
1724 1267 1816 1316 sed
1838 1274 2039 1318 tantum
2062 1270 2229 1318 mala».
2268 1270 2414 1318 Idem.

1507 1348 1539 1393 3
1575 1345 1707 1393 Nam
1735 1344 1808 1393 ita
1834 1360 1905 1393 me
1933 1345 2022 1395 DI
2037 1346 2215 1409 ment]
2252 1346 2398 1394 Bene
2413 1347 2499 1410 jn-

1443 1430 1541 1474 rat.
1573 1439 1692 1473 nam
1708 1426 1818 1472 siue
1827 1424 2174 1488 jurejurando
2193 1426 2502 1476 incredibile

1444 1509 1545 1561 est,
1561 1501 1630 1550 sit
1653 1499 1789 1549 bona
1810 1513 2008 1549 socrus.
2041 1500 2191 1550 Idem.

1513 1578 1651 1633 Quod
1684 1591 1757 1626 me
1789 1577 2003 1642 accusat]
2041 1578 2211 1633 Deest
2245 1579 2298 1626 in
2332 1594 2402 1628 eo.
2443 1580 2503 1628 ut

1445 1653 1533 1715 sit,
1557 1652 1619 1702 In
1644 1667 1704 1702 eo
1726 1653 1860 1718 quod
1886 1668 1967 1702 me
1992 1662 2210 1702 accusat
2245 1669 2383 1704 nunc
2407 1655 2506 1719 vir,

1443 1745 1554 1780 sum
1573 1737 1725 1778 extra
1746 1729 1966 1778 noxiam.
2023 1727 2107 1778 An
2129 1732 2266 1793 quod,
2289 1724 2506 1794 propter

1445 1807 1602 1872 quod.
1638 1807 1792 1856 Idem·

1506 1889 1540 1933 4
1575 1885 1657 1933 Ita
1690 1885 1897 1932 animum
1922 1881 2236 1946 induxerunt]
2277 1883 2504 1934 Inducere

1438 1961 1650 2017 animum
1682 1966 1766 2011 est
1803 1960 1879 2009 ita
1911 1965 2113 2023 tenere,
2148 1967 2206 2008 ut
2230 1975 2330 2009 uon
2355 1963 2504 2013 amit·

1442 2046 1591 2089 tant:
1625 2037 1681 2088 id
1709 2043 1810 2100 est,
1844 2035 2160 2101 persuadere
2191 2037 2364 2086 animo
2387 2053 2502 2091 suo.

1506 2198 1538 2242 6
1573 2192 1749 2242 Soet-us
1768 2204 1924 2240 omna
1939 2204 2040 2240 esse
2063 2188 2274 2253 iniquas]
2301 2189 2502 2241 Intelli-

1442 2271 1604 2335 gitnr,
1624 2269 1813 2335 quibus
1841 2268 2058 2333 iniquas,
2079 2266 2133 2315 id
2155 2274 2235 2315 est
2258 2267 2501 2319 nuribus:

1441 2346 1563 2410 quia
1578 2359 1757 2394 socrus
1779 2356 1965 2392 nomen
1988 2350 2070 2391 est
2088 2340 2153 2391 ad
2175 2342 2370 2406 aliquid
2393 2342 2502 2397 dic-

1444 2431 1571 2474 tum.
1607 2423 1757 2472 Idem.
2511 2419 2532 2427 “

1509 2501 1659 2551 Haud
1676 2502 1756 2564 pol
1773 2515 1845 2551 me
1865 2498 2074 2563 quidem]
2107 2491 2236 2550 Esse
2279 2498 2503 2562 iniquam

1445 2579 1861 2637 subaudiendum
1883 2584 1966 2627 est
1986 2591 2017 2626 a
2046 2578 2333 2641 superiore,
2355 2582 2413 2624 ut
2435 2575 2505 2625 sit

1442 2658 1538 2721 pol,
1564 2670 1659 2719 pro
1683 2653 1835 2724 pleno
1853 2651 2216 2717 jurejurando.
2255 2652 2407 2701 Idem.

1511 2734 1662 2782 Haud
1672 2733 1753 2797 pol
1771 2746 1842 2779 me
1857 2727 2063 2795 quidem]
2083 2725 2506 2778 subandiendum

1442 2811 1541 2860 scio
1573 2824 1693 2869 esse,
1718 2814 1809 2856 aut
1843 2806 1954 2856 novi
1975 2820 2092 2861 esse,
2117 2811 2207 2854 aut
2229 2805 2334 2852 tale
2359 2800 2506 2866 quid,

1441 2885 1725 2944 secuudum
1747 2882 1978 2945 ἔλλειψιν,
1991 2896 2106 2946 quae
2128 2878 2401 2929 familiaris
2422 2884 2509 2929 est

1444 2961 1542 3023 his,
1562 2961 1650 3029 qui
1674 2973 1851 3012 secum
1874 2960 2169 3022 loquuntur.
2201 2955 2352 3004 Idm.

1507 3042 1542 3087 6
1579 3039 1695 3095 Nec,
1731 3035 1813 3097 qui
1848 3034 1934 3083 Ιιοο
1973 3032 2092 3082 milti
2132 3030 2343 3100 eveniat]
2388 3029 2505 3110 Qui,

1448 3114 1599 3164 unde.
1645 3114 1795 3162 Idem.
1909 3109 1912 3112 ’

1510 3195 1542 3239 7
1579 3190 1753 3238 Multis
1773 3186 1946 3250 modis]
1978 3184 2344 3233 Vehementer.
2393 3182 2496 3232 Ia:

1510 3268 1627 3330 dam
1647 3269 1858 3328 expecto,
1874 3268 1927 3316 ut
1950 3263 2114 3310 redeat
2135 3258 2344 3321 domum]
2368 3259 2507 3311 Quia

1446 3346 1569 3396 nihil
1589 3344 1771 3394 mirum
1797 3344 1849 3390 in
1887 3347 2056 3390 matre
2092 3345 2194 3400 est,
2225 3343 2507 3400 expectare

1446 3434 1506 3478 ut
1528 3424 1662 3484 filius
1680 3426 1893 3472 redeat:
1919 3419 2115 3478 idcirco
2134 3415 2370 3465 additum·
2391 3415 2510 3464 mul-

1448 3503 1515 3552 tis
1537 3501 1699 3560 modis.
1738 3497 1905 3547 Idem.

1519 3577 1630 3627 Nisi
1663 3577 1741 3640 pol
1756 3574 1920 3640 filium
1949 3571 2111 3622 mltis
2131 3568 2395 3628 modisjam
2421 3582 2507 3616 ex-

1439 3661 1576 3719 pecto
1591 3660 1645 3703 ut
1665 3655 1826 3702 redeat
1845 3648 2054 3711 domurn]
2081 3648 2158 3696 Ex
2181 3645 2378 3695 ratione
2395 3645 2508 3694 ver-

1447 3748 1553 3789 suS,
1583 3730 1671 3796 qui
1710 3737 1790 3779 est
1829 3727 2120 3777 trochaicus
2155 3722 2511 3783 catalecticus,

1447 3807 1719 3873 legendum
1756 3805 2047 3855 multimodis
2061 3819 2080 3862 ,·
2130 3816 2281 3865 quam
2320 3798 2509 3849 dictio·

1447 3900 1567 3940 nem
1592 3891 1648 3934 et
1671 3883 1723 3931 in
1750 3881 1949 3931 Andria
1988 3877 2330 3944 reposuimus,
2357 3865 2509 3924 exli-'-

1451 3962 1546 4012 bro
1569 3961 1842 4020 Bembino,
1867 3956 1954 4006 ubi
1976 3956 2028 4005 in
2051 3947 2261 4019 vulgata
2282 3948 2509 4004 lectione

1454 4040 1654 4105 pariter
1674 4045 1808 4100 erat,
1824 4035 1987 4085 multis
2005 4032 2171 4083 modis.
2207 4028 2456 4079 Faernus.
2487 4077 2502 4108 k
