3035 4941
565 433 738 499 1156

634 594 848 660 Phania]
870 591 1085 644 Hoc-ita
1115 590 1249 643 dicit
1271 591 1437 654 Crito,
1458 589 1517 644 nt
1539 605 1630 641 ne·

568 688 652 724 mo
670 672 908 724 audiret:
945 669 1151 720 scilicet
1173 668 1341 718 adbuc
1365 668 1626 731 dubitans,

573 764 639 801 an
663 750 776 812 ipse
797 748 885 798 sit.
919 747 1066 796 Idem.

632 830 699 875 26
733 822 888 887 Hem]
928 824 1064 872 Sunt
1099 822 1186 887 qui
1228 827 1433 886 putant,
1464 821 1627 871 Simo·

1247 439 1465 497 NO'PAE
1511 445 1916 498 vammum
1965 446 2044 496 m

1764 595 1825 642 sl
1836 593 2050 654 Noram,
2065 595 2113 643 et
2132 591 2252 658 scio]
2265 591 2463 645 Noram
2480 590 2756 649 Phaniam.

1700 668 1810 719 scio
1832 668 2049 720 fratrem
2070 668 2244 720 fuisse.
2308 672 2452 736 Ergo
2471 678 2528 722 et
2550 672 2617 722 ad
2639 683 2761 737 per·

1699 757 1876 794 sonam
1899 752 1955 795 et
1978 745 2042 794 ad
2070 759 2176 795 rem
2203 746 2402 797 retulit.
2434 749 2672 798 Donum.

1762 822 1826 869 ⁸2
1860 821 2033 885 Meque
2061 821 2113 871 in
2144 822 2312 871 Asiam
2328 838 2625 888 persequens,
2643 829 2760 887 ΜΒ

501 894 508 898 ’
570 915 689 953 nem
713 901 928 962 dicere,·
949 899 1259 948 irascentem
1294 898 1420 962 filio,
1456 899 1629 949 Crito·
1655 899 1659 906 ’
1682 894 1948 962 ficiscitur]
1976 899 2120 948 Bene
2142 898 2196 948 in
2215 899 2403 962 Asiam,
2438 899 2528 949 nbi
2561 900 2758 950 bellum

511 993 512 996 ¹
568 992 686 1029 nem
709 974 1054 1027 submonenti.
1085 974 1237 1025 Idem.

635 1053 798 1116 Perii]
821 1052 940 1102 Hoc
962 1051 1263 1115 Pamphilus
1286 1059 1405 1116 post
1424 1051 1626 1102 iracun-

568 1129 707 1179 diam
729 1127 909 1192 patris.
977 1126 1061 1176 An
1087 1127 1324 1178 Chremis
1346 1136 1428 1179 est
1450 1130 1626 1179 dolen·

568 1204 653 1268 tis,
675 1203 757 1253 vel
781 1202 846 1253 ad
870 1204 980 1268 ejus
1002 1204 1337 1267 mentionem,
1369 1205 1452 1254 vel
1484 1205 1625 1270 quod

566 1280 623 1330 in
645 1279 800 1330 filiam
826 1293 958 1344 pene
984 1287 1245 1343 peccarat.
1281 1282 1434 1333 Idem.

641 1357 813 1407 Verum
861 1356 1014 1407 hercle
1056 1357 1242 1421 opinor]
1294 1356 1413 1407 Hoc
1456 1357 1625 1409 adhuc

567 1439 881 1483 cunctanter
901 1439 984 1483 est
1006 1433 1202 1484 dictum
1224 1449 1237 1481 ε
1275 1439 1330 1483 et
1352 1433 1472 1482 ideo
1497 1434 1627 1484 indi·

568 1517 661 1574 get
682 1509 1088 1561 confirmatione.
1123 1511 1276 1560 Idem.

640 1587 813 1638 Verum
846 1588 999 1637 hercle
1020 1586 1270 1651 opinor-12]
1292 1588 1479 1638 Potest
1513 1589 1627 1640 sub.

567 1677 773 1714 nomen.
793 1678 845 1713 v.
886 1664 1081 1712 Donat.
1112 1664 1178 1714 de
1201 1661 1456 1716 Distinet.
1477 1664 1628 1716 Pers.

569 1746 627 1790 et
649 1739 842 1804 Guyet.
874 1738 1131 1790 Boeclerus.

633 1819 696 1865 27
755 1815 1099 1865 Rhemuusinm
1167 1814 1241 1880 se]
1307 1815 1505 1867 Piraeus
1573 1825 1629 1869 et

577 1891 867 1955 Rhamnus,.
899 1898 955 1941 et
1008 1898 1203 1942 caetera
1256 1892 1630 1959 hujuscemodi,

568 1968 827 2017 maritima
848 1965 1046 2016 Atticae
1069 1967 1264 2031 oppida
1293 1968 1630 2033 intelligenda

568 2050 710 2094 sunt.
798 2044 1040 2093 Rhemum
1081 2059 1245 2109 pagus
1288 2043 1483 2096 Atticae
1527 2053 1625 2097 est.

571 2123 810 2172 Donatus.

639 2198 1009 2264 Rhamnusium]
1044 2198 1306 2250 Rhamnus
1327 2203 1442 2248 erat
1463 2211 1627 2262 pagus

569 2276 623 2326 in
645 2289 770 2340 agro
801 2275 1002 2327 Attico.
1050 2275 1402 2327 Strabol.1x.
1440 2276 1627 2325 Famu-

574 2351 692 2401 bias.

638 2430 704 2476 28
737 2425 890 2476 Multi
920 2426 1010 2477 ulti
1040 2426 1093 2477 in
1112 2425 1303 2492 Andro]
1343 2427 1461 2478 Hoc
1493 2427 1627 2478 testi-

571 2502 777 2552 monium
814 2517 984 2553 coecum
1020 2503 1227 2553 dicitur.
1290 2504 1628 2554 Testimonio-

573 2593 689 2628 rum
706 2577 840 2627 enim
861 2579 1038 2628 modus
1054 2577 1244 2642 duplex
1265 2586 1378 2629 estz
1402 2586 1460 2629 et
1478 2580 1629 2629 muni·

557 2652 718 2714 festus
761 2660 815 2702 et
852 2665 1019 2702 cecus.
1087 2653 1375 2713 Manifestus
1409 2663 1506 2718 est,
1539 2655 1625 2720 qui

572 2736 749 2779 certos
806 2736 985 2794 testes,
1026 2736 1083 2781 et
1126 2737 1410 2795 praeseutes
1449 2731 1626 2783 habet.

579 2807 765 2868 Goecus,
799 2806 851 2856 in
884 2822 985 2872 quo
1022 2807 1403 2860 multitudinem
1427 2816 1517 2859 aut
1554 2809 1628 2860 ci-

571 2883 790 2933 vitatem
835 2883 1052 2934 dicimus
1094 2885 1244 2935 scire.
1293 2891 1354 2934 ut
1401 2885 1624 2938 Cicero:

566 2960 585 2988 ‘
604 2959 779 3009 Testis
802 2968 883 3010 est
906 2966 1018 3010 tota
1049 2959 1262 3011 Sicilie!
1296 2960 1431 3026 qnod
1455 2968 1625 3011 tamen

571 3035 868 3086 audientem
892 3041 1205 3089 consternat.
1271 3039 1368 3088 Est
1390 3038 1549 3087 etiam
1571 3039 1625 3089 in

566 3128 687 3164 caeco
711 3114 1097 3178 iusiurandum,
1128 3114 1340 3179 tabum,
1362 3115 1625 3166 absentes·

566 3206 666 3256 que
686 3204 936 3255 persone..
970 3191 1206 3241 Donatus.

634 3270 805 3331 Cnjam
823 3267 1001 3332 igitur]
1034 3268 1276 3331 Vetuste,
1293 3268 1461 3328 cuium.
1481 3267 1622 3333 qnod
1674 3282 1677 3285 ¹

565 3344 804 3393 omnibus
838 3342 1111 3408 generibus
1129 3349 1186 3392 et
1207 3344 1411 3392 casibus
1443 3344 1622 3394 servit.

564 3417 717 3545 lagg·
752 3496 885 3552 Quid
921 3510 1025 3545 eam
1065 3501 1198 3545 tum?
1232 3510 1423 3546 suamne
1464 3496 1622 3558 njebat

566 3573 691 3637 esse]
712 3573 777 3622 Id
815 3580 919 3633 est,
958 3587 1110 3638 quam
1148 3587 1263 3622 eam
1303 3581 1408 3622 tum
1447 3574 1622 3637 ajebat

568 3663 701 3710 esse,
723 3649 974 3698 suamne?
1007 3649 1266 3698 Boeclerus.

631 3727 697 3773 80
718 3723 900 3784 Arrige
932 3724 1105 3788 aureis,
1133 3723 1408 3788 Pamphile]
1427 3725 1625 3776 Trans·

564 3800 693 3848 latio
729 3815 759 3849 a
792 3799 1097 3864 pecudibus.
1119 3802 1301 3867 quibus
1337 3803 1509 3852 verbis
1544 3804 1619 3854 in·

563 3875 756 3939 tendit,
779 3876 1135 3940 accipiendam
1157 3893 1271 3929 esse
1296 3893 1492 3931 vocem.
1521 3880 1618 3929 Do-

562 3957 807 4090 manage
827 4029 1003 4094 aureis,
1024 4030 1295 4095 Pamphile]
1322 4029 1440 4081 Hoc
1475 4031 1616 4083 Simo

1697 985 1801 1021 non
1831 979 1963 1036 erat,
1985 973 2075 1023 sed
2114 973 2164 1023 in
2201 973 2428 1025 Groe'cie.
2493 976 2566 1024 Et
2598 981 2759 1040 pers&

1697 1062 1839 1111 quens
1858 1047 2012 1110 dicit,
2034 1049 2508 1113 perseverationem
2539 1062 2760 1115 sequen-

1700 1125 1767 1175 tis
1788 1124 2084 1175 ostendens.
2149 1126 2456 1189 Persequitur
2495 1125 2632 1175 enim
2666 1125 2759 1189 qui

1698 1216 1800 1252 non
1823 1202 2016 1253 desinit
2039 1203 2199 1267 sequi.
2289 1202 2567 1266 Virgilius.
2585 1203 2601 1231 ‘
2619 1203 2758 1255 Θου

1700 1285 1754 1328 te
1777 1279 1907 1343 sola,
1933 1292 2082 1343 puer,
2099 1278 2273 1328 multis
2293 1292 2323 1327 e
2342 1277 2611 1342 matribus,
2624 1285 2761 1327 unsa

1697 1355 2076 1419 Persequitur.’
2110 1355 2260 1405 Idem.

1763 1435 1827 1482 84
1859 1432 1956 1483 Vix
1976 1447 2077 1482 sum
2096 1435 2221 1496 apud
2241 1432 2339 1496 me]
2363 1431 2482 1482 Hoc
2503 1436 2589 1481 est
2603 1441 2760 1494 argn-

1698 1514 1948 1571 mentum,
1988 1509 2304 1572 sapientibus
2339 1508 2574 1558 laetitiam
2597 1507 2758 1557 vehe-

1700 1592 1927 1634 mentem
1951 1585 2002 1634 in
2028 1584 2175 1635 bonis
2197 1584 2594 1635 moderandam:
2635 1595 2758 1635 cuns

1699 1661 2045 1726 unusquisque
2089 1660 2317 1725 gaudens
2365 1661 2442 1711 ita
2484 1660 2759 1724 perturbe-

1699 1746 1807 1799 tur,
1842 1745 1902 1789 ut
1935 1738 2074 1803 apud
2107 1753 2163 1789 se
2197 1740 2361 1803 ipsum
2391 1739 2503 1803 jam
2537 1739 2761 1791 nonsit.

1778 1889 1871 1939 Vix
1884 1904 1987 1939 sum
2007 1892 2133 1953 apud
2152 1890 2250 1954 me]
2274 1893 2381 1942 Non
2397 1903 2501 1942 sum
2517 1894 2645 1957 opud
2658 1905 2762 1954 me,

1699 1967 1860 2031 magis
1915 1968 2287 2019 consuetudine
2341 1983 2493 2033 quam
2551 1970 2761 2019 ratione

1699 2044 1909 2096 dicitur.
1974 2044 2086 2095 Aut
2126 2043 2265 2095 forte
2304 2045 2377 2095 sic
2421 2045 2571 2107 dicit,
2603 2046 2759 2110 quasi
2858 2055 2861 2057 ’

1699 2119 1890 2169 abierit
1932 2120 2167 2184 animus„
2201 2127 2257 2170 et
2298 2134 2474 2173 rursus
2502 2121 2764 2173 redierit.

1700 2193 1848 2245 Idem.

1767 2272 1849 2322 Itu
1871 2273 2057 2322 unimus
2072 2277 2327 2323 commotus
2348 2277 2416 2322 est
2438 2288 2511 2323 me
2533 2273 2611 2338 tu]
2631 2274 2759 2324 Duo

1698 2348 1969 2400 carnifices
1986 2349 2273 2400 futurarum
2294 2363 2461 2400 rerum
2478 2358 2620 2414 suut,
2635 2364 2762 2416 spes

1701 2431 1757 2477 et
1795 2433 1981 2478 metus.
2047 2426 2215 2477 Dolor
2253 2426 2389 2477 enim
2424 2433 2482 2477 et
2509 2427 2758 2492 gaudium

1700 2503 2029 2567 praesentium
2048 2506 2216 2552 rerum
2233 2510 2370 2553 sunt.
2388 2502 2568 2568 Virgil-
2587 2503 2758 2555 ‘Hine

1699 2586 1941 2630 metuunt
1988 2580 2340 2645 cupiuntque:
2397 2578 2579 2629 dolent
2629 2595 2759 2643 gau·

1700 2653 1929 2721 dentque
1949 2672 1963 2706 z
1987 2669 2085 2705 nec
2102 2669 2251 2705 auras
2271 2653 2615 2719 Respiciunt.'
2649 2655 2759 2705 Sed

1701 2730 1929 2782 dolorem
1951 2733 2038 2783 hic
2060 2733 2114 2781 in
2136 2730 2325 2782 laetitia
2346 2745 2449 2780 non
2482 2733 2675 2795 posuit.
2698 2740 2758 2782 et

1700 2812 1830 2861 mire
1865 2812 2099 2862 ordinem
2134 2809 2384 2871 servavit,
2421 2809 2497 2858 sic
2529 2810 2663 2858 enim
2696 2824 2757 2859 se

1702 2887 1814 2937 haec
1838 2888 2061 2937 invicem
2090 2892 2393 2952 sequuntur.
2461 2886 2532 2935 Et
2564 2884 2755 2935 δισυνδό-

1701 2983 1793 3016 τως
1814 2965 2229 3029 distinguendum
2263 2971 2362 3028 est,
2398 2978 2513 3028 spe,
2546 2965 2756 3030 gaudio,

1701 3048 1760 3091 nt
1779 3042 2061 3106 separatim
2084 3040 2392 3091 inferantur.
2427 3040 2578 3090 Idem.
2658 3078 2663 3083 .

1766 3122 1829 3168 85
1863 3119 2112 3183 Mirando]
2142 3118 2390 3182 Mirando,
2417 3117 2551 3166 dum·
2575 3115 2755 3167 miror.

1698 3200 1757 3243 et
1777 3200 1858 3243 est
1875 3194 2223 3258 participium.
2259 3194 2408 3244 Idan.

1764 3273 1829 3320 ⁸6
1848 3270 1925 3319 Ne
1940 3271 2080 3319 istum
2101 3271 2265 3321 multis
2284 3271 2435 3320 modis
2454 3270 2608 3334 mm]
2632 3270 2753 3320 Non

1697 3347 1872 3397 multis
1911 3346 2078 3396 modis
2133 3347 2351 3397 inveniri
2393 3346 2618 3411 gaudeo,
2659 3347 2753 3403 sed

1698 3429 1881 3471 tuam
1892 3422 2129 3472 inveniri.
2215 3421 2342 3487 Alii,
2388 3423 2571 3473 multis·
2604 3424 2758 3472 modin

1694 3504 1826 3548 tuum
1869 3499 2072 3549 inuniri
2109 3502 2337 3563 gaudeo.-
2382 3514 2506 3564 non,
2543 3500 2754 3553 innomi

1691 3578 1890 3638 gaudeo.
1959 3576 2089 3627 Hic
2104 3577 2214 3641 jam
2253 3576 2391 3627 redit
2434 3577 2487 3626 in
2532 3579 2752 3641 gratiam

1697 3651 1838 3702 Simo
1879 3667 1996 3702 cnm
2039 3651 2186 3702 filio·
2172 3689 2186 3702 .
2220 3653 2339 3703 nisi
2360 3652 2500 3703 forte
2545 3660 2749 3716 patrem

1685 3742 1932 3778 -socerum
1983 3729 2230 3793 appellat.
2271 3735 2331 3779 nt
2371 3730 2575 3778 Turnus
2610 3729 2749 3794 apud

1695 3804 1987 3869 Virgilium,
2026 3806 2043 3835 ⁴
2064 3806 2135 3855 Et
2170 3819 2265 3855 nos
2301 3806 2424 3867 tela,
2459 3811 2629 3869 pater,
2650 3805 2753 3855 fer-

1696 3894 1914 3947 rumque
1936 3881 2075 3932 haud
2113 3881 2287 3931 debile
2322 3881 2508 3931 dextra
2541 3881 2751 3945 Spargi·

1694 3956 1845 4013 mus.'
1877 3958 1981 4008 Sed
1995 3958 2248 4024 quomodo
2262 3955 2398 4008 infra
2410 3957 2559 4018 dicit,
2575 3961 2593 3985 ⁶
2606 3955 2748 4009 Quid

1696 4040 1878 4100 restat,
1893 4043 2041 4101 pater
2055 4037 2088 4085 ?'
2109 4050 2172 4085 an
2186 4035 2488 4097 restutideo,
2499 4035 2620 4099 qnia
2634 4035 2746 4084 boec

559 4108 766 4158 videtur
788 4107 979 4163 dicere.
1044 4112 1119 4161 Ut
1156 4113 1242 4162 alii
1278 4119 1482 4177 putant,
1506 4113 1617 4178 ipse
1686 4111 1799 4175 jam
1819 4113 2003 4177 major
2011 4126 2129 4179 pars
2153 4111 2590 4163 reconciliationis
2628 4110 2749 4160 est?

558 4184 658 4233 sibi
683 4185 999 4248 Pamphilus.
1033 4187 1185 4237 Idem.

622 4260 804 4323 Arrige
813 4276 951 4312 dures
967 4263 1239 4330 Pamphile]
1261 4265 1329 4316 V.
1348 4265 1543 4317 Donat.
1558 4271 1616 4319 et

560 4333 753 4401 Guyet.
795 4338 1054 4392 Boeclem.

1650 4186 1844 4315 melec
1858 4264 2021 4330 idum]
2056 4266 2139 4316 Ne
2163 4265 2332 4315 nimis.
2397 4263 2602 4325 Cicero,
2624 4263 2643 4292 ⁶
2661 4262 2743 4313 Ne

1604 4348 1611 4353 “
1682 4341 1781 4394 isti
1824 4341 2166 4393 vehementer
2194 4339 2405 4395 errant?
2434 4338 2743 4402 Sallustius,
