3035 4941
562 366 733 436 1358

562 529 808 593 expedire
827 529 1019 579 valeat.
1056 529 1341 580 Fan-«bins.

625 610 658 654 4
698 607 820 655 Nam
843 608 962 670 quod
980 621 1162 668 sperem
1193 609 1251 655 de
1279 606 1501 669 argento]
1536 604 1616 654 Iai-

563 681 656 731 her
682 683 975 742 Bembinus‚
998 684 1349 745 VictorianuS,
1383 692 1436 732 et
1471 683 1619 732 Basi-

558 757 779 820 licanus,
805 773 916 808 nam
951 762 1073 823 quod
1106 762 1165 809 de
1198 766 1395 822 argento
1425 775 1618 824 sperem

565 834 814 886 Fa'e'rnus.

624 911 864 975 Argeata]
902 912 1018 964 Quo
1042 926 1212 961 senem
1252 910 1411 964 ferire
1439 918 1493 961 et
1516 911 1620 961 cir-

563 988 873 1036 cumducere
893 987 1190 1049 cogitarem.
1227 987 1511 1038 Famabiioe.

627 1069 657 1112 5
696 1064 970 1127 Mumpho,
989 1063 1186 1126 silicet]
1216 1064 1479 1113 Summum
1500 1076 1621 1125 gau-

561 1140 701 1189 dium
721 1148 822 1202 est,
846 1140 888 1189 si
913 1147 1053 1190 tutus
1077 1142 1188 1190 sine
1214 1141 1427 1189 vulnere
1456 1140 1621 1189 disce·

476 1221 483 1228 ‘
563 1217 720 1266 dam:
756 1217 852 1268 hoc
877 1224 974 1278 eat,
995 1218 1158 1267 latere
1195 1226 1341 1267 tecto
1376 1227 1429 1267 et
1452 1225 1623 1267 custo-

561 1293 692 1344 dito.
758 1293 881 1343 Non
913 1307 1037 1354 ergo
1059 1295 1124 1343 de
1147 1303 1363 1357 argento
1385 1295 1621 1357 cogitare

517 1355 529 1370 ⁰
564 1369 746 1430 debeo,
762 1370 1190 1434 quemadmodum
1206 1371 1257 1419 id
1274 1370 1511 1433 eripiam,
1529 1369 1622 1420 sed

564 1446 991 1508 quemadmodum
1028 1455 1169 1496 tutus
1193 1448 1306 1510 ipse
1340 1446 1619 1496 discedam.

563 1522 892 1585 Eugraphius.

631 1597 885 1661 Triumpho
904 1598 951 1646 si
980 1598 1092 1647 licet
1107 1614 1181 1649 me
1201 1602 1349 1650 latere
1370 1604 1494 1649 tecto
1513 1599 1622 1649 abs·

562 1674 747 1737 cedere]
782 1675 918 1726 Quid
968 1677 1080 1725 vult
1130 1677 1227 1726 sibi
1263 1675 1623 1740 calphurnius,

564 1765 680 1800 cum
706 1758 918 1801 annotat
941 1752 961 1800 ?
993 1755 1008 1781 ⁸
1030 1753 1186 1802 verba
1205 1753 1418 1817 proprie
1450 1767 1622 1803 servo-

565 1841 695 1888 rum,
728 1828 968 1891 quotiens
1004 1827 1202 1892 vident,
1236 1844 1291 1877 se
1313 1828 1452 1894 quod
1484 1829 1622 1879 ince-

562 1909 770 1967 perant,
802 1914 1109 1968 perpetrare
1145 1904 1459 1970 nonposse?
1496 1905 1621 1970 quid

564 1985 740 2044 potest
760 1980 840 2029 hic
862 1982 1027 2030 servis
1051 1981 1315 2046 proprium
1337 1982 1491 2031 esse?
1524 1982 1621 2031 ita·

560 2073 667 2121 que
723 2058 907 2109 merito
959 2060 1358 2123 reprehenditur
1394 2060 1556 2110 etiam
1591 2075 1625 2109 a

564 2135 792 2186 Nannio.
856 2136 960 2187 Qui
1004 2138 1226 2199 glossam
1271 2137 1324 2186 in
1358 2137 1623 2186 codicibus

559 2213 693 2263 Mss.
720 2214 926 2276 nostris,
958 2228 1113 2278 quam
1145 2212 1395 2276 praemisi,
1417 2212 1624 2275 adjece-

561 2294 700 2351 runt,
742 2291 911 2350 latere,
956 2295 1014 2338 ιιι
1058 2290 1273 2338 verbum
1328 2302 1620 2351 accepere·
1603 2321 1620 2349 ,

563 2363 701 2413 unde
747 2371 803 2413 et
849 2364 1085 2427 copulam
1126 2371 1249 2414 ante
1284 2362 1345 2412 τὸ
1379 2364 1624 2414 abscedere

565 2440 814 2492 infercire
855 2441 955 2491 illis
992 2442 1205 2504 placuit.
1287 2440 1392 2492 Sed
1436 2437 1629 2492 nomen*

564 2526 667 2579 est,
733 2520 879 2567 latere
936 2524 1072 2568 tecto.
1110 2519 1354 2568 abscedere
1406 2524 1531 2569 tecto
1571 2523 1622 2569 et

560 2594 796 2643 custodito
829 2596 994 2657 latere,
1036 2603 1204 2645 sumta
1243 2611 1275 2644 a
1307 2595 1522 2644 militari
1565 2611 1623 2646 re

562 2656 789 2720 secutio·
815 2672 952 2734 quod
978 2679 1120 2721 recte
1133 2671 1485 2735 Eugraphius,
1505 2686 1622 2723 cum

560 2759 770 2795 sensum
815 2746 965 2810 hujus
1008 2747 1106 2796 loci
1151 2747 1459 2811 explicaret,
1514 2749 1625 2799 ani·

560 2822 868 2875 madvertit.
921 2824 1237 2873 Secutisunt
1260 2824 1515 2886 Nunnius,
1533 2825 1625 2877 Fa.-

564 2898 775 2961 bricius,
798 2906 854 2949 et
886 2901 1007 2949 alii:
1044 2900 1109 2949 ad
1148 2915 1362 2964 quorum
1396 2908 1624 2949 mentem

563 2983 859 3040 opportuna
880 2985 1000 3027 sunt
1021 2977 1138 3028 loca
1159 2977 1489 3040 scriptorum,
1506 2992 1622 3041 quae

566 3051 707 3115 apud
744 3053 1018 3103 Weitzium
1053 3060 1380 3103 annotantur.
1446 3054 1625 3107 Mure-

565 3136 648 3178 tus
672 3144 702 3177 a
722 3144 777 3179 re
798 3129 1112 3193 gladiatoria
1140 3128 1398 3180 deducere
1421 3130 1621 3180 maluit.

556 3206 825 3261 Boeclerus.
1306 3264 1307 3267 ,

628 3283 685 3332 Si
705 3285 816 3333 licet
835 3285 981 3334 latere
1001 3290 1123 3334 tecto
1144 3284 1413 3348 abscedere]
1445 3284 1623 3334 Conti-

562 3365 690 3407 nuat
717 3359 767 3407 in
794 3361 1107 3423 Metaphore.
1127 3377 1157 3410 a
1194 3375 1249 3409 re
1288 3361 1517 3423 militari,
1534 3360 1624 3410 uhi

562 3448 745 3495 agmen
791 3434 1070 3499 iniquitate
1125 3436 1230 3486 loci
1272 3437 1354 3484 vel
1408 3452 1621 3486 numero

562 3509 783 3558 hostium
817 3524 1122 3573 oppressum
1163 3511 1229 3561 ab
1262 3512 1517 3562 alterutro
1553 3513 1623 3561 la-

562 3590 677 3633 tere
699 3585 785 3632 vel
809 3590 976 3648 tergo,
1000 3587 1052 3635 in
1075 3587 1274 3635 hastam
1297 3593 1385 3636 aut
1419 3596 1622 3637 scutum

563 3674 620 3708 se
645 3661 897 3711 inclinare
919 3663 1072 3722 solet,
1086 3661 1465 3726 quasifrontem
1485 3665 1624 3714 hosti

559 3734 861 3797 obvertere,
895 3736 1127 3801 adeoque
1154 3743 1266 3787 tuto
1305 3753 1365 3787 ac
1407 3739 1623 3790 honesto

558 3820 779 3877 receptu
802 3815 1092 3865 discedere.
1127 3817 1414 3868 Far-nabin.

625 3891 892 3954 6.Bolum]
930 3892 1192 3942 Praedam.
1234 3894 1556 3958 Eugrapm‘u.

630 3967 833 4017 Crucior
865 3967 1016 4018 bolum
1052 3972 1236 4017 tantum
1268 3968 1388 4017 mihi
1409 3977 1620 4033 ereptum

561 4049 660 4094 tam
679 4044 840 4094 desub.
872 4059 898 4094 e
921 4043 1189 4106 saucibus]
1224 4045 1290 4093 V.
1325 4045 1522 4109 Guyet.
1565 4053 1622 4097 et

560 4120 1072 4184 Paroemiographos.
1140 4121 1462 4183 Eugraphius
1506 4136 1621 4170 eru-

559 4195 708 4247 dite:
742 4203 757 4225 ‘
780 4197 1003 4246 Bolum:
1041 4194 1307 4261 praedam.'
1342 4197 1477 4246 unde
1503 4197 1622 4246 Cal-

554 4270 807 4334 phurnius
827 4288 843 4320 a
877 4271 1180 4324 ‘translatio
1214 4271 1281 4322 ab
1300 4273 1622 4338 animalibus,

1188 455 1193 464 .
1261 383 1479 434 No'rAE
1528 383 1926 434 VARlORtJM
1975 386 2056 434 IN

1585 541 1593 550 ·
1690 529 1875 596 quihus
1890 527 2125 580 aufertur
2143 525 2356 592 praeda?
2422 524 2578 589 Apud
2597 524 2741 574 Plau·

1696 617 1800 657 tum
1822 608 2036 670 legas,‘
2057 616 2268 668 tangere
2311 603 2462 655 bolo’
2512 604 2751 676 aliquem

1693 684 1781 733 nbi
1803 680 2121 747 interpretes
2147 682 2282 731 vide.
2313 682 2583 732 Boeclerus.

1758 761 1957 823 Bolum]
1993 760 2225 823 Metaph.
2248 759 2316 808 ab
2347 757 2586 819 alitibus,
2619 755 2748 806 caui-

1696 837 1810 895 bus,
1851 843 1943 885 aut
1977 833 2099 885 feris
2139 834 2364 898 praedam
2400 831 2755 896 captantibus.

1696 913 1979 963 Γαιηιιὺίιιε.
2704 944 2710 952 .

1760 995 1790 1039 7
1838 990 1968 1046 Quid
2009 987 2358 1050 comminiscar]
2413 985 2557 1039 Quid
2599 998 2751 1048 argu-

1695 1069 1856 1117 menti
1878 1069 2096 1131 capiam.
2120 1075 2174 1117 et
2193 1073 2277 1117 est
2311 1065 2655 1125 comminiscor,
2679 1064 2755 1112 in-

1697 1146 1844 1194 venio
1873 1145 1956 1194 vel
1981 1144 2245 1205 recordor,
2278 1143 2425 1206 cujus
2449 1142 2675 1206 simplex
2709 1140 2759 1189 in

1698 1235 1795 1271 usu
1817 1235 1916 1269 non
1940 1227 2034 1270 est.
2069 1220 2399 1283 Eugrapkius.

1759 1300 1793 1345 8
1832 1297 1968 1347 Nisa
1988 1303 2085 1347 tam
2099 1296 2313 1362 difficile]
2352 1293 2506 1343 Adde
2523 1290 2760 1354 verbnm,

1695 1378 1784 1435 est,
1822 1387 1888 1422 ex
1910 1388 1957 1423 o.
1980 1375 2017 1423 l.
2039 1388 2081 1422 s.
2116 1373 2356 1423 Fa‘e'raas.

1763 1449 1853 1498 Nil
1889 1454 1988 1497 tum
2017 1448 2210 1514 difficile
2241 1447 2337 1511 est]
2366 1446 2560 1497 *Αλυτὰ
2579 1444 2764 1508 ’γίνεται

1696 1523 1932 1588 melei
1953 1523 2032 1574 καὶ
2046 1522 2171 1586 πόνῳ
2192 1521 2394 1574 ἅπαντα.
2450 1522 2762 1578 Menander.

1693 1601 1753 1651 rb
1771 1599 1824 1650 δὲ
1844 1599 2372 1664 ζητούμενοι,“Αλιιη-όν.
2405 1597 2630 1662 ἐκφεύγει
2650 1596 2760 1647 δότ’

1692 1677 2025 1739 ἀμελούμενον.
2071 1678 2313 1742 Sophocl.
2337 1675 2519 1739 OEdip.
2542 1681 2600 1724 Τ.
2634 1674 2757 1725 Fur·

1694 1755 1879 1806 sabine.

1763 1833 1897 1889 Quid
1916 1833 1961 1883 si
1974 1831 2081 1895 Ιιοο]
2101 1829 2397 1894 Cogitantis
2419 1828 2613 1890 animo,
2635 1842 2760 1891 qua·

1697 1910 1739 1959 si
1756 1909 1876 1959 dum
1900 1910 2065 1959 multa
2086 1903 2424 1958 deliberando
2457 1905 2668 1970 querit,
2688 1903 2760 1953 in-

1697 1987 1840 2036 venit
1858 1986 2106 2050 quaedam,
2128 1998 2231 2033 non
2267 1982 2464 2047 placita
2503 1980 2769 2045 repudiat.

1701 2062 1832 2112 Post
1852 2061 1907 2111 id
1940 2062 2075 2126 quod
2101 2061 2170 2109 sit
2200 2058 2477 2122 optimum,
2499 2056 2762 2110 invenisse

1698 2153 1754 2188 se
1776 2138 1929 2197 dicit,
1962 2146 2019 2188 ut
2043 2137 2110 2188 ad
2144 2151 2200 2187 se
2233 2134 2365 2184 illud
2397 2138 2762 2197 argumentum

1699 2229 1947 2266 revocare
1969 2216 2157 2278 possit,
2179 2212 2316 2278 quod
2352 2210 2624 2268 omiserat.
2661 2210 2760 2258 Ειι-

1692 2292 1943 2355 graphiu-

1767 2368 1898 2425 Quia
1928 2367 2077 2417 sihor
2110 2367 2181 2416 sic
2208 2365 2435 2429 incipiam
2468 2361 2621 2426 nunc]
2654 2363 2762 2414 Ali-

1698 2445 1790 2511 qui,
1805 2444 1943 2507 libri,
1966 2450 2201 2495 recentes
2219 2449 2416 2503 tamen,
2433 2454 2537 2490 non
2571 2439 2764 2490 habent

1699 2522 1973 2573 dictionem
1997 2536 2140 2572 nunc.
2159 2535 2257 2585 qua
2281 2519 2487 2568 sublata
2522 2516 2766 2580 procedit

1698 2598 2014 2648 octonarius.
2050 2597 2203 2646 aliter
2236 2603 2320 2645 est
2360 2594 2657 2645 trochaicus
2679 2593 2765 2656 hy·

1695 2673 2148 2739 percatalecticus.
2214 2670 2497 2721 Bembinus
2520 2670 2601 2719 ita
2616 2669 2770 2720 collo-

1696 2760 1806 2813 cat,
1826 2753 1940 2815 quid
1959 2752 2006 2800 si
2025 2751 2112 2800 hoc
2131 2764 2256 2799 nunc
2277 2749 2349 2797 sic
2384 2746 2621 2810 incipiam
2639 2752 2660 2795 ,²
2694 2746 2768 2795 ita

1697 2835 1755 2877 et
1780 2826 2105 2877 Basilicanus
2129 2831 2185 2875 et
2202 2823 2561 2885 Victorianus,
2588 2823 2643 2871 in
2667 2837 2768 2887 quo

1702 2909 1877 2952 tamen
1897 2918 2022 2953 nuuc
2043 2908 2366 2966 expunctum
2390 2907 2492 2950 est.
2529 2901 2770 2950 Faernus.

1764 2980 1895 3036 Quid
1934 2981 1981 3029 si
2010 2978 2120 3042 hoc]
2155 2978 2447 3041 Eugraphii
2492 2978 2660 3028 verba
2706 2977 2773 3027 ab

1699 3056 1982 3105 editoribus
1999 3055 2267 3105 emendari
2285 3054 2578 3104 debuerunt
2595 3054 2649 3102 in
2668 3068 2774 3103 ma·

1696 3131 1886 3181 nifesto
1907 3131 2051 3181 vitio.
2120 3131 2206 3181 Ita
2227 3131 2364 3179 enim
2388 3129 2610 3193 scripsit
2633 3128 2776 3179 haud

1698 3210 1851 3260 dubie
1887 3208 2228 3273 Eugraphius‚
2251 3223 2371 3257 cum
2412 3208 2776 3271 praemisisset,

1696 3301 1834 3347 eum,
1854 3286 1976 3334 dum
2009 3286 2174 3334 multa
2198 3282 2542 3333 deliberando
2561 3283 2778 3348 quaerit,

1698 3362 1933 3427 quaedam
1957 3362 2240 3424 invenisse,
2263 3375 2368 3410 non
2393 3361 2594 3423 placita
2619 3374 2776 3424 repn-

1696 3437 1897 3488 diasse:
1935 3444 1948 3467 ‘
1969 3446 2107 3501 post,
2141 3437 2193 3487 id
2236 3437 2374 3502 quod
2413 3438 2482 3486 sit
2516 3437 2774 3500 optimum

1696 3515 1954 3565 invenisse
1978 3529 2035 3564 se
2065 3514 2226 3573 dicit,
2260 3521 2320 3564 ut
2343 3513 2410 3563 ad
2436 3529 2493 3562 se
2529 3514 2665 3565 illud
2694 3528 2774 3563 ar·

1696 3599 1907 3653 gentum
1935 3606 2184 3642 revocare
2216 3592 2401 3655 possit,
2423 3591 2563 3655 quod
2592 3592 2774 3641 amise-

1693 3668 1816 3717 rat.'
1876 3669 2107 3729 Scilicet,
2125 3676 2374 3733 quantum
2398 3668 2464 3716 ad
2485 3669 2634 3731 prius
2654 3683 2773 3719 con·

1695 3744 1887 3806 silium,
1917 3744 2056 3809 quod
2079 3745 2132 3793 in
2166 3745 2371 3794 irritum
2391 3759 2542 3805 ⁶nunc
2565 3745 2772 3795 recide-

1697 3820 1805 3870 bat.
1829 3823 2000 3871 nullus
2023 3821 2108 3871 hic
2129 3826 2410 3884 argumento
2427 3822 2598 3870 locus.
2656 3822 2771 3871 Βω-

1694 3896 1861 3946 clerus.
1877 3926 1882 3935 -

1764 3975 1821 4020 ll
1859 3972 1991 4023 lund
2027 3973 2152 4023 idem
2192 3973 2472 4035 fugitivum
2514 3980 2772 4036 argentm

1689 4046 1873 4110 tamen]
1908 4049 2102 4099 Omnes
2146 4047 2262 4143 fere
2295 4050 2332 4099 l.
2371 4065 2415 4101 s.
2451 4052 2582 4101 idem
2629 4052 2767 4103 iana.

1696 4122 1942 4174 Ειιὲιιιιιε.

1761 4199 2054 4262 Fugitivum,
2075 4204 2185 4267 ξω]
2219 4203 2460 4267 Metaph.
2484 4204 2767 4256 dominata.

1695 4290 1729 4326 a
1763 4292 1915 4329 servo
1948 4280 2149 4332 scilicet
2184 4279 2429 4344 fugitivo.
2471 4283 2664 4347 ‘quem
2685 4298 2765 4333 re-
