3035 4941
472 3962 479 3967 *
571 3883 692 3934 bins.

553 421 763 493 1478*

535 588 890 655 Quamnam
907 586 1146 651 ponitur:
1170 586 1187 614 ‘
1203 585 1263 635 18
1278 599 1371 649 quo
1390 582 1615 634 civitate.-

558 664 754 726 Quod:
776 668 873 715 ἀει.
937 665 1055 715 Νοιι
1086 662 1199 712 haec
1223 661 1289 712 ad
1316 665 1398 710 vs.
1419 664 1501 709 51.
1525 656 1615 707 sed

559 741 625 793 ad
664 756 738 791 vs.
767 744 851 791 46.
890 745 1141 790 annotata
1180 736 1421 788 fuerunt:
1470 734 1617 784 inde·

556 833 660 884 que
701 819 800 868 buc
839 817 894 867 in
938 817 1106 867 locum
1147 815 1371 863 alienum
1407 810 1619 864 demota

557 900 700 945 sunt.
717 908 819 944 vox
837 896 853 923 ‘
881 892 1245 943 assentationis
1264 890 1279 913 ’
1312 904 1492 954 parum
1527 902 1618 937 ex·

557 971 753 1035 plicate
797 970 880 1024 bic
926 969 1217 1018 adhibetur.
1264 957 1383 1015 vide
1425 978 1490 1015 an
1531 978 1617 1016 ve-

556 1047 667 1100 rius
722 1046 793 1095 sit
845 1044 1233 1095 asseverationem
1288 1040 1620 1091 substituere·

558 1122 821 1174 Bou-lenas.

626 1200 691 1250 Ιιι
710 1215 804 1263 qua
824 1196 1040 1260 civitate]
1067 1195 1220 1249 Quod
1252 1193 1498 1258 objurgat
1516 1192 1619 1242 Mi·

560 1276 663 1337 cio,
700 1275 868 1339 magni
902 1274 1089 1324 amoris
1129 1278 1228 1328 est,
1249 1278 1308 1321 et
1332 1270 1625 1319 necessaria

562 1367 659 1416 pro
712 1365 930 1414 persona
968 1349 1279 1400 assentatio.
1338 1362 1440 1397 non
1485 1347 1621 1402 enirn

561 1428 826 1488 convenit,
882 1434 1081 1492 patrem
1141 1425 1353 1475 nimium
1404 1424 1623 1489 diligen·

564 1509 670 1553 tem
715 1502 874 1553 filium
916 1502 1025 1566 ejus
1074 1502 1346 1566 praeterire
1386 1506 1624 1565 peccata.

564 1580 804 1634 Donatus.

630 1658 692 1706 In
728 1673 819 1721 qua
861 1656 1055 1706 civitate
1085 1657 1276 1705 tandem
1308 1659 1356 1705 te
1385 1654 1626 1712 arbitrare

563 1733 746 1796 vivere]
782 1732 861 1783 An
886 1735 1065 1797 utique
1089 1732 1280 1782 oblitus
1303 1746 1359 1781 es
1383 1738 1436 1782 te
1463 1730 1625 1781 Athe-

562 1816 643 1862 nis
665 1810 910 1871 esse„ubi
944 1810 1137 1859 vivitur
1169 1809 1406 1873 legibus?
1440 1811 1626 1860 Farno-

564 1888 685 1939 biae.

630 1971 695 2017 52
740 1967 988 2028 Virginem
1008 1966 1220 2030 vitiasti]
1255 1965 1388 2016 Vide
1426 1971 1482 2017 et
1515 1980 1623 2016 rem

564 2044 686 2107 dici,
726 2052 781 2094 et
817 2044 999 2094 abesse
1028 2045 1279 2108 tragicam
1314 2044 1629 2094 inclamatio-

564 2135 707 2178 nem,
727 2128 784 2170 et
804 2122 1010 2171 ostendi
1049 2121 1325 2170 delictum:
1361 2126 1417 2170 et
1440 2119 1507 2169 ad
1540 2134 1629 2170 ve-

564 2198 702 2246 niam
754 2197 1008 2247 festinari.
1062 2212 1180 2246 nam
1226 2197 1403 2245 statim
1454 2196 1628 2246 dicet.

563 2273 720 2325 “Jam
744 2274 797 2323 id
822 2280 1095 2337 peccatum
1131 2274 1350 2338 primum
1374 2279 1456 2322 est
1487 2287 1628 2336 mag-

562 2364 710 2411 num,
750 2358 804 2399 at
844 2351 1118 2400 humanum
1157 2348 1360 2399 tamen!
1412 2348 1482 2399 Et
1517 2356 1630 2399 tota

567 2427 925 2492 pronuntiatio
957 2426 1246 2490 hujusmodi
1289 2425 1458 2476 verbis
1489 2441 1628 2476 sum·

567 2503 725 2552 missa
748 2501 989 2552 debetur.
1023 2503 1261 2553 Donatus.

633 2584 699 2630 54
737 2581 914 2629 Fecere
933 2580 1042 2643 alii,
1062 2597 1187 2645 soepe
1206 2582 1322 2632 item
1344 2582 1478 2646 boni]
1509 2583 1626 2634 Μο-

569 2654 641 2704 ris
660 2661 743 2703 est
766 2657 1006 2718 exemplo
1030 2658 1210 2723 lenire,
1244 2659 1381 2723 quod
1402 2675 1627 2725 purgare

568 2745 672 2780 non
695 2733 880 2794 possis.
919 2734 1070 2782 Idem.

571 2818 599 2849 ι
635 2807 811 2858 Fecere
847 2810 936 2859 olii
974 2827 1121 2874 soepe,
1163 2812 1279 2862 item
1316 2813 1448 2878 boni]
1494 2813 1629 2864 Con·

569 2885 755 2935 solatio
788 2885 852 2936 ab
890 2889 1145 2950 exemplo.
1202 2892 1273 2940 Et
1309 2891 1498 2952 ‘boni‚’
1529 2906 1629 2940 non

569 2975 727 3026 quum
765 2962 862 3012 hoc
902 2961 1156 3021 facerent,
1198 2964 1292 3015 sed
1328 2967 1456 3016 alias
1491 2966 1630 3017 boni.

570 3150 581 3159 „
635 3116 810 3166 Fecere
843 3116 932 3165 alii
960 3131 1083 3180 soepe
1113 3119 1228 3168 item
1249 3117 1379 3180 boni]
1410 3117 1631 3168 Senten-

571 3191 696 3241 tiam
741 3207 771 3241 a
816 3194 1010 3243 Plauto
1050 3203 1318 3258 acceptam
1361 3194 1438 3260 (in
1483 3195 1633 3258 cujus

571 3267 796 3332 Epidico
837 3284 872 3317 ι.
899 3274 945 3319 1.
970 3275 1051 3319 30.
1076 3271 1294 3337 edepol
1315 3270 1551 3322 facinus
1537 3287 1630 3322 ιιιι

572 3345 805 3408 probum.
848 3353 904 3395 at
937 3347 1048 3411 jam
1090 3356 1213 3398 ante
1258 3349 1346 3398 alii
1391 3347 1631 3400 fecerunt

569 3419 706 3470 idem
721 3421 760 3484 ’)
821 3425 1121 3474 validiorem
1181 3425 1331 3488 fecit,
1390 3425 1631 3478 addendo

569 3499 586 3530 ⁴
613 3502 785 3564 saepe,’
807 3509 861 3550 et
884 3503 900 3531 ‘
926 3502 1080 3553 boni.’
1113 3505 1369 3556 Boeclerus.

639 3579 817 3628 Fecere
848 3582 936 3630 alia·
968 3596 1106 3644 nepe,
1139 3583 1256 3632 item
1284 3584 1418 3647 boni]
1453 3585 1632 3635 Plaut.

572 3655 798 3705 Mercat.
822 3666 922 3707 act.
948 3672 1011 3708 11.
1047 3673 1119 3708 sc.
1143 3663 1192 3708 2.
1250 3666 1265 3689 ⁴
1290 3661 1488 3710 Fecere
1528 3662 1633 3712 tale

573 3737 695 3781 ante
719 3732 806 3780 alii
828 3734 1054 3796 spectati
1081 3733 1213 3784 viri:
1246 3735 1438 3785 Heaut.
1455 3743 1557 3787 act.
1576 3751 1631 3788 ν.

572 3821 714 3859 scen.
735 3814 784 3859 2.
818 3802 1026 3875 ⁴6Volgo
1058 3811 1110 3860 id
1155 3809 1392 3862 facinus!
1446 3814 1633 3864 Farno-

636 3962 709 4010 At
720 3967 966 4025 postquam
984 3963 1038 4011 id
1057 3962 1237 4027 evenit]
1267 3964 1284 3993 ⁶
1311 3964 1534 4023 Evenit?
1554 3966 1632 4016 in-

574 4037 707 4101 quit,
729 4052 828 4087 non
866 4045 880 4067 ‘
901 4039 1223 4089 commissum
1257 4042 1374 4092 est.’
1395 4044 1521 4093 nihil
1555 4043 1629 4110 in-

571 4114 844 4169 nocentius
869 4114 974 4163 dici
997 4116 1185 4178 potuit.
1217 4118 1455 4175 Donatus,
1591 4158 1594 4167 .

584 4228 587 4233 .
641 4194 703 4239 55
743 4191 982 4255 Numquid
1010 4193 1367 4260 circmnspexti]
1408 4195 1633 4259 Συγκόιι-ὶι

576 4260 1243 4320 HAAHTANACMOC*
1266 4287 1359 4335 pro
1381 4274 1396 4302 ‘
1420 4274 1636 4325 circum·

576 4341 827 4404 spexisti0’
849 4343 864 4409 f
889 4343 1376 4410 circumspicimus'
1406 4364 1635 4415 praesen·

1246 438 1462 488 No‘rAE
1513 432 1913 484 vamomm
1967 432 2043 481 ΙΝ

1696 579 1829 640 tia,‘
1852 577 2195 643 prospicimus
2205 573 2432 626 ’futui-a.
2465 574 2614 624 Icstm.
2729 599 2732 606 ·

1764 655 1994 721 quuid
2009 654 2360 717 dramati,
2380 653 2490 718 qe]
2515 652 2628 701 Hos
2644 665 2748 702 ver-

1697 748 1783 784 sus
1805 729 2065 797 quomodo
2098 730 2335 794 Guyetn's
2370 728 2603 792 explicet
2621 726 2750 776 vide.

1698 809 1961 878 Boeclerus.

1762 889 1828 934 56
1863 885 1973 941 Qua
1994 881 2165 948 fieret]
2202 881 2262 930 Id
2287 887 2385 937 est,
2408 894 2515 944 qna
2543 878 2758 937 ratione,

1697 977 1798 1027 quo
1836 960 1990 1011 rnodo
2022 958 2208 1010 fieret?
2243 964 2298 1008 et
2324 958 2344 994 ‘⁷
2361 972 2466 1021 qna
2499 952 2757 1014 ratione3'

1701 1039 1781 1089 id
1801 1045 1898 1099 est,
1935 1037 2119 1103 quibus
2152 1033 2524 1093 adminiculis.
2550 1031 2633 1081 vel
2672 1042 2761 1148 per

1702 1130 1832 1182 quas
1863 1114 2141 1178 personas?
2174 1112 2417 1161 Donatus.

1766 1193 1829 1244 Si
1848 1200 1896 1242 te
1915 1192 2068 1256 ipsam
2096 1190 2219 1241 milti
2246 1177 2416 1253 puduit
2440 1184 2623 1248 dicere]
2655 1184 2759 1247 Op

1705 1271 1828 1322 time
1849 1271 1949 1319 hoc
1973 1268 2207 1317 additum
2230 1272 2339 1315 est.
2376 1262 2532 1327 quasi
2554 1275 2655 1310 non
2678 1258 2762 1307 de·

1706 1349 1883 1398 buerit
1898 1345 2195 1397 AEschinum
2214 1341 2356 1444 apud
2370 1339 2656 1390 Micionem
2674 1350 2761 1400 pu·

1705 1423 1847 1474 dere.
1881 1422 2031 1471 Idem.

1769 1504 1832 1552 57
1868 1501 1976 1556 Quo
1997 1487 2315 1559 resciscerem]
2347 1494 2363 1521 ‘
2390 1489 2548 1548 Qua?
2584 1488 2640 1538 id
2672 1494 2765 1549 est,

1706 1591 1802 1643 per
1836 1591 1987 1640 quos.
2024 1580 2082 1624 et
2120 1572 2187 1623 ad
2225 1569 2398 1621 omnia
2438 1565 2764 1626 subanditur,

1707 1650 2018 1717 ‘Numquid
2037 1644 2508 1713 circumspexisti?'
2544 1643 2695 1693 Idem.

1775 1732 1888 1787 Quo
1923 1725 2242 1790 resciscerem]
2300 1725 2473 1773 Deest
2518 1722 2533 1749 ‘
2556 1734 2636 1782 re,
2638 1716 2766 1767 'vel

1704 1811 1721 1840 ‘
1748 1805 2175 1860 ratione.'1dem·

1774 1886 1964 1935 Menses
1983 1882 2198 1932 obierunt
2217 1876 2397 1940 decem]
2429 1877 2608 1927 Mire·
2635 1872 2767 1923 abie-

1708 1961 1860 2014 runt.’
1911 1959 2074 2015 Quasi
2097 1958 2259 2019 dicat,
2280 1964 2331 2005 te
2353 1963 2617 2009 cessante,
2634 1965 2769 2001 men-

1656 2033 1662 2039 ’
1709 2055 1791 2091 ses
1811 2051 2053 2090 cesserez
2089 2046 2144 2085 et
2164 2036 2309 2083 locus
2332 2040 2415 2082 est
2436 2027 2771 2079 incusationis

1706 2131 1739 2167 a
1761 2123 2014 2179 tempore.
2068 2114 2139 2163 Et
2157 2113 2173 2139 ⁴
2198 2110 2345 2161 abire
2360 2108 2376 2131 '
2399 2107 2620 2170 dicitur,
2638 2103 2768 2170 quod

1709 2192 1958 2256 paulatim
2019 2203 2113 2238 nos
2167 2187 2398 2237 deserit.
2453 2186 2554 2234 hoc
2602 2192 2768 2234 autem

1710 2284 1776 2320 ex
1795 2276 1949 2333 partu
1974 2266 2240 2330 intelligit.
2272 2265 2424 2314 Idem.

1773 2350 1846 2395 58.
1878 2343 2148 2393 Prodidisti
2180 2347 2248 2404 te,
2287 2346 2428 2405 atque
2462 2341 2602 2390 illam
2644 2325 2772 2387 mise·

1705 2422 1832 2488 rom]
1867 2422 1999 2472 Vide
2023 2420 2267 2470 festivum
2302 2431 2502 2477 senem,
2523 2421 2769 2481 qnantum

1708 2516 1765 2550 se
1821 2499 2141 2553 adolescenti
2196 2493 2597 2549 accommodet:
2676 2505 2769 2545 non

1707 2579 1844 2630 enim
1869 2578 2034 2637 illuni,
2056 2589 2207 2641 quem
2232 2587 2391 2639 causa
2410 2569 2671 2634 deposcit,
2688 2565 2770 2617 sed

1708 2655 2012 2707 amatorium
2054 2651 2286 2701 ordinem
2321 2647 2469 2709 fecit,
2513 2648 2665 2711 prius
2702 2643 2771 2694 di·

1708 2733 1878 2784 cendo
1900 2731 1917 2759 ‘
1935 2727 2213 2794 prodidisti
2244 2726 2329 2787 te,’
2355 2739 2512 2789 quam
2555 2723 2572 2750 ‘
2590 2723 2727 2773 illam
2742 2718 2773 2780 3’

1711 2817 1819 2858 tum
1862 2808 2021 2861 etiam
2063 2801 2350 2869 ‘gnatum,'
2394 2809 2452 2850 ut
2494 2814 2564 2850 ex
2611 2800 2771 2865 animo

1709 2899 1885 2935 amare
1926 2883 2165 2933 videatur
2202 2879 2254 2930 id
2289 2877 2428 2943 qnod
2463 2882 2650 2926 natum
2681 2878 2770 2922 est.

1779 3036 2075 3102 Prodidisti]
2118 3031 2418 3097 Decepisti,
2448 3030 2530 3078 vel
2567 3023 2769 3080 desern-

1712 3116 1816 3166 isti.
1877 3122 1937 3165 ut
1980 3111 2253 3178 Virgilius,
2294 3111 2310 3136 ‘
2334 3108 2484 3158 unius
2541 3105 2608 3156 ob
2649 3105 2774 3154 iram

1712 3190 2029 3243 Prodimnr.’
2073 3190 2223 3239 Idem.

1778 3267 2054 3318 Prodidisti
2074 3271 2121 3314 et
2143 3269 2210 3326 te,
2232 3268 2281 3313 et
2304 3262 2442 3313 illam
2473 3259 2704 3313 miseram,
2727 3260 2778 3331 et-

1708 3351 1929 3408 gnatum,
1964 3345 2087 3407 quod
2117 3343 2303 3406 quidem
2338 3339 2390 3387 in
2436 3343 2485 3387 te
2514 3333 2646 3398 ficit]
2690 3334 2771 3385 Ex

1713 3416 1926 3472 ‘illam'
1966 3419 2381 3470 elidendumest
2414 3410 2695 3472 alteruml‚
2717 3416 2768 3457 et

1708 3506 1824 3550 ·‘ex
1832 3496 2017 3564 ''quod
2061 3496 2123 3557 d;
2158 3495 2287 3544 ita‘
2314 3500 2389 3553 te,
2426 3499 2481 3540 et
2516 3485 2687 3550 illam,’
2719 3490 2769 3534 et

1712 3575 1890 3643 ‘quod
1926 3574 2136 3643 quidem
2177 3569 2266 3628 in‚'
2309 3575 2468 3627 erunt
2512 3566 2613 3615 duo
2657 3576 2769 3613 aua·

1713 3654 1886 3719 pacati,
1910 3660 1965 3702 et
1989 3664 2160 3699 versus
2187 3645 2457 3712 procedet.
2513 3640 2742 3693 Ραὲηιω.

1780 3731 1919 3787 Quod
1951 3729 2140 3792 quidem
2167 3727 2222 3774 iu
2258 3730 2303 3775 te
2318 3721 2458 3784 fuit]
2487 3719 2770 3776 Sallustius,

1713 3810 1731 3838 ⁶
1754 3809 1941 3863 Quod
1928 3824 1979 3858 ιιι
2002 3806 2201 3856 familia
2223 3812 2402 3854 nostra
2425 3801 2546 3865 fuit,
2576 3798 2769 3865 praesti-

1622 3909 1626 3914 ·
1714 3887 1781 3936 tit
1798 3893 1856 3935 ut
1877 3887 1927 3934 in
1946 3884 2179 3934 omnibus
2200 3880 2350 3931 bellis
2368 3878 2580 3927 adesset
2596 3871 2770 3929 nobis:

1713 3963 1782 4012 Et
1824 3963 2077 4023 Cicero,‘
2101 3961 2319 4008 Senator
2354 3957 2420 4006 P.
2447 3957 2513 4005 R.
2551 3952 2684 4019 quod
2717 3952 2767 4001 in

1714 4040 1859 4090 vobis
1896 4037 2016 4098 fuit,
2045 4035 2220 4099 jacuit
2257 4040 2312 4084 et
2357 4028 2682 4097 pernoctavit
2717 4027 2770 4081 in

1714 4114 1957 4182 publico?
1991 4114 2229 4163 Donatus.

1782 4186 1917 4251 Quod
1939 4190 2164 4255 quidem
2145 4205 2198 4238 ιιι
2220 4187 2406 4250 tesuit]
2428 4188 2553 4247 Pro,
2571 4181 2768 4249 idquod

1713 4272 1766 4322 in
1790 4280 1843 4322 tc
1866 4279 2018 4331 erat·
2054 4271 2107 4320 id
2132 4275 2233 4331 est,
2252 4275 2506 4332 quantum
2529 4267 2579 4315 in
2604 4260 2768 4313 officio

1715 4358 1805 4401 tuo
1844 4348 1956 4414 spei
1991 4353 2051 4398 et
2083 4345 2262 4412 auxilii
2294 4343 2623 4411 partiumque
2657 4346 2764 4394 tua·
