3035 4941
601 365 777 431 1382

607 536 787 593 patet:
825 537 880 581 et
914 529 980 580 ab
1017 531 1319 596 Engraphio
1355 538 1500 582 recte
1533 542 1656 580 con·

607 606 866 668 signatur:
891 607 907 635 ‘
924 622 1040 657 cum
1064 610 1198 658 enim
1222 610 1276 659 in
1298 609 1528 674 periculo
1551 619 1657 657 ma·

596 682 716 746 jere
740 684 938 747 positus
976 683 1139 736 fuerit
1177 686 1327 750 filius,
1362 693 1470 737 tum
1501 685 1660 750 facile

608 762 908 824 parentibus
941 771 1115 826 potest
1154 777 1359 813 movere
1393 764 1663 827 pietatem,

607 838 692 887 vel
715 853 894 901 pacem
927 840 995 889 ab
1034 840 1283 890 iracundo
1320 849 1471 905 patre
1502 842 1659 892 susci·

609 913 770 976 pere.’
841 915 979 963 Hinc
1017 922 1221 966 constat
1257 916 1441 981 primo,
1463 919 1660 982 Eugra·

607 990 781 1053 phium
802 990 884 1041 hic
906 1005 1008 1040 non
1030 991 1237 1056 legisse,
1268 1008 1406 1056 quam
1440 1001 1496 1044 et
1527 998 1661 1052 emm

596 1066 700 1114 ‘sed
723 1082 862 1129 quum
882 1074 936 1117 et
957 1073 1088 1117 tum.-
1112 1068 1300 1119 deinde
1322 1069 1380 1119 τὸ
1400 1071 1522 1120 sitm
1543 1085 1661 1121 enm

596 1144 901 1206 accepisse,
935 1157 1030 1207 pro
1074 1146 1291 1208 positus.
1360 1147 1515 1197 Prius
1536 1147 1663 1197 illud

610 1216 803 1281 Guy'eti
881 1218 1295 1271 emendationem
1374 1221 1666 1285 confirmat,

609 1307 727 1342 cum
751 1294 927 1344 itidem
948 1295 1034 1345 hic
1048 1296 1195 1360 legit,
1214 1313 1371 1362 quum,
1391 1303 1508 1349 tm.
1544 1300 1662 1348 Βω-

611 1372 795 1421 clerus.

677 1447 833 1502 Quom
873 1450 988 1498 nun.
1033 1449 1095 1498 in·
1129 1466 1211 1514 spe
1252 1451 1374 1500 situs
1413 1453 1524 1514 erit,
1550 1453 1663 1517 θα]

612 1523 819 1574 Quanto
842 1526 1005 1587 magis
1026 1523 1177 1588 fingit
1207 1527 1456 1589 suspicari
1488 1542 1543 1576 se
1565 1537 1663 1577 nec

612 1613 764 1662 posse
799 1614 1007 1663 sperare
1045 1614 1102 1649 se
1133 1615 1248 1652 esse
1284 1617 1459 1652 eorum
1482 1602 1661 1667 filium,

612 1683 758 1724 tauto
795 1673 1001 1725 facilius
1048 1678 1206 1740 patris
1251 1677 1663 1730 benevolentiam

612 1752 713 1801 sibi
735 1752 1055 1816 conciliabit,
1089 1752 1243 1818 idque
1277 1754 1341 1803 ad
1377 1755 1663 1820 arbitrium,

612 1830 953 1889 conditiones,
965 1837 1022 1881 et
1032 1833 1346 1883 voluntatem
1360 1841 1524 1884 suam.
1541 1836 1663 1884 Far·

602 1907 798 1958 enahim.

676 1989 740 2034 4⁵
780 1984 1144 2045 Msucillime
1167 1986 1274 2036 boni
1302 1987 1458 2049 petris
1485 1986 1666 2051 pacm]

613 2062 915 2116 Dictionem
937 2062 1064 2132 boni,
1093 2063 1403 2113 auctoritate
1439 2064 1666 2118 omnium

613 2141 882 2203 librorum,
903 2140 1206 2190 delevimus.
1242 2141 1473 2191 Faernus.

678 2218 850 2280 Patris
885 2231 1044 2280 pacem
1084 2216 1138 2265 in
1185 2218 1279 2279 leg.
1330 2219 1493 2282 confic.
1536 2218 1668 2281 sm]

615 2289 834 2343 Plautus
877 2295 1275 2344 Mostellar.'v.
1318 2297 1372 2345 2.
1418 2302 1468 2349 6.
1512 2305 1569 2346 et
1619 2300 1669 2346 6.

615 2370 630 2396 ‘
651 2371 803 2419 Nunc
836 2384 938 2434 ego
972 2370 1039 2419 de
1076 2369 1348 2420 sodalitate
1385 2373 1521 2422 solus
1559 2387 1670 2423 sum

592 2434 791 2495 ‘orator
811 2445 984 2508 datus,
1008 2446 1113 2500 Qui
1136 2461 1168 2496 a
1188 2452 1336 2510 patre
1356 2448 1466 2513 ejus
1498 2451 1671 2502 conci-

617 2521 796 2570 liarem
818 2527 1034 2584 pacem.⁹
1066 2523 1325 2574 Roeclerus.

682 2602 748 2648 46
777 2598 848 2648 At
867 2598 993 2665 Syro
1011 2601 1135 2651 nihil
1152 2601 1218 2650 sit
1247 2603 1447 2667 gratim]
1484 2603 1670 2653 Certus

621 2688 733 2723 sum
771 2676 911 2739 quod
934 2691 1001 2726 ex
1021 2676 1121 2726 hoc
1143 2679 1355 2728 consilio
1376 2680 1428 2728 in
1450 2679 1672 2740 gratiam

621 2756 702 2799 est
723 2749 856 2800 filius
875 2766 1190 2811 reversurus,
1205 2763 1263 2804 ut
1281 2754 1498 2805 fortasse
1517 2757 1670 2807 etiam

621 2827 876 2877 concedat
900 2830 1112 2888 veniam,
1149 2835 1205 2879 et
1240 2845 1447 2884 uxorem
1481 2833 1672 2884 ducere

622 2905 918 2968 compellat.
950 2906 1272 2970 Eugmphius.

686 2981 763 3031 Ac
782 2979 906 3047 Syro
927 2982 1048 3032 nihil
1063 2981 1265 3044 gratia]
1311 2981 1377 3032 Τὸ
1395 2998 1452 3032 ac
1474 2982 1673 3048 Eugra·

619 3059 771 3123 phius
804 3058 991 3120 haben
1029 3059 1120 3109 sed
1150 3059 1315 3108 nostri
1336 3060 1468 3110 Mss.
1503 3066 1561 3109 et
1588 3060 1676 3109 alii

623 3134 909 3199 praeferunt
961 3141 1028 3186 at.
1114 3135 1265 3188 Quod
1321 3144 1378 3186 et
1436 3136 1674 3202 Guyetus

620 3218 812 3262 tuetur.
878 3211 960 3260 De
981 3225 1127 3260 sensu
1146 3211 1432 3275 disputant.
1493 3212 1567 3261 At
1582 3212 1677 3277 Sy-

620 3303 676 3337 ro
698 3289 820 3337 nihil
835 3288 1012 3350 gratioe
1041 3287 1243 3337 scilicet
1265 3288 1403 3351 apud
1426 3287 1676 3351 Clitipho·

623 3379 741 3413 nem
785 3364 906 3413 erit.
987 3363 1428 3423 Reconciliabitur
1467 3364 1677 3429 quidem

625 3438 712 3488 ille
748 3433 972 3502 parenti,
1007 3441 1050 3488 si
1084 3440 1377 3503 praesertim
1401 3440 1624 3490 animum
1648 3452 1680 3490 a

623 3516 899 3564 meretrice
921 3517 1150 3564 avulsum
1181 3516 1246 3565 ad
1282 3516 1490 3580 nuptias
1513 3524 1678 3566 trans·

625 3586 801 3651 ferat3
835 3605 949 3655 quae
998 3606 1098 3640 una
1141 3592 1408 3656 placandis
1451 3593 1677 3656 parenti·

628 3665 724 3715 bus
749 3667 876 3715 ratio
900 3679 1166 3730 superesse
1190 3666 1411 3717 videtur.
1463 3667 1536 3718 At
1555 3669 1677 3717 mihi

626 3741 750 3791 nihil
775 3743 953 3806 gratiae
973 3743 1077 3793 erit
1099 3758 1164 3792 ex
1186 3744 1284 3792 hoc
1306 3745 1520 3794 consilio
1545 3760 1561 3804 ;
1582 3758 1678 3794 nee

629 3817 768 3881 a'pud
811 3817 1210 3879 adolescentem,
1247 3818 1336 3883 qui
1370 3833 1508 3882 aegre
1543 3819 1681 3869 feret

626 3910 684 3946 se
726 3895 961 3944 abstrahi
1003 3910 1035 3944 a
1071 3895 1359 3957 Bacchide3
1409 3910 1507 3944 nec
1542 3896 1680 3959 apud

629 3973 976 4034 Chremetem,
1007 3972 1093 4037 qui
1117 3985 1198 4019 me
1228 3980 1285 4019 ut
1308 3972 1494 4021 amoris
1512 3986 1681 4021 *mere-

627 4050 767 4099 tricii
813 4048 1106 4112 adiutorem
1151 4047 1336 4097 oderit.
1401 4047 1681 4111 Abrumpi-

629 4134 715 4176 tur
753 4133 922 4175 autem
963 4125 1126 4175 oratio
1159 4123 1487 4188 imperfecta,
1525 4125 1681 4173 inter-

628 4212 785 4252 ventu
806 4201 961 4252 senis.
997 4200 1253 4249 Boeeleru.

692 4283 755 4329 47
793 4279 923 4336 Quid
959 4282 1116 4326 auum
1152 4275 1260 4339 hoc]
1294 4275 1363 4325 Ο.
1398 4276 1441 4327 J.
1484 4291 1525 4326 s.
1572 4274 1684 4339 qnid

1292 383 1509 433 NOTAE
1561 380 1960 431 vautoRuM
2007 381 2088 429 ΙΝ

1730 524 1816 574 hoe
1834 522 2031 576 mem?
2066 535 2243 575 versus
2281 532 2363 573 est
2395 524 2682 575 trochaicus
2702 528 2767 573 te·

1732 606 1981 651 trameter
2002 601 2394 663 acatalecticus,
2411 608 2472 651 ut
2495 607 2769 667 sequentes.

1736 677 1971 727 Fa‘e'rmrs.

1805 756 1906 817 Ego
1938 753 2112 817 sagio]
2153 754 2274 805 Non
2309 754 2645 804 conscientiae
2676 761 2776 803 tan-

1734 838 1843 882 tum
1874 833 1977 882 iste
2012 839 2179 882 metus
2210 839 2311 894 est,
2347 832 2438 881 sed
2471 830 2777 893 sagacitatis.

1734 907 2081 960 Intellexerat
2127 910 2260 959 enim
2308 918 2599 971 veterator,
2643 909 2778 957 dissi-

1733 987 1913 1037 mulari
1939 996 2141 1037 tantum
2179 994 2236 1038 et
2271 985 2475 1037 differri
2501 985 2780 1037 Chremetis

1734 1064 1879 1114 iram.
1914 1065 2171 1114 Boeclerus.

1797 1143 1865 1190 49
1897 1142 2023 1189 Eum
2042 1144 2327 1202 precatorem
2344 1139 2464 1188 mim
2495 1137 2636 1202 paro]
2670 1138 2732 1188 Ο.
2752 1138 2782 1186 Ι.

1735 1232 1777 1267 s.
1798 1233 1903 1267 cum
1923 1217 2042 1267 mihi
2058 1221 2346 1281 precatorem
2362 1231 2495 1279 paro.
2531 1214 2770 1265 Faernus.

1801 1291 2128 1354 Precalorem]
2155 1294 2594 1354 Deprecatorem,
2617 1297 2675 1339 ut
2696 1305 2785 1338 mo·

1736 1370 1821 1421 do.
1854 1369 2138 1421 Farnobium

1801 1446 1920 1496 Seni
1957 1450 2115 1495 nostro
2138 1445 2265 1511 fidei
2304 1444 2427 1494 nihil
2463 1442 2633 1506 habeo]
2675 1442 2783 1491 Non

1736 1525 1954 1574 credam
1978 1525 2087 1574 seni
2112 1524 2258 1589 quasi
2278 1523 2604 1584 ignoscenti3
2629 1523 2787 1584 itaque

1738 1602 2108 1651 Menedemum
2131 1609 2455 1665 precatorem
2469 1599 2681 1664 parabo.
2702 1599 2786 1645 Eu-

1731 1677 1983 1740 graphius.

1799 1753 1987 1802 Scmu
2029 1763 2116 1802 nr.
2168 1751 2386 1802 Iambici
2421 1747 2714 1810 Octonarii,
2741 1753 2790 1796 et
2821 1785 2831 1792 ,

1730 1828 1999 1879 Trochaici
2063 1826 2347 1891 septenarii
2386 1837 2403 1889 ς
2478 1823 2783 1875 intermixtis

1740 1905 1941 1956 duobus
1964 1906 2197 1955 dimetris
2224 1903 2377 1954 iamb.
2413 1917 2490 1953 vs.
2512 1906 2564 1951 4.
2589 1913 2784 1950 omnes:

1738 1982 1799 2033 oh
1816 1982 1989 2046 pergin
2021 1983 2190 2032 mulier
2208 1996 2327 2031 em.
2351 1996 2424 2031 vs.
2453 1986 2505 2030 5.
2524 1979 2629 2029 duo
2654 1996 2666 2026 ε
2687 1977 2790 2026 nihi

1739 2060 2046 2110 adversatrix
2068 2058 2243 2120 fueris.
2276 2072 2409 2108 unus
2431 2056 2652 2117 omittit,
2668 2053 2790 2103 nihi.

1742 2150 1816 2186 vs.
1859 2139 1938 2186 13.
1980 2149 2186 2185 omnes:
2219 2135 2344 2184 istuc
2377 2136 2562 2183 nostris
2601 2130 2794 2182 inimicis

1740 2212 1849 2261 siet.
1872 2226 1947 2261 vs.
1976 2215 2057 2261 16.
2083 2211 2212 2260 duo:
2235 2226 2325 2276 quo
2346 2210 2506 2272 mag-1⁶³
2529 2224 2599 2260 cr.
2625 2223 2697 2257 vs.
2724 2210 2793 2256 19.

1744 2289 1880 2338 duo:
1916 2289 2028 2351 quin
2068 2288 2235 2337 itidem
2267 2288 2331 2338 sit
2354 2287 2461 2336 tibi.
2484 2301 2654 2337 unus:
2694 2285 2795 2349 quin

1745 2366 1922 2415 ididem
1940 2365 2009 2414 sit
2034 2366 2139 2415 tibi.
2167 2366 2449 2414 Boeclerns.

1810 2445 1835 2491 l
1894 2441 2118 2503 Profecto
2158 2441 2277 2504 nisi]
2325 2442 2526 2491 Cois’rcet
2568 2440 2648 2489 hic
2690 2453 2800 2488 uxor

1744 2519 1987 2582 maritum,
2020 2521 2143 2583 quod
2175 2517 2717 2583 eoehoeredationemfilii
2732 2530 2802 2565 ve·

1744 2596 1802 2645 lit
1828 2611 2001 2647 errore.
2067 2597 2149 2645 Ex
2175 2596 2264 2645 illo
2284 2595 2503 2644 consilio
2527 2608 2686 2644 sexus
2702 2594 2802 2658 jam

1745 2671 1993 2721 continuo
2016 2678 2243 2721 notatur.
2310 2669 2475 2721 Quasi
2512 2684 2713 2719 morum
2737 2670 2804 2717 vi·

1747 2748 1873 2796 tium
1909 2756 2021 2809 est3
2059 2754 2117 2796 ut
2152 2745 2297 2808 alibi,
2338 2746 2446 2794 ‘Tu
2469 2745 2685 2810 inquam
2709 2759 2807 2794 mu·

1744 2823 1862 2885 lier,
1885 2839 1999 2888 quae
2020 2838 2103 2873 me
2120 2823 2323 2872 omnino
2341 2820 2590 2886 lapidem,
2607 2837 2713 2872 non
2727 2823 2806 2871 lio·

1746 2900 1937 2950 minem
1960 2890 2152 2964 putas)
2218 2898 2378 2949 Aliud
2398 2906 2579 2951 tamen
2604 2908 2688 2950 est
2711 2910 2809 2947 mu·

1746 2980 1923 3030 lierem
1949 2981 2124 3029 dicere
2146 2993 2243 3042 per
2265 2986 2525 3041 naturum,
2557 2979 2698 3028 aliud
2723 2993 2809 3044 per

1745 3055 1951 3108 vitium.
1986 3053 2310 3117 Eugraphius.
2781 3052 2784 3053 ⁷

1815 3133 2041 3194 Prqfeeto
2074 3132 2172 3181 nisi
2207 3130 2365 3194 cures]
2405 3132 2610 3195 Magna
2633 3132 2812 3182 celeri·

1751 3217 1830 3259 tas
1852 3219 1935 3261 est
1956 3224 2146 3267 rerum,
2168 3224 2285 3272 quae
2309 3209 2394 3257 hic
2414 3210 2813 3259 concluduntur.

1750 3284 1978 3349 Clitipho
2007 3285 2072 3334 ad
2112 3291 2330 3333 matrem
2354 3286 2611 3347 cucurrit,
2633 3299 2811 3350 quere-

1751 3363 1851 3412 lam
1893 3362 2065 3412 ferens
2101 3361 2168 3411 de
2202 3363 2485 3411 severitate
2524 3364 2697 3425 patris
2732 3376 2812 3410 ex·

1748 3438 2015 3487 haeredare
2038 3439 2205 3502 ipsum
2231 3439 2485 3500 volentis;
2512 3447 2676 3504 atque
2704 3439 2815 3488 hinc

1750 3516 2095 3579 suspicionem
2132 3521 2369 3566 moverat
2409 3516 2473 3566 de
2515 3524 2662 3566 statu
2688 3530 2811 3565 suo:

1750 3591 1886 3653 quod
1909 3592 2187 3642 verisimile
2202 3592 2393 3642 nemini
2418 3592 2713 3652 videretur,
2730 3606 2813 3656 pa·

1749 3674 1884 3717 trem
1919 3676 2025 3718 tam
2060 3668 2254 3719 acerbe
2277 3677 2515 3719 acturum
2541 3682 2666 3719 cum
2700 3669 2820 3729 filio,

1749 3759 1906 3809 quem
1955 3760 2050 3808 pro
2096 3760 2220 3795 vero
2256 3754 2313 3794 et
2350 3760 2441 3794 suo
2482 3752 2814 3808 agnosceret.

1751 3823 1928 3872 Mater
1972 3823 2299 3872 Chremetem
2342 3823 2589 3872 maritum
2644 3821 2814 3871 statim

1751 3912 1819 3946 ea
1841 3897 1908 3947 de
1947 3898 2002 3946 re
2034 3896 2359 3962 aggreditur,
2397 3898 2665 3962 domoque
2700 3912 2814 3946 exe-

1753 3983 1929 4024 untem
1967 3988 2107 4038 pone
2145 3975 2501 4039 consequitur,
2537 3982 2703 4040 atque
2724 3975 2813 4022 hoc

1746 4050 1977 4112 jurgium
2023 4051 2076 4100 in
2122 4064 2333 4098 scenam
2378 4050 2560 4101 infert.
2653 4051 2815 4100 Inter·

1755 4127 1965 4190 ponitur
1986 4127 2112 4176 nihil
2148 4127 2308 4187 aliud,
2341 4136 2501 4192 ,quam
2537 4142 2710 4177 sermo
2732 4128 2812 4177 ille

1753 4203 1867 4267 Syri
1891 4203 2061 4251 brevis
2084 4216 2238 4250 scena
2256 4204 2616 4265 praecedente.
2670 4204 2814 4265 Haec,

1754 4280 1980 4343 inquam,
2003 4276 2245 4329 celeritas
2269 4279 2600 4331 condonatur
2614 4280 2814 4342 fabulis,
