3035 4941
526 297 728 404 nso

533 502 636 548 este
671 492 877 560 quidem
918 492 1130 558 legitur,
1163 492 1255 544 sed
1292 506 1445 542 manu
1482 506 1599 542 cor·-

537 574 777 625 rectoris.
811 571 884 623 ibi
922 572 977 621 in
1016 585 1180 636 marg.
1215 585 1404 635 appou.
1429 563 1490 620 ai.
1513 568 1599 630 fa·

543 666 665 701 cere.

547 761 553 766 -
605 726 859 788 Observa,
872 740 1024 792 quam
1041 730 1283 775 accurate
1300 722 1487 781 Po‘eta,
1506 737 1598 786 pa-

542 806 807 856 rasiticum
831 817 1027 853 morem
1050 800 1424 863 descripserit:
1449 799 1599 861 cujus

543 881 810 947 duplicem
834 878 946 928 vult
964 892 1078 927 esse
1098 875 1441 939 disciplinam,
1455 883 1599 925 vete-

543 972 650 1007 rem
673 962 727 1005 et
748 968 949 1014 novam,
976 959 1036 1003 ut
1072 952 1127 1001 in
1169 950 1474 1016 prefatione
1511 951 1600 1000 de·

543 1030 954 1083 monstravimus.
1034 1029 1314 1078 Commune
1357 1028 1600 1091 parasitis

546 1109 616 1161 de
654 1115 874 1172 utroque
901 1119 1094 1171 genere
1131 1106 1229 1154 hoc
1251 1112 1384 1166 erat,
1408 1112 1465 1154 ut
1499 1105 1604 1153 suis

547 1179 705 1236 rebus
767 1198 863 1248 per
914 1183 1296 1248 prodigentiam
1340 1182 1607 1243 absumtis,

549 1263 722 1313 alieno
744 1261 866 1311 cibo
887 1260 1187 1323 sustentari,
1213 1271 1458 1310 summam
1500 1259 1606 1308 voti

549 1344 607 1389 et
623 1337 845 1388 instituti
874 1337 1145 1387 haberent.
1211 1335 1422 1386 Gnatho
1451 1336 1608 1397 igitur

551 1420 781 1465 veterem
813 1413 956 1463 illum
978 1412 1062 1479 (ut
1084 1427 1223 1463 nunc
1241 1414 1318 1462 ita
1342 1412 1611 1474 vocemus)

550 1490 835 1556 parasitum
869 1490 887 1519 ‘
907 1491 985 1540 sui
1023 1491 1125 1541 loci
1148 1497 1202 1539 et
1224 1491 1429 1540 ordinis·
1449 1490 1607 1539 bomi-

549 1582 692 1631 nem,
714 1567 881 1631 patria
902 1567 1080 1618 itidem
1121 1567 1209 1632 qui
1247 1567 1612 1631 abligurrierat

552 1643 727 1707 bona,’
741 1645 993 1708 agnoseit.
1013 1645 1102 1695 ubi
1120 1646 1378 1707 Donatus,
1396 1647 1411 1673 ‘
1423 1643 1619 1694 locum’

550 1721 619 1775 ad
637 1720 895 1785 ingenium
911 1728 967 1772 et
984 1721 1184 1771 natales
1205 1736 1221 1781 3
1240 1721 1255 1748 ‘
1274 1720 1532 1771 ordinem’
1548 1719 1614 1770 ad

554 1805 936 1863 paupertatem¹
958 1805 1013 1848 et
1041 1797 1324 1859 fortunam,
1356 1813 1472 1847 nou·
1488 1798 1614 1847 satis

557 1883 803 1925 accurate
827 1874 1005 1925 refert.
1035 1874 1214 1924 melius
1252 1874 1613 1938 Eugrapbins:

553 1953 648 2004 mei
670 1953 779 2017 loci,
799 1949 1081 2017 pauperem
1104 1952 1233 2002 dicit
1255 1952 1502 2013 ;³ordinis,
1527 1966 1616 2015 pa·

554 2029 789 2079 rasitum.
856 2028 1080 2079 Quidam
1119 2027 1179 2075 ἐκ
1198 2025 1510 2091 παραλλήλου
1532 2037 1615 2075 ac*-

557 2107 762 2174 cipiunt
777 2122 793 2155 ι
826 2106 921 2156 mei
944 2106 1192 2168 iaciatque
1209 2104 1411 2165 ordinis,
1435 2104 1486 2152 id
1514 2110 1616 2162 est,

553 2196 688 2234 meae
707 2182 860 2233 sortis
875 2190 929 2232 et
946 2181 1273 2231 conditionis.
1306 2179 1616 2242 Discipliuae

558 2266 613 2309 et
632 2259 756 2308 artis
778 2258 1056 2308 discrimen
1093 2257 1172 2306 ἀπ)
1207 2257 1357 2321 ἀρχῆς
1391 2255 1502 2319 ἄχρι
1533 2256 1619 2304 τοῦ

557 2332 749 2392 τέλους,
784 2349 816 2383 a
847 2346 1043 2383 summo
1080 2333 1145 2382 ad
1182 2331 1357 2391 imum,
1382 2333 1620 2380 exhibuit

561 2409 792 2461 Gnatho.
859 2408 921 2457 In
965 2416 1220 2472 tempore,
1269 2409 1485 2472 primum
1553 2408 1619 2456 ad

562 2484 910 2539 differentiam
951 2494 1282 2537 momentum.
1309 2501 1428 2537 non
1479 2487 1620 2538 idem

563 2569 774 2612 aetatum
796 2564 975 2628 genius
991 2571 1074 2613 est
1090 2580 1104 2612 z
1123 2570 1490 2629 mittanturque
1505 2579 1620 2614 cum

563 2643 801 2702 tempore
838 2638 1045 2703 ingenia
1086 2638 1365 2701 hominum,
1410 2648 1467 2690 ut
1502 2655 1621 2705 quae

563 2713 703 2779 apud
728 2723 906 2779 patres
940 2721 1147 2764 nostros
1186 2716 1239 2766 in
1277 2716 1470 2767 honore
1510 2715 1623 2766 fue-

564 2797 707 2855 runt,
758 2806 788 2840 a
837 2789 987 2840 nobis
1036 2801 1365 2855 spernantur.
1442 2793 1623 2843 Prima

566 2867 692 2931 'ergo
731 2868 817 2917 lex
858 2867 1143 2931 disciplinae
1191 2869 1506 2934 p‘arasiticae‚
1556 2871 1620 2920 ad

565 2946 772 3012 genium
811 2946 989 2996 saeculi
1018 2946 1259 3010 apposite
1279 2953 1508 3011 apteque
1533 2961 1623 3010 pa-

565 3024 793 3088 rasitari,
816 3030 876 3075 nt
898 3023 1143 3074 Blautina
1168 3037 1294 3074 voce
1329 3030 1461 3073 utar.
1515 3024 1624 3074 Ita·

565 3115 668 3167 que
694 3100 833 3166 quod
855 3101 977 3151 olim
1000 3100 1137 3165 apud
1159 3103 1331 3151 seclum
1358 3101 1495 3166 prius
1533 3102 1624 3151 ob-

565 3184 743 3248 tinuit,
762 3197 899 3233 novo
920 3183 1150 3238 invento,
1171 3196 1309 3230 nova
1341 3182 1447 3242 via,
1483 3195 1623 3230 nunc

565 3259 868 3309 mutandum
891 3264 991 3307 est.
1058 3257 1217 3320 Cujus
1236 3255 1625 3317 vicissitudinis,

565 3351 664 3387 nec
702 3338 956 3387 rationem
996 3335 1215 3384 obscure
1250 3335 1503 3399 signatam
1540 3348 1625 3383 vo-

566 3414 695 3487 luitz
740 3413 1055 3476 simpliciora
1095 3409 1297 3474 fuisse,-
1324 3427 1478 3476 quam
1529 3413 1628 3461 hoc

567 3495 823 3553 tempore,
838 3489 1017 3538 s‘aeculi
1033 3489 1218 3552 prioris
1234 3489 1471 3553 ingenia:
1492 3495 1630 3540 nunc

567 3580 706 3616 novo
745 3556 1051 3626 astu,'novo
1087 3566 1309 3628 aucupio
1344 3579 1473 3629 opus
1496 3580 1631 3629 esse,

569 3655 638 3694 ne
657 3642 865 3693 -esnriat
907 3642 1197 3692 Parasitus.
1261 3643 1632 3693 Producuntur

570 3719 792 3770 subinde
847 3719 1067 3769 veteris·
1097 3719 1382 3783 disciplinae
1440 3734 1633 3785 genera

570 3798 712 3848 dno‘z
735 3797 951 3847 Ridicula·
963 3804 1016 3847 et
1034 3797 1377 3861 Plagipatidoe,
1391 3805 1451 3846 ut
1474 3798 1633 3847 Plau·

573 3881 659 3925 tus
680 3874 828 3923 nobis
849 3875 948 3924 hoc
970 3874 1277 3924 vocabulum
1300 3875 1364 3923 de
1379 3889 1472 3924 suo
1491 3870 1632 3938 penu

572 3959 857 4002 mutuetur.
877 3966 992 4001 nam
1031 3951 1205 4001 ‘Olim
1226 3951 1310 4001 isti
1330 3950 1430 4001 fuit
1453 3951 1633 4014 generi

574 4027 833 4093 quondam
872 4035 1101 4091 quaestus
1135 4026 1273 4092 apud
1297 4028 1502 4077 soeclum
1530 4028 1634 4091 pri-

738 4103 1009 4155 Aiterutro
1048 4110 1138 4154 aut
1176 4110 1395 4168 utroque
1439 4116 1634 4165 genere

577 4178 849 4245 delectari,
886 4180 1147 4232 hominum
1185 4187 1268 4231 est
1310 4193 1409 4231 nec
1443 4179 1636 4231 intelli·

1235 343 1452 398 ποτε
1504 333 1906 397 vamonuia
1926 309 1931 319 ⁴
1953 343 2034 398 m

1671 492 1860 555 gentina
1891 491 2125 556 multum,
2163 504 2260 542 nec
2285 490 2560 557 elegantiae
2582 491 2728 558 quic·

1674 585 1824 635 quam
1855 571 2170 620 habentium.
2197 570 2331 620 unde
2353 572 2407 620 in
2430 570 2595 622 veteri
2614 585 2727 619 sce·

1582 665 1591 686 ‹
1672 660 1738 695 na
1784 647 1938 712 vulgo
1968 639 2023 697 et
2060 639 2360 712 vulgaribus
2399 646 2580 697 animis
2612 646 2728 698 lraee

1671 723 2057 774 oblectamento
2079 723 2308 775 fuerunt.
2716 717 2726 744 ²

1680 837 1681 840 ,
1739 802 2068 853 Gnathonica
2107 817 2207 860 ars,
2253 803 2366 852 sive
2403 815 2540 852 nova
2576 799 2731 850 disci-

1672 879 1814 942 plina
1836 880 2209 938 parasitorum,
2232 877 2595 929 assentatione
2609 891 2733 928 con-

1673 961 1812 1019 stat3
1845 956 1992 1021 cujus
2016 959 2183 1021 prima
2213 958 2321 1019 lex,
2343 969 2511 1016 nosse,
2542 945 2730 1021 quibus

1675 1034 2040 1084 assentantium
2064 1036 2133 1085 sit
2150 1045 2179 1096 3¹
2199 1034 2562 1099 arrogantibus
2591 1033 2739 1083 scili-¹

1678 1105 1767 1159 cet
1790 1109 2075 1176 iisdemque
2097 1111 2303 1161 stolidis
2317 1126 2378 1160 ac
2393 1125 2544 1160 aures
2564 1108 2734 1160 Midae

1677 1186 2007 1238 habentibus.
2050 1202 2168 1236 nam
2214 1188 2300 1252 qui
2346 1186 2575 1252 prudens
2635 1194 2735 1247 est,

1677 1263 1850 1313 ‘Huic
1886 1265 2020 1314 male
2060 1266 2121 1314 si
2142 1255 2378 1329 palpere,
2415 1264 2741 1325 recalcitrat,

1680 1339 1931 1404 undique
1940 1341 2122 1391 tutus?
2184 1342 2434 1391 Proxima
2466 1340 2603 1391 ratio
2623 1336 2740 1391 e‘s't·

1683 1415 1907 1479 ingenio,
1951 1416 2251 1480 propositis,
2308 1411 2540 1467 consiliis
2587 1414 2742 1466 auriti

1684 1493 1840 1550 illius,
1862 1494 1945 1544 cui
1974 1494 2361 1544 assentationes
2391 1491 2743 1556 placentfab·

1684 1568 1924 1620 blandiri.
1955 1570 2111 1635 idque
2145 1573 2231 1633 (ut
2252 1585 2406 1635 porro
2429 1569 2746 1634 perstringa-

1684 1657 1797 1696 mus
1820 1647 2099 1710 parasitic'a
2120 1646 2397 1712 mysteria)
2415 1644 2745 1698 ementiendo

1685 1736 1837 1784 vana,
1859 1722 2224 1786 amplificando
2245 1724 2434 1772 inania.
2458 1728 2642 1772 utnon
2665 1735 2743 1772 er-

1689 1805 1895 1849 raturus
1935 1800 2023 1862 sit,
2057 1800 2145 1865 qui
2190 1798 2453 1865 ὑπερβολὰς
2474 1798 2743 1864 proprium

1688 1877 2032 1938 parasitorum
2073 1876 2281 1926 schema
2321 1884 2378 1926 et
2413 1875 2655 1924 babuerit
2692 1879 2747 1924 et

1689 1952 1985 2002 crediderit.
2020 1950 2096 2001 ὅτι
2114 1952 2159 2001 01
2177 1951 2393 2016 κόλακες,
2425 1952 2498 2016 ἐφ’
2516 1951 2634 2001 ὅσον
2655 1949 2748 2002 οἷόν

1685 2045 1743 2077 τε
1771 2030 1927 2079 αὐτοῖς
1950 2033 2157 2094 χρῶνται
2183 2032 2290 2081 ταῖς
2326 2032 2630 2094 ὑπερβολαῖς,
2649 2031 2746 2079 Lu-

1678 2107 1829 2156 ciano
1843 2107 2248 2157 demonstrante.
2263 2113 2422 2172 atque
2439 2107 2514 2156 ita
2529 2106 2747 2171 gratiam

1691 2183 1781 2232 sui¹
1798 2183 1990 2244 Mida»,
2022 2191 2078 2233 et
2117 2197 2180 2233 ex
2201 2184 2373 2248 gratia
2394 2184 2596 2233 lucram
2619 2195 2755 2247 ψιε-

1694 2269 1829 2311 runt.
1850 2262 1969 2310 dum
1990 2262 2030 2310 is
2052 2268 2109 2311 et
2131 2263 2293 2312 amari
2317 2277 2374 2311 se
2399 2262 2465 2312 ab
2487 2261 2566 2310 his
2590 2261 2749 2325 pluriss

1693 2349 1829 2386 mum
1854 2347 1910 2387 et
1933 2339 2034 2387 coli
2064 2346 2292 2403 reputat.
2358 2339 2493 2389 Haec
2538 2352 2750 2388 summa.

1694 2414 1950 2466 Boeclenoe.
2840 2461 2842 2463 ,

1763 2495 1795 2539 1
1816 2492 1889 2541 Di
1908 2489 2235 2542 immortales!
2265 2482 2444 2541 homini
2473 2491 2610 2540 homo
2641 2488 2750 2553 quia

1690 2569 1918 2632 praestat]
1973 2569 2034 2617 In
2070 2570 2157 2621 hac
2191 2583 2328 2618 scena
2355 2584 2449 2617 noa
2484 2572 2640 2630 stans,
2672 2567 2752 2615 sed

1697 2646 1833 2708 quasi
1853 2643 2098 2694 ambulans
2113 2659 2314 2708 persona
2329 2644 2592 2692 inducitur.
2629 2642 2750 2690 Coa·

1697 2722 1827 2770 stitit
1865 2726 2021 2771 tamen
2041 2721 2384 2784 aliquantulam
2409 2721 2599 2769 intuens
2628 2731 2753 2782 spec·

1697 2803 1890 2861 tutores,
1909 2799 2021 2846 dum
2040 2807 2195 2846 seeum
2215 2796 2439 2859 loquitar.
2506 2792 2755 2857 Exprimit

1697 2880 1856 2925 autem
1880 2875 2164 2938 parasitum,
2185 2879 2234 2923 et
2255 2874 2341 2922 sab
2361 2872 2462 2935 qius
2479 2871 2638 2920 verbis
2657 2868 2755 2920 σοι-4

1696 2956 1860 3015 ruptos
1877 2950 2098 3000 maresia
2130 2950 2491 2999 assentationem
2511 2946 2750 2997 ostendit.
2739 2960 2754 2974 ·

1696 3042 1890 3090 prorsus
1932 3032 1987 3076 ut
2016 3028 2219 3076 honeste
2251 3040 2424 3090 quoque
2445 3032 2674 3088 persone
2705 3022 2756 3070 ia

1698 3105 1960 3165 huiusmodi
1980 3104 2115 3166 eulpa
2142 3103 2348 3152 inveatoe
2381 3102 2512 3151 sint:
2538 3105 2596 3150 ut
2624 3093 2755 3159 alibi,

1697 3180 1714 3209 ⁴
1731 3174 2016 3244 Obsequium
2026 3178 2406 3244 amicastu-itas
2426 3172 2587 3227 odiam
2596 3171 2758 3291 parit-⁹

1700 3259 1961 3308 Donatus.

1710 3372 1715 3381 ,
1766 3335 1855 3385 DI
1887 3334 2198 3398 immortales]
2228 3334 2368 3385 Hoc
2375 3333 2487 3400 jam
2525 3333 2673 3396 mire,
2704 3336 2757 3381 et

1703 3426 1799 3477 pro
1842 3412 2004 3461 seculi
2048 3427 2110 3462 ac
2145 3420 2437 3474 temporum
2480 3410 2756 3475 repreben-

1703 3490 1850 3538 sione
1862 3489 2095 3554 'satyrice
2106 3484 2414 3550 Terentius,
2446 3489 2607 3553 quod*
2622 3480 2756 3552 a'pud

1706 3579 1824 3615 enm
1846 3567 2042 3614 stallum
2076 3572 2229 3615 vocat
2260 3558 2759 3629 simplicem‘parasiss

1709 3649 1812 3699 tus,
1833 3649 1890 3692 et
1910 3642 2253 3705 intelligentem
2268 3645 2478 3694 malum.
2515 3642 2668 3692 [dem.
2747 3656 2755 3664 ·

1772 3723 1866 3773 DI
1898 3721 2206 3785 immortales]
2239 3720 2561 3772 Admirautis
2593 3719 2761 3771 excisa

1707 3800 1870 3849 matio
1879 3807 2109 3858 caucum
2130 3797 2759 3863 parasitigestieulatione.

1709 3876 1862 3928 Idem.

1775 3950 1870 4000 DI
1906 3949 2232 4002 immortales!
2261 3951 2440 4002 homini
2479 3952 2611 4001 horno
2651 3947 2762 4013 quid

1704 4028 1931 4092 prestat]
1980 4029 2190 4078 Morata
2231 4026 2462 4078 narratio
2495 4043 2526 4079 a
2563 4033 2764 4077 senten·

1710 4104 1966 4232 {ixcipi
1980 4106 2148 4157 solet.
2168 4118 2285 4171 quae
2298 4104 2491 4157 dicitur
2505 4100 2819 4170 τρομέουσι*
