3035 4941
570 392 749 458 1654

576 565 732 617 quum
755 551 828 610 id,
851 551 992 617 quod
1028 551 1081 601 in
1121 551 1264 601 nobis
1287 556 1386 615 est,
1425 551 1639 602 assumi·

572 643 707 678 mus.
731 627 866 688 unde
888 644 1051 693 capere
1088 643 1184 692 pro
1219 628 1457 694 eligendo
1491 629 1640 693 poni-

575 711 680 756 tur.
715 704 866 753 Idem.

640 785 706 833 24
744 784 900 839 Quam
930 784 974 831 is
1005 781 1308 846 aspernatur]
1343 781 1489 832 Ordo
1526 787 1640 833 est:

576 857 662 910 Ob
684 861 834 921 hanc,
852 874 1002 926 quam
1026 860 1108 909 hic
1133 866 1455 923 aspernatur.
1498 859 1640 909 Ἀπό·

574 937 716 986 ὃσα-ις.
750 952 890 1000 quam
912 937 1048 986 enim
1073 951 1231 999 supra
1256 938 1541 1000 revocavit,
1575 937 1640 987 ad

574 1013 799 1077 puellam
836 1012 1096 1063 referens:
1136 1019 1212 1078 ut,
1245 1013 1262 1040 ‘
1285 1015 1455 1065 Quam
1479 1027 1641 1077 regno

575 1090 838 1153 Hesperio
897 1089 1123 1139 fraudo!
1212 1092 1283 1141 Et
1328 1091 1637 1141 Sallustius:

571 1169 587 1193 ‘
631 1167 763 1216 Nam
818 1165 974 1231 Syllae
1026 1166 1427 1217 dominationem
1480 1167 1640 1217 aude-

573 1241 702 1291 bat!
802 1243 873 1292 Et
935 1244 1258 1306 interpositis
1312 1244 1641 1309 quibusdam,

571 1318 587 1346 ‘
629 1319 812 1383 Neque
851 1324 930 1367 est
967 1316 1195 1368 offensus
1232 1320 1639 1371 dominationem

574 1393 767 1458 Syllae?
800 1395 952 1447 Ident.

643 1471 802 1526 Quum
822 1472 868 1520 is
888 1478 1170 1535 aspernatur
1202 1488 1325 1523 nunc
1358 1481 1456 1524 tom
1486 1475 1642 1530 illibee

570 1545 767 1608 taliter]
799 1546 1064 1611 Aspernari
1102 1557 1183 1598 est
1212 1550 1398 1611 averti,
1434 1564 1536 1599 non
1560 1564 1640 1600 so·

571 1624 678 1671 lum
705 1638 945 1688 corpore,
985 1625 1076 1674 sed
1102 1626 1257 1675 etiam
1291 1627 1478 1676 animo.
1545 1627 1641 1677 As-

566 1701 783 1763 pernori,
825 1715 1085 1761 recusare,
1126 1707 1386 1760 avertere,
1425 1718 1530 1752 non
1553 1719 1641 1768 ag-

573 1791 810 1829 noscere.
856 1777 953 1827 Est
968 1778 1357 1829 antem'dictum
1378 1795 1408 1829 a
1429 1794 1639 1844 sperno.

578 1853 731 1903 Idem.

634 1929 965 1996 Illiber-aliter]
987 1929 1142 1995 Apud
1166 1939 1375 1983 veteres
1395 1933 1643 1983 illiberali-

572 2009 648 2053 ter
669 2005 918 2055 dicebant
939 2007 1151 2070 sactum,
1185 2009 1228 2057 si
1250 2009 1362 2073 quis
1386 2013 1642 2062 excessis·

574 2088 661 2131 set
707 2096 857 2131 omne
904 2097 1067 2146 genus
1109 2083 1370 2135 maleficii.
1457 2088 1544 2138 Sic
1587 2089 1639 2138 in

576 2159 850 2224 Adelphis,
882 2161 898 2188 ‘
922 2160 1137 2212 Factum
1174 2175 1207 2209 a
1245 2162 1390 2210 vobis
1419 2162 1642 2228 duriter,

572 2235 1192 2299 Immisericorditerque:
1224 2245 1382 2302 atque
1401 2240 1577 2303 etiam,
1596 2243 1641 2291 si

573 2319 674 2373 est,
710 2318 882 2376 pater,
915 2313 1212 2362 Dicendum
1243 2316 1408 2377 magis
1439 2324 1642 2381 aperte,

571 2387 940 2439 illiberaliter!
1018 2388 1178 2437 Vides
1223 2403 1364 2439 more
1409 2390 1641 2453 αὐξήσεως

571 2464 870 2514 illiberaliter
913 2479 1009 2529 pro
1054 2480 1239 2529 magno
1276 2466 1360 2516 bic
1400 2469 1639 2520 ultimum

575 2543 721 2605 poni.
755 2542 906 2592 Idem.

640 2626 704 2671 25
738 2620 943 2684 Pergin'
968 2623 1085 2672 ‘hero
1119 2623 1302 2674 absenti
1338 2627 1460 2676 male
1490 2626 1639 2691 loqui]

567 2699 897 2764 Ἀπόστροφος
928 2716 1025 2765 per
1052 2699 1340 2765 παρένθεσιν.
1405 2705 1542 2755 Male
1570 2707 1638 2754 lo·

571 2777 685 2839 qui,
722 2791 817 2840 pro
861 2778 997 2826 male
1052 2777 1248 2828 dicere.
1339 2781 1409 2830 Et
1450 2783 1640 2846 quaerit

572 2852 799 2916 Probus,
814 2854 927 2918 quis
957 2860 1078 2905 ante
1098 2855 1398 2905 Terentium
1422 2857 1638 2908 dixerit.

576 2929 729 2982 Idem.

640 3008 779 3057 Hero
801 3007 1010 3071 absenti]
1044 3007 1248 3072 Argute
1284 3011 1396 3059 hero
1423 3011 1609 3062 absenti
1622 3029 1640 3062 .·

571 3089 633 3133 ut
655 3084 894 3137 videatur
913 3082 1137 3146 fidelior,
1160 3087 1248 3150 qui
1271 3085 1526 3137 defendat
1550 3091 1639 3140 ab·

572 3166 772 3210 sentem
795 3177 808 3209 :
840 3160 978 3225 quod
1002 3169 1253 3224 praestans
1278 3174 1637 3226 argumentum

571 3242 673 3300 est,
725 3235 778 3284 id
821 3236 875 3285 in
921 3237 1087 3285 animo
1137 3238 1374 3289 habuisse
1425 3241 1638 3304 Getam,

573 3313 730 3363 etiam
760 3313 1126 3376 peregrinante
1151 3313 1374 3367 domino.
1409 3317 1558 3368 Idem.

640 3388 985 3452 Impurissime]
1042 3388 1452 3452 Improbissime.
1487 3394 1639 3446 Ideni.

635 3471 703 3515 26
738 3465 959 3527 Dignum
989 3472 1148 3516 cutem
1179 3467 1265 3516 hoc
1285 3469 1368 3517 illo
1389 3470 1484 3534 est]
1517 3472 1638 3521 Non

573 3547 734 3604 negat
755 3541 890 3589 male
913 3541 1053 3604 loqui
1074 3557 1088 3591 ε
1114 3541 1214 3591 sed
1245 3543 1343 3593 hoc
1384 3559 1497 3595 esse
1522 3545 1635 3612 dig·

572 3631 691 3667 num
720 3616 993 3666 contendit
1017 3618 1154 3667 malo
1175 3618 1401 3670 homine.
1436 3622 1588 3672 Idem.

635 3691 777 3756 Ain’]
806 3691 1129 3757 Ἀπόστροφος
1152 3702 1275 3744 nota
1296 3704 1393 3752 est,
1419 3712 1532 3762 quae
1558 3714 1637 3750 se-

574 3776 727 3834 parat
750 3770 798 3817 Ε
820 3769 885 3818 ab
907 3769 980 3833 N,
994 3775 1050 3818 et
1073 3769 1378 3822 intermittit
1401 3773 1444 3823 S
1464 3775 1634 3826 literae

570 3862 783 3896 sonum:
832 3853 916 3895 est
957 3845 1094 3895 enim
1141 3847 1422 3911 integrum,
1469 3851 1637 3903 aisne?

567 3923 738 3972 Idem.

621 3997 753 4052 ‚Ain’
774 3999 979 4058 tandem,
1009 3999 1193 4062 carcer]
1245 4001 1368 4051 Non
1397 4017 1637 4054 carcera-

570 4074 723 4136 rium,
747 4074 837 4122 sed
862 4088 1126 4124 carcerem
1149 4078 1381 4140 asperius
1407 4083 1636 4145 appella.

558 4151 659 4200 .vit.
724 4151 813 4200 Sic
855 4151 1105 4215 Lucilius,
1139 4153 1155 4180 ‘
1177 4154 1375 4203 Carcer
1412 4158 1495 4206 vix
1523 4173 1636 4207 car·

572 4240 693 4276 cere
717 4226 940 4289 dignus!
994 4229 1066 4278 Et
1087 4230 1174 4278 vix
1197 4246 1293 4293 pro
1316 4247 1428 4282 non.
1464 4234 1633 4285 Idem.

633 4306 697 4352 27
732 4302 978 4354 Bonorum
992 4305 1230 4369 extortor]
1264 4307 1543 4372 Ingeniose
1567 4310 1634 4361 de

1276 409 1492 456 NOTAE
1543 409 1948 464 VARIORUM
1998 410 2076 456 IN

1716 553 1832 616 ipso
1866 543 2076 617 negotio
2121 556 2242 602 sunt
2283 553 2495 603 inventa
2532 554 2733 604 convitis.

1718 628 1870 677 Idem.

1790 706 2030 756 Bonorum
2064 710 2300 769 extortor,
2333 708 2489 769 leg-mn
2516 707 2735 770 contortor]
2767 737 2770 740 >

1716 782 1893 846 Fingit
1914 783 1991 831 ilii
2016 784 2232 833 crimina
2249 782 2315 832 de
2337 798 2510 848 causa,
2528 784 2651 834 etde
2667 798 2734 833 ne-

1718 860 1879 921 gotio.
1914 859 2065 909 Idm.

1781 936 2027 996 Bonorum
2063 940 2295 992 extortor,
2328 938 2487 998 legum
2518 937 2735 999 contortor]

1717 1012 1845 1075 Ipsa
1863 1013 2121 1063 vocabula
2148 1014 2312 1063 veluti
2346 1016 2402 1062 in
2443 1028 2498 1063 re
2532 1012 2736 1076 praesenti

1716 1089 1875 1151 tacta,
1896 1091 2103 1154 gravius
2132 1097 2188 1141 et
2220 1090 2587 1155 significantius
2615 1105 2738 1139 exau-

1718 1165 1949 1216 diuntur.
2033 1168 2219 1217 Cicero
2262 1168 2314 1215 in
2357 1167 2595 1216 Pisonem
2624 1167 2737 1231 (cap.

1717 1239 1826 1306 2⁷.)
1864 1242 2038 1292 odium
2075 1243 2149 1292 rei
2184 1243 2337 1292 simili
2375 1242 2552 1307 figurae
2584 1253 2738 1305 genere

1717 1317 2082 1382 amplificavit:
2104 1318 2122 1347 ‘
2142 1320 2366 1367 Senatus
2390 1318 2503 1367 odit
2528 1325 2595 1381 te,
2612 1315 2739 1365 afflie-

1718 1399 1885 1444 torem
1909 1400 1964 1444 et
1986 1394 2301 1458 perditorem
2326 1408 2430 1443 non
2451 1393 2591 1444 modo
2606 1393 2737 1455 digni-

1716 1470 1840 1521 tatis
1859 1479 1920 1522 ,et
1942 1472 2293 1536 auctoritatis,
2308 1471 2404 1520 sed
2429 1471 2622 1520 omnino
2635 1468 2742 1520 ordi·

1717 1548 1796 1597 nis
1818 1563 1880 1598 ae
1903 1549 2123 1598 nominis
2147 1548 2262 1598 sui.’
2295 1550 2552 1599 Boeclersrs.
2727 1561 2728 1564 ’

1783 1626 2030 1675 Bonorum
2065 1632 2300 1690 extortor,
2332 1626 2496 1688 legum
2524 1621 2742 1684 contortor]

1716 1702 1971 1753 Proverb.
2010 1703 2062 1752 in
2099 1704 2450 1767 sycophantas
2489 1708 2542 1751 et
2574 1700 2741 1749 rabulas

1715 1777 1966 1829 forenses.
2032 1780 2173 1830 Hinc
2220 1780 2617 1844 Aristophanica
2661 1778 2746 1838 iila,

1718 1859 2037 1921 στρεψοδικεῖν
2057 1865 2114 1908 et
2134 1856 2664 1923 wpaboBmoa-wovpyla.
2682 1856 2741 1903 M.

1721 1935 2041 1990 Caecubonas.

1780 2015 1846 2060 28
1882 2011 2152 2075 Responde]
2183 2012 2379 2071 Timuit
2413 2011 2580 2076 poeta,
2598 2025 2654 2060 ne
2672 2010 2742 2057 bu·

1708 2086 1942 2151 jusmodi
1966 2086 2275 2138 vociferatio
2298 2088 2479 2152 Getae,
2516 2087 2648 2152 quasi
2677 2097 2743 2132 ve-

1718 2177 1828 2211 ram
1867 2162 2179 2211 discordiam
2216 2162 2357 2227 apud
2398 2164 2632 2228 populum
2668 2159 2744 2208 fin·

1717 2248 1903 2303 geret:
1939 2248 1996 2289 et
2017 2239 2139 2288 ideo
2169 2238 2296 2290 facit
2304 2229 2441 2303 jam,
2466 2255 2495 2288 a
2517 2237 2743 2290 Phormio-

1718 2330 1783 2364 ne
1804 2314 1973 2377 ipsum
1995 2315 2280 2365 admoneri.
2313 2316 2557 2365 Donatus.

1786 2392 1907 2447 Quis
1936 2392 2070 2440 homo
2091 2390 2187 2453 est]
2237 2385 2378 2440 Mire
2404 2405 2580 2441 servus
2610 2387 2747 2448 finxit,

1716 2483 1773 2517 se
1813 2484 1915 2517 non
1960 2467 2153 2517 vidisse
2193 2481 2407 2519 senem:
2466 2478 2525 2517 ut
2564 2483 2623 2516 ea
2653 2478 2745 2530 quae

1715 2544 1929 2606 dixerit,
1951 2544 2004 2593 in
2028 2544 2397 2593 Phormionem
2435 2546 2627 2595 sincere
2659 2541 2747 2590 dix-

1717 2622 1821 2671 isse
1876 2620 2137 2670 credatur.
2202 2620 2273 2668 Et
2314 2621 2451 2670 mira
2503 2616 2747 2669 dissimula-

1719 2698 1859 2746 tione
1893 2696 2095 2746 addidit
2116 2697 2278 2745 homo:
2314 2703 2376 2745 nt
2398 2697 2629 2746 videatur
2647 2692 2747 2744 nihil

1715 2776 1782 2825 de
1807 2773 2089 2839 praesentia
2112 2772 2305 2823 domini
2327 2775 2607 2839 cogitasse.
2625 2773 2746 2821 Idem.

1778 2852 1984 2902 Absenti
2001 2851 2115 2914 tibi]
2146 2851 2293 2899 Tunc
2314 2849 2487 2900 fidelis
2504 2863 2649 2914 opera
2667 2852 2745 2907 est,

1715 2931 1759 2980 si
1782 2930 1969 2979 absens
1990 2927 2177 2991 aliquis
2195 2925 2529 2977 defendatur.
2543 2927 2630 2975 boc
2645 2936 2744 2986 ergo

1714 3006 2003 3067 confirmat,
2050 3004 2194 3053 velut
2235 3001 2532 3053 indicando.
2590 3002 2665 3050 Sic
2701 2999 2743 3046 in

1718 3083 1932 3140 Andria,
1968 3083 1983 3110 ‘
2003 3082 2051 3131 Ο
2074 3081 2315 3139 Chreme,
2338 3095 2441 3144 per
2477 3087 2661 3144 tempus
2679 3075 2744 3124 hic

1713 3160 1946 3210 advenis.
1970 3156 2247 3208 ausculta.'
2279 3157 2435 3207 Idem.

1777 3240 1842 3285 29
1875 3235 2029 3299 Seque
2049 3232 2219 3295 dignas
2231 3233 2568 3297 contumelias]
2589 3231 2648 3280 Id
2662 3235 2744 3289 est,

1713 3329 1843 3379 quas
1868 3314 1979 3378 ipse
2001 3313 2160 3363 debet
2181 3313 2384 3362 audire.
2419 3314 2570 3364 Iden.

1776 3396 1841 3441 30
1879 3387 1983 3440 Ohe
2004 3390 2188 3455 desine]
2240 3390 2360 3440 Hac
2386 3405 2513 3440 voce
2536 3386 2743 3438 ostendit»

1712 3470 1829 3535 pius
1839 3468 1992 3533 justo
2013 3482 2106 3531 pro
2131 3482 2187 3516 se
2222 3458 2457 3517 locutum
2488 3466 2639 3516 videri
2658 3464 2742 3515 Go-

1714 3554 1840 3596 tam.
1866 3559 1983 3594 nam
2015 3545 2100 3594 ohe
2124 3544 2423 3607 interjectio
2459 3550 2570 3604 est;
2614 3540 2741 3592 satie·

1712 3628 1871 3670 tatem
1895 3633 2058 3685 usque
2081 3619 2146 3669 ad
2180 3619 2451 3670 fastidium
2485 3618 2741 3681 designans.

1775 3773 1977 3836 Desine]
2031 3771 2261 3835 Imponit
2294 3771 2556 3821 silentium
2584 3769 2740 3820 Getae:

1712 3852 1858 3917 quasi
1882 3850 2133 3900 validiora
2155 3850 2389 3900 dicturus
2408 3850 2511 3900 sit.
2540 3856 2593 3900 et
2610 3860 2742 3911 snpra

1708 3934 1813 3979 tace
1834 3928 1967 3977 dixit
1986 3941 2166 3976 senex.
2200 3927 2351 3976 Idem·

1775 4008 1836 4054 31
1895 4005 2177 4053 Adolescens
2208 4003 2415 4065 primum
2456 4001 2542 4049 abs
2574 3998 2640 4062 te]
2686 3996 2743 4044 Et

1708 4082 1822 4131 baec
1843 4080 2133 4129 auctoritas
2156 4079 2207 4127 in
2232 4078 2456 4140 senibus,
2489 4083 2546 4125 nt
2568 4075 2649 4140 qui
2668 4071 2741 4122 mi·

1709 4157 1850 4207 noris
1874 4157 2044 4206 aetatis
2077 4154 2293 4211 fuerint,
2318 4154 2433 4202 illos
2466 4148 2741 4216 appellatio-

1709 4250 1774 4283 ne
1810 4233 1980 4297 pueri,
2007 4232 2088 4280 vel
2123 4228 2487 4289 adolescentis,
2514 4229 2591 4275 vel
2614 4225 2742 4288 juve·

1710 4310 1787 4360 nis
1812 4311 1972 4360 etiam
2013 4305 2326 4358 ostendant:
2378 4311 2437 4354 ut
2471 4304 2567 4352 boc
2587 4300 2648 4351 de
2665 4311 2740 4348 no·
