3035 4941
620 320 793 436 1170

620 513 718 584 nis,
771 526 836 564 ιιι
899 510 1306 563 blandimentum
1374 509 1671 561 revocantis

623 579 796 651 potius
818 588 1042 650 attendi,
1064 595 1325 651 paresset.
1393 587 1672 651 Expressit

619 672 675 715 et
703 666 1076 729 interpretatus
1092 671 1173 714 est
1196 665 1353 714 nobili
1376 665 1667 715 imitatione

620 756 863 794 summam
894 742 1046 805 hujus
1083 756 1249 790 scenae
1286 741 1536 792 Horatius
1556 742 1666 792 Sat.

617 833 679 868 ιι.
722 824 768 869 3.
833 819 1081 868 ‘Amator
1108 818 1359 867 Ex'clusus
1394 818 1483 883 qui
1507 818 1668 867 distat

616 896 727 960 agit
751 896 836 945 ubi
857 909 1050 956 secum,
1066 901 1155 945 eat
1177 909 1241 943 au
1258 909 1382 957 nou,
1397 895 1514 947 Quo
1534 893 1666 944 redi·

615 981 762 1021 turus
785 979 898 1022 erat
932 986 1035 1020 non
1072 971 1375 1032 accersitu8‚
1405 979 1459 1020 et
1494 972 1661 1022 haeret

617 1049 803 1099 Invisis
826 1046 1061 1097 foribus?
1097 1062 1192 1096 uec
1228 1061 1389 1107 nunc,
1427 1062 1544 1097 cum
1583 1063 1665 1098 me

615 1133 772 1176 vocet
795 1126 947 1186 ultro,
967 1124 1257 1175 Accedam?
1284 1139 1348 1173 an
1366 1126 1538 1188 potius
1561 1139 1673 1180 meq

621 1203 759 1253 diter
780 1201 929 1251 finire
947 1202 1151 1251 dolores
1172 1202 1192 1250 ?
1225 1202 1496 1263 Exclusit3
1519 1216 1667 1252 revo-

618 1284 741 1328 cat:
778 1277 1025 1327 redeam?
1060 1291 1161 1326 non
1200 1278 1240 1325 si
1264 1277 1517 1327 obsecret.
1541 1292 1665 1327 ecce

615 1357 825 1417 Servus,
843 1370 944 1404 nou
964 1356 1117 1419 paulo
1135 1355 1430 1420 sapientior,
1453 1356 1502 1405 Ο
1528 1355 1671 1418 here,

617 1447 731 1499 quae
766 1448 848 1482 res
883 1432 998 1482 Nec
1040 1431 1245 1481 moduni
1285 1433 1461 1495 habet,
1498 1447 1667 1498 neque

616 1509 907 1570 consilium,
930 1510 1130 1558 ratione
1159 1507 1411 1574 modoque
1427 1509 1668 1559 Tractari

605 1600 717 1635 non
745 1586 872 1636 vult.
896 1585 949 1634 iu
973 1599 1145 1635 amore
1186 1586 1296 1635 haec
1335 1592 1455 1636 sunt
1491 1587 1655 1637 mala.

614 1661 822 1724 bellum,
837 1663 951 1712 Pax
975 1677 1189 1724 rursum.
1204 1662 1318 1713 haec
1342 1664 1385 1712 si
1408 1664 1521 1730 quis
1539 1670 1665 1714 tem-

616 1737 834 1801 pestatis
869 1753 1033 1803 prope
1064 1739 1167 1788 ritu
1191 1739 1424 1802 Mobilis,
1445 1746 1501 1789 et
1523 1756 1667 1792 caeca

614 1811 874 1864 fluitantia
892 1821 1048 1878 sorte,
1068 1815 1267 1865 laboret
1289 1816 1533 1867 Reddere
1557 1832 1668 1867 cer·

612 1895 704 1951 ta;
736 1890 834 1940 sibi
871 1890 1031 1940 nihilo
1076 1892 1192 1955 plus
1234 1893 1482 1957 explicet,
1523 1909 1584 1943 ac
1625 1893 1668 1944 si

611 1967 848 2019 Insanire
886 1976 1037 2033 paret
1071 1976 1217 2020 certa
1253 1970 1451 2019 ratione
1491 1971 1668 2022 modo-

610 2044 747 2111 que.'
808 2045 1094 2095 Addeudus
1135 2050 1217 2095 est
1240 2045 1452 2095 Persius
1489 2047 1666 2097 Sat.5.

612 2120 797 2172 Cicero
815 2121 880 2171 de
905 2122 1033 2173 Nat.
1059 2123 1222 2172 Deor.
1240 2135 1328 2173 ιιι.
1343 2127 1427 2174 29.
1449 2123 1515 2172 ad
1539 2125 1664 2173 levi-

609 2203 748 2247 tates
767 2198 1003 2248 Comicae
1021 2197 1217 2249 refert:
1244 2204 1304 2249 ut
1319 2205 1374 2248 et
1390 2200 1665 2250 Lucretius

609 2273 747 2323 libro
764 2288 845 2325 ιν.
867 2289 982 2339 quae
1017 2274 1082 2323 ab
1113 2263 1227 2324 aliis
1260 2273 1371 2337 jam
1408 2274 1665 2338 producta

614 2356 734 2398 sunt
751 2350 882 2399 loca.
915 2350 1171 2399 Boeclerus.

681 2426 812 2482 Quid
848 2425 1021 2490 igitur,
1058 2423 1166 2491 εμπ]
1216 2423 1323 2474 Adi
1365 2425 1664 2490 Horatium,

612 2502 702 2566 qui
721 2501 858 2551 hunc
880 2501 1047 2551 locum
1071 2502 1353 2551 transtulit.
1410 2502 1427 2530 ‘
1447 2500 1666 2552 Amator

610 2577 903 2641 Exclusus‚'
924 2580 1022 2629 ὅτε.
1052 2583 1100 2631 3.
1124 2579 1237 2628 Sat.
1260 2593 1324 2630 ιι.
1343 2578 1433 2629 lib.
1487 2579 1590 2628 Adi
1610 2586 1667 2630 et

611 2652 783 2703 Persii
805 2654 918 2704 Sat.
941 2659 992 2703 5.
1030 2655 1311 2705 Fanmbius.

676 2734 709 2778 2
766 2730 1062 2793 Compar-em]
1150 2724 1468 2781 constituam
1503 2748 1519 2781 t
1587 2740 1663 2795 ut,

612 2804 770 2862 Quam
808 2806 970 2871 inique
1002 2812 1319 2871 comparatum
1355 2813 1444 2859 est.
1491 2807 1665 2859 Done-

610 2889 715 2932 tus.

672 2963 703 3008 8
739 2960 853 3011 Non
883 2962 1070 3025 perpeti
1104 2961 1398 3012 meretricum
1430 2967 1665 3012 contume-

605 3035 720 3102 lias]
749 3037 835 3087 Sic
874 3037 928 3087 iu
963 3035 1181 3100 Andria,
1212 3039 1229 3066 ‘
1250 3038 1559 3101 Priusquam
1584 3039 1667 3087 ha-

606 3126 719 3161 rum
740 3115 937 3165 scelera
969 3122 1025 3165 et
1053 3115 1281 3165 lacrimae
1314 3114 1550 3165 confictae
1574 3115 1664 3165 do-

603 3187 703 3237 lls.'
732 3191 861 3240 Cum
903 3191 991 3240 uni
1024 3191 1093 3241 sit
1124 3191 1304 3248 iratus,
1337 3191 1404 3240 de
1427 3191 1665 3279 omnibus

608 3265 861 3331 queritur.
897 3267 1048 3318 Mem.

670 3347 701 3391 4
736 3344 988 3394 Exclusit.
1023 3345 1232 3409 revocat]
1262 3344 1599 3410 Utrumque
1584 3359 1663 3393 ιιι-

597 3418 788 3482 juriam
825 3418 951 3470 fecit
985 3435 1052 3471 ex
1083 3422 1260 3483 verbo,
1295 3420 1535 3481 diceudo,
1556 3421 1663 3469 Ex-

606 3494 745 3543 clusit
779 3496 968 3560 potius,
1008 3510 1179 3561 quam,
1217 3511 1311 3545 non
1348 3496 1557 3546 admisit.
1588 3502 1662 3559 et,

607 3577 795 3620 revocat
830 3574 1018 3636 potius,
1050 3588 1222 3637 quam,
1243 3572 1365 3636 petie
1386 3578 1441 3622 ιιι
1462 3575 1665 3635 redeam,

607 3645 743 3711 quod
766 3654 881 3697 erat
898 3648 1231 3699 moderatius.
1265 3647 1416 3699 Idem.

673 3723 882 3775 Redeam
900 3721 926 3774 :²
957 3740 1068 3787 non,
1083 3724 1129 3773 si
1148 3739 1221 3774 me
1240 3723 1469 3788 obsecret]
1502 3722 1663 3774 Vides

609 3812 734 3862 ergo
758 3800 1070 3864 superiorem
1101 3807 1298 3865 partem
1323 3799 1666 3851 dubitationis

606 3874 659 3923 iu
683 3889 745 3924 eo
780 3874 957 3937 fuisse,
989 3882 1049 3926 ut
1081 3884 1293 3946 rogatus
1328 3877 1552 3927 rediret:
1588 3877 1665 3926 in-

607 3947 872 4015 feriorem,
896 3959 954 4002 ut
977 3967 1042 4003 ne
1065 3948 1277 4017 rogatus
1297 3953 1522 4018 quidem.
1555 3954 1632 4004 Id.

674 4028 807 4090 Non,
834 4028 879 4076 si
915 4043 988 4078 me
1030 4026 1255 4090 obsecret]
1295 4029 1440 4078 Bene
1478 4027 1546 4078 de
1584 4042 1665 4091 ea,

607 4120 723 4171 quae
748 4110 913 4154 totum
946 4113 1188 4169 proterve
1223 4119 1403 4168 agens,
1442 4103 1667 4154 exclusit

609 4189 665 4232 et
709 4188 945 4232 revocat:
995 4196 1097 4231 non
1138 4188 1307 4246 petat,
1350 4196 1447 4231 nec
1493 4189 1662 4246 roget,

607 4271 704 4309 nec
728 4265 861 4323 oret,
881 4259 970 4310 sed
1005 4259 1262 4323 obsecret,
1286 4257 1486 4324 iuquit:
1523 4259 1662 4326 quod

1323 364 1543 416 nom
1591 365 1991 417 vAaioatm
2035 368 2114 417 ιιι
2140 327 2183 402 ἠ

1745 509 1924 562 horum
1959 512 2183 562 omnium
2225 511 2280 563 in
2310 511 2557 577 maiorem
2599 519 2791 604 purtem

1744 594 1826 638 est
1847 589 2102 639 ultimum.
2124 589 2286 642 ..Idem

1806 669 1836 712 ὁ
1870 664 1928 714 Sa·
1958 665 2142 729 quidem
2160 667 2311 716 hercle
2337 666 2510 732 possis]
2540 675 2790 729 Διιλογισ

1742 737 1829 800 pbs-
1861 742 2005 804 quasi
2049 742 2115 792 ud
2160 742 2418 793 alterum:
2453 750 2538 805 ut,
2569 744 2584 771 ‘
2611 744 2787 794 Nescis

1741 816 1842 867 heu
1880 818 2105 880 perdita,
2140 820 2359 870 necdum
2400 820 2788 870 Ιιιοιιιεάοιιιεω

1740 893 1902 942 sentis
1927 894 2157 957 perjuria
2179 895 2384 957 gentis!
2408 897 2562 947 Idem.

1806 969 1948 1018 Nihil
1961 971 2475 1035 priumequefortius]
2507 973 2691 1034 Deest,
2707 978 2787 1022 ese.

1739 1051 1817 1107 ut,
1839 1046 1855 1073 ‘
1876 1045 2097 1096 Multum
2120 1048 2208 1097 ille
2230 1054 2285 1098 et
2321 1049 2470 1098 terris
2480 1049 2712 1112 jactatus
2737 1057 2789 1097 et

1738 1121 1881 1184 alto!
1947 1124 2016 1172 Et
2030 1125 2169 1188 prius
2188 1125 2340 1175 modo
2362 1126 2426 1175 ad
2452 1126 2674 1187 laudem,
2692 1140 2786 1184 nou

1740 1196 1805 1245 ad
1848 1199 2081 1249 ordinem
2120 1203 2366 1265 pertinet.
2405 1210 2465 1252 ut
2505 1202 2789 1268 Sallustius,

1739 1272 1757 1301 ‘
1777 1288 1894 1338 quoe
1938 1277 2384 1339 primamortales
2433 1278 2662 1329 ducunt!
2724 1273 2789 1327 Et

1742 1353 1851 1416 ipse
1892 1354 1945 1403 iu
1996 1355 2282 1406 Heautont.

1742 1436 1933 1491 essent,
1956 1431 2122 1494 prima
2142 1431 2370 1482 habere.’
2401 1432 2555 1483 Idem.

1808 1506 1970 1566 Prius,
1989 1521 2136 1570 neque
2166 1508 2375 1571 fortius]
2412 1509 2630 1571 Melius,
2667 1523 2787 1573 prae·

1741 1582 1976 1631 stantius.
2028 1582 2092 1631 'rb
2111 1581 2322 1646 βέλτιον,
2344 1582 2422 1635 καὶ
2437 1583 2497 1633 τὸ
2513 1545 2787 1647 τιμιίίοτερον,

1740 1655 1961 1721 πρότερον
1975 1661 2039 1724 τῇ
2058 1657 2198 1721 φύσει
2219 1662 2358 1712 δοκεῖ.
2388 1659 2609 1711 Aristot.
2629 1661 2681 1710 in
2700 1661 2790 1709 Ca-

1742 1738 1906 1796 tegor.
1928 1736 2216 1787 Fun-nabin.

1803 1814 1836 1858 6
1859 1810 2088 1876 Naviter]
2118 1811 2166 1861 A
2189 1812 2308 1861 navi
2323 1812 2557 1877 ductum,
2581 1829 2612 1864 a
2628 1813 2789 1879 quain

1741 1884 1850 1935 alto
1887 1887 2080 1937 nullum
2122 1887 2461 1940 diversorium
2496 1898 2603 1941 est.
2634 1892 2787 1941 Dm-

1742 1967 1835 2013 tus.
2754 1971 2763 1980 '

1813 2038 1981 2102 Neque
2018 2040 2232 2106 perficies
2264 2040 2510 2106 gnaviter]
2560 2043 2790 2096 Plautina

1737 2114 1829 2163 illa
1860 2115 1963 2165 huc
2002 2118 2267 2179 pertinent
2304 2119 2517 2168 Trucul.
2546 2134 2610 2170 ιι.
2633 2127 2682 2172 5.
2717 2124 2789 2169 12.

1739 2190 1917 2239 ‘Male
1962 2192 2096 2256 quod
2143 2193 2328 2242 mulier
2370 2192 2551 2245 fucere
2585 2197 2789 2259 incepit,

1739 2267 1837 2315 nisi
1861 2267 1912 2316 id
1939 2266 2146 2318 efficere
2181 2269 2488 2332 perpetrat‚’
2509 2275 2611 2322 ὅτε.
2642 2281 2697 2322 et
2719 2286 2785 2321 vs.

1740 2346 1821 2390 16.
1883 2344 1900 2371 ‘
1927 2344 2092 2394 Nimis
2126 2360 2278 2409 quam
2320 2360 2502 2409 paucae
2551 2347 2790 2409 efficiunt,

1738 2417 1780 2467 si
1803 2419 1936 2484 quod
1961 2421 2264 2486 occeperint
2283 2421 2416 2475 bene
2440 2420 2654 2476 facere?
2686 2425 2791 2475 Βω-

1736 2497 1905 2547 clerus.

1803 2576 1834 2622 7
1851 2576 2026 2638 Atque,
2037 2574 2117 2624 nbi
2126 2576 2234 2640 poti
2243 2592 2335 2626 non
2346 2578 2550 2641 poteris,
2562 2577 2665 2642 ssa]
2680 2577 2790 2626 Pal-

1737 2651 1930 2700 metius
1950 2651 2104 2702 homo
2128 2650 2231 2702 fuit
2262 2654 2560 2717 ingeniosus
2580 2670 2596 2716 ς
2627 2660 2681 2702 at
2701 2653 2788 2701 hoc

1738 2729 1875 2792 loco,
1897 2728 2018 2779 dum
2052 2744 2109 2779 se
2146 2731 2357 2780 doctum
2382 2732 2562 2782 baberi
2596 2733 2718 2793 vult,
2736 2745 2787 2779 se

1738 2803 2078 2855 deridendum
2100 2807 2410 2870 propinavit.
2444 2809 2531 2856 De
2551 2809 2640 2858 illo
2654 2808 2789 2867 alias,

1738 2879 1790 2928 iu
1817 2881 2231 2932 Commentariis·
2286 2883 2405 2933 Hoc
2428 2898 2587 2933 unum
2602 2885 2783 2933 dicam:

1738 2970 1840 3005 non
1855 2957 2115 3008 intellexit
2136 2958 2262 3024 quid
2287 2960 2359 3009 sit
2390 2960 2649 3024 producta
2666 2959 2786 3026 peri·

1741 3032 1894 3085 odus.
1918 3033 2094 3085 Faber.
2792 3054 2797 3059 ·

1802 3113 1835 3159 8
1869 3110 2056 3171 Infecta
2069 3109 2209 3176 paee]
2219 3108 2456 3175 Ἔμφασις
2478 3126 2578 3176 per
2589 3121 2785 3175 μεταφο-

1736 3185 1837 3252 prb.
1874 3188 2114 3241 Donatus.

1802 3268 1836 3314 9
1869 3265 2095 3316 Indicam
2107 3271 2155 3316 te
2170 3266 2353 3330 amm]
2390 3266 2512 3316 Non
2537 3266 2702 3317 verbis
2719 3265 2788 3314 iu-

1735 3339 1915 3391 dicans
1935 3348 1994 3392 ut
2017 3342 2159 3403 alibi,
2198 3343 2215 3371 ‘
2240 3342 2323 3392 Ibi
2348 3350 2455 3392 tum
2473 3343 2786 3393 exanimatus

1733 3417 2036 3481 Pamphilus
2069 3419 2215 3468 Bene
2249 3417 2628 3468 dissimulatum·
2660 3431 2787 3469 amo·

1735 3505 1863 3554 rem,
1885 3499 1940 3542 et
1963 3493 2187 3543 celatum
2212 3493 2445 3544 indicat.’
2478 3493 2630 3545 Idem.

1798 3567 1972 3617 Actum
2012 3573 2115 3618 est.
2109 3566 2128 3603 ¹
2179 3568 2309 3619 ilicet
2344 3569 2371 3620 I
2415 3570 2589 3634 peristi
2614 3570 2660 3634 l]
2710 3568 2784 3618 De

1728 3643 1849 3707 jure
1870 3646 2189 3695 translatum.
2251 3648 2428 3696 Actum
2445 3653 2536 3710 est,
2562 3647 2628 3696 ad
2657 3647 2785 3696 Ultro

1733 3723 1797 3771 ud
1815 3736 1918 3771 eam
1937 3724 2112 3787 venies,
2133 3723 2348 3772 relatum
2383 3729 2495 3774 est:
2533 3724 2691 3786 Ilicet,
2724 3718 2785 3769 ad

1736 3798 1964 3851 Indicum
2004 3804 2052 3848 te
2086 3813 2271 3848 umore.-
2318 3799 2525 3862 Per-isti,
2558 3800 2625 3849 ad
2650 3799 2785 3850 Ferre

1732 3892 1826 3927 non
1843 3893 1991 3941 posse.
2027 3877 2195 3927 Idem.

1800 3954 1965 4016 Ilicet]
2020 3955 2242 4017 Semper
2278 3955 2332 4004 in
2376 3952 2480 4004 fine
2518 3958 2781 4005 transacta

1736 4031 1810 4081 rei
1832 4031 2063 4096 ponitur.
2098 4032 2251 4082 Idem.

1800 4104 1965 4168 Ilicet]
1998 4108 2084 4157 De
2104 4106 2320 4170 judicio.
2353 4105 2506 4154 Idem.

1800 4183 2011 4247 Per-isti]
2044 4181 2328 4247 Ὕπερβολή.
2364 4182 2515 4232 [ἀοι.

1799 4259 2009 4323 Peristi]
2044 4261 2127 4311 De
2148 4258 2426 4351 supplicio.
2452 4258 2600 4309 Idem.

2348 1359 2363 1384 ‘
2382 1357 2454 1405 Et
2486 1358 2666 1408 suavia
2684 1371 2788 1421 qnae
2888 1409 2891 1410 γ
