3035 4941
997 421 1360 473 TERENTu
1408 424 1828 477 ADEM’HOS.

312 573 397 613 ore
430 559 570 613 dixit
610 562 776 628 vultu,
815 569 872 615 et
914 561 1171 630 significat
1209 581 1369 631 «perso

316 641 468 705 qnasi
524 641 740 691 maculis
804 642 1107 708 quibusdam
1170 643 1369 694 infecto

310 718 479 767 vnltn.
515 713 840 781 Eugraphias.

374 799 407 844 8
442 795 622 859 Sparso
643 796 746 860 ore]
780 797 872 858 Os,
897 798 1070 846 vultus
1098 803 1194 847 est.
1231 797 1368 848 Gall.

309 871 624 922 dicendum:
654 873 731 922 Ua
752 873 914 935 visage
931 874 1142 940 par-seme
1160 876 1218 923 de
1237 888 1369 923 rous·

307 962 458 1000 seura.
491 963 594 1014 qno
634 950 759 999 nihil
798 950 958 1013 magis
1000 951 1274 1002 inamabile
1313 952 1366 1001 in

306 1025 401 1075 illo
424 1041 618 1090 genere
640 1033 735 1077 eet.
802 1027 888 1077 Ita
910 1027 1108 1091 optime
1147 1043 1178 1077 a
1201 1028 1367 1077 veteri

307 1102 564 1168 magistro
605 1103 918 1167 explicatum
959 1103 1076 1154 fuit.
1142 1104 1247 1155 Hic
1270 1104 1368 1155 sibi

306 1192 499 1229 cavere
542 1180 831 1230 debuerant
872 1180 1200 1245 Interpretes
1240 1182 1371 1232 Gab.

306 1254 418 1317 lici,
452 1262 509 1305 et
530 1265 736 1306 veteres
758 1263 812 1305 et
834 1264 1088 1307 recentes.
1120 1257 1292 1309 Faber.

322 1365 329 1376 .
358 1332 431 1382 19
469 1329 761 1393 Ut.elegans
787 1331 882 1394 eet]
915 1332 979 1381 Id
1018 1339 1120 1389 est,
1144 1333 1366 1397 prudens

310 1404 368 1454 in
398 1405 756 1457 discernendis
780 1407 983 1471 puellis.
1046 1409 1186 1461 Quia
1227 1408 1365 1471 ‘ihu’

305 1481 362 1531 id
406 1488 512 1545 est,
542 1482 597 1531 in
633 1484 729 1532 hac
769 1484 1045 1547 electione,
1081 1491 1225 1534 totns
1261 1492 1363 1536 est.

308 1557 467 1609 Quod
523 1573 645 1608 vero
689 1559 975 1624 subjunxit,
1027 1559 1364 1611 ‘Archonidis

306 1634 507 1697 filiam?
538 1642 629 1685 ant
648 1636 974 1694 *Bacchidem
994 1635 1136 1699 dicit,
1160 1643 1251 1687 aut
1270 1636 1363 1685 ali-

307 1725 392 1761 am
430 1711 734 1776 quamlibet,
770 1711 836 1761 ad
874 1727 1025 1778 qnam
1063 1714 1362 1763 adolescens

307 1789 639 1839 contumeliis
655 1790 815 1854 patris
830 1791 1104 1855 appulerat
1117 1791 1361 1843 animum.

307 1865 635 1927 Eugmphius.

372 1939 610 2003 Elegans]
661 1941 738 1990 Ut
774 1941 917 2005 alibi,
961 1944 978 1971 ‘
998 1943 1224 2007 Elegana
1257 1941 1363 1992 for·

304 2032 510 2068 marum
531 2019 835 2082 spectator.'
864 2020 1004 2071 Gall.
1030 2023 1128 2078 Qui
1149 2027 1220 2071 ert
1240 2022 1364 2086 «1ξῇ-

307 2095 417 2158 cile,
452 2096 535 2158 qni
573 2097 736 2160 rqffine
774 2099 895 2147 dans
928 2100 972 2147 le
996 2098 1244 2160 jugement
1281 2101 1382 2164 des,

306 2175 488 2234 choses,
520 2176 603 2237 qui
637 2189 687 2223 se
715 2175 855 2238 piqne
887 2175 1159 2226 d’entendre
1178 2192 1231 2226 ce
1250 2178 1365 2240 qa’il

2326 408 2497 482 1389

1506 569 1591 618 JJt
1632 569 1819 629 elegans
1850 567 1945 632 est]
1993 565 2371 619 Eanum-m.
2408 571 2500 621 111.

1446 659 1583 693 scen.
1622 650 1669 693 6.
1713 650 1729 672 ‘
1753 645 1919 696 Quam
1973 644 2182 706 elegans
2219 640 2497 696 formarum

1446 727 1712 785 spectator
1734 718 1899 776 siem!
1934 719 2215 769 Fen-nebim.
2401 755 2402 760 η
2487 745 2495 756 ·

1510 802 1576 847 20
1612 799 1705 848 Cr..
1730 798 1859 854 Quid
1878 796 2009 859 istic]
2043 795 2201 846 Liber
2214 795 2497 848 Bembinus

1444 875 1601 925 immo·
1633 872 1873 924 Faernus.

1509 950 1796 1001 Archonidi}
1818 946 2003 1013 filiam]
2034 938 2347 998 T'rochaicns
2379 961 2500 998 esse

1445 1029 1625 1080 debet.
1692 1029 1868 1080 Quare
1894 1027 2009 1090 lego
2033 1025 2164 1076 utin
2188 1025 2276 1074 illo
2298 1025 2496 1088 optimo

1445 1106 1508 1155 P.
1549 1104 1731 1155 Bembi
1775 1103 1957 1154 codice
1997 1110 2132 1164 erat,
2165 1107 2221 1151 et
2262 1106 2322 1151 nt
2368 1101 2501 1154 citat

1446 1182 1746 1232 Priscianus
1768 1180 2150 1246 antiquissimus
2188 1178 2502 1229 Grammati-

1446 1274 1560 1319 cus,
1612 1258 1874 1310 Archonidi
1906 1255 2040 1316 hnju’
2060 1256 2241 1322 filiam·
2306 1255 2499 1319 Hujus,

1443 1335 1497 1385 id
1519 1344 1602 1385 est
1624 1335 1845 1394 Gallice,
1866 1339 2027 1382 nostre
2046 1332 2229 1391 wisin3
2266 1331 2341 1386 sic
2362 1332 2500 1382 enim
2531 1377 2538 1390 ,

1444 1410 1520 1460 illi
1542 1417 1748 1461 veteres
1770 1408 2002 1459 solebant
2023 1408 2181 1473 loqui.
2234 1408 2501 1459 Archonidi

1444 1494 1635 1544 entem,
1678 1495 1737 1536 ut
1791 1486 2015 1547 Chremi,
2064 1485 2272 1550 Achilli,
2326 1486 2502 1537 Persi.

1441 1564 1768 1627 Ter-virgil.
1788 1563 1996 1613 Sallust.
2032 1561 2205 1614 Faber.
2397 1625 2402 1630 Ι
2497 1603 2502 1608 .

1511 1644 1573 1690 21
1630 1639 1915 1690 Archonidas
1960 1637 2147 1703 filiam]
2201 1636 2501 1688 Pennltirna

1442 1717 1616 1779 longa,
1636 1718 1783 1781 qnasi
1811 1713 2102 1780 Ἀρχονείδου
2130 1715 2196 1768 ab
2233 1713 2502 1780 Ἀρχονσῦς.

1444 1792 1726 1852 Γαπιᾳόὶιιε.
2492 1819 2497 1824 -

1503 1872 1570 1918 22
1602 1868 1728 1931 Syro
1755 1872 1810 1917 ut
1831 1866 2070 1929 ἰςτιοοοαε]
2111 1865 2261 1916 Petit
2294 1866 2497 1920 veniam

1441 1946 1604 1995 etiam
1635 1945 1798 2007 Syro,¹
1826 1944 1916 1992 sed
1957 1958 2057 1992 non
2085 1942 2310 1992 omnium
2334 1942 2499 1994 facto·

1444 2036 1578 2084 rum,
1600 2035 1665 2071 ne
1689 2019 1944 2070 infinitum
1969 2025 2110 2069 esset
2133 2018 2269 2083 qnod
2311 2026 2498 2081 petere

1443 2098 1669 2148 videtur.
1734 2098 1805 2146 Et
1830 2093 2078 2145 transfert
2110 2094 2194 2141 inf
2205 2108 2261 2142 se
2300 2094 2497 2143 crimen

1442 2175 1598 2235 servi,
1621 2174 1831 2232 dicens3
1879 2172 2000 2234 quod
2025 2170 2172 2232 fecit,
2209 2185 2309 2221 mea
2339 2185 2500 2233 eam,

306 2267 340 2315 y
375 2268 409 2301 α
442 2255 502 2302 de
519 2255 628 2316 plus
648 2252 763 2303 beau
780 2255 899 2303 dans
920 2256 986 2304 le·
1004 2255 1225 2318 sciences,
1245 2257 1364 2305 dans
1427 2251 1572 2312 fecit.
1605 2247 1948 2314 Eugraphius.

295 2330 375 2379 lea
395 2334 518 2393 arta,
539 2330 622 2392 ᾃσ.
668 2329 853 2380 Faber.

1023 2734 1789 2818 ADELPHI.

373 2910 682 2990 Didascalia]
731 2900 862 2975 haec
904 2919 1211 2975 Didascalia
1246 2936 1360 2972 cor-

309 3004 469 3066 rupta
488 3009 590 3064 est,
624 3009 685 3052 ut
720 3001 914 3066 optime
939 3000 1068 3050 vidit
1091 3000 1361 3061 Muretns;

309 3086 519 3130 constat
551 3079 687 3129 enim
715 3079 1007 3143 Scipionem
1040 3074 1362 3126 AEmilianum

307 3154 454 3221 (narn
494 3156 563 3207 de
598 3171 661 3206 eo
700 3154 893 3221 agitur)
928 3169 1183 3220 nunquam
1225 3153 1363 3202 AEdi-

310 3232 413 3281 lem
433 3228 618 3282 fuisse.
685 3231 874 3296 Itaque
905 3220 1045 3279 facta
1067 3229 1368 3292 conjectura

309 3322 377 3359 ex
399 3309 566 3359 veteri
591 3309 742 3371 libro,
763 3307 848 3372 qui
872 3307 922 3355 in
942 3300 1259 3355 bibliotheca
1277 3298 1366 3354 So·

306 3385 502 3434 dalinm
524 3378 932 3435 Antonianoriim
967 3389 1081 3435 erat
1103 3381 1239 3445 apud
1263 3381 1365 3430 Veh

311 3462 505 3524 netias,
536 3462 609 3510 sic
634 3461 792 3524 legit:
826 3471 969 3509 acm-A
1001 3470 1175 3508 mum»⁴
1196 3469 1366 3533 punn-

309 3552 514 3589 munus
536 3542 735 3588 AEmur
760 3550 972 3597 Panna,
993 3548 1130 3590 Quos
1153 3549 1365 3585 recena

310 3627 366 3667 Q.
385 3627 585 3663 tamus
603 3615 883 3676 maximus,
905 3627 972 3662 m·
993 3627 1045 3664 Ρ.
1061 3625 1367 3671 coenemus

309 3703 640 3742 amelinus.
708 3692 789 3740 nli
810 3699 1004 3753 antem,
1039 3689 1173 3755 quod
1199 3689 1361 3737 notis-

311 3767 518 3828 simum,
559 3762 731 3816 Paulli
763 3758 955 3816 AEmilii
984 3763 1082 3814 filii
1113 3761 1368 3826 'fuerunt5

312 3843 485 3895 sedin
520 3844 713 3893 alienas
743 3837 965 3892 familias
1006 3856 1102 3906 per
1135 3840 1367 3905 adoptio·

311 3935 435 3971 nem
460 3920 770 3981 transivere,
797 3918 932 3983 quod
965 3924 1114 3969 vetus
1151 3908 1369 3966 historia

316 4004 558 4049 testatur.
639 3992 794 4046 Addo
830 3999 1004 4045 autem
1045 3995 1143 4043 hoc
1188 3995 1368 4056 etiarn,

312 4089 418 4124 non
457 4073 610 4122 modo
648 4078 942 4136 corruptam
977 4083 1091 4120 esse
1111 4070 1368 4121 Didasca-

315 4151 437 4201 liam
456 4150 607 4213 hanc,
624 4151 714 4200 sed
736 4158 791 4199 et
812 4143 1063 4199 mutilam.
1110 4147 1209 4197 Hae
1233 4148 1367 4197 enim

318 4228 367 4275 in
412 4241 478 4276 ea
511 4228 681 4277 literae
715 4227 820 4293 (M.
843 4227 922 4275 M.
947 4225 1034 4291 C.)
1067 4239 1178 4274 esse
1211 4224 1366 4275 dehe-

318 4311 453 4375 rent.
521 4303 650 4353 Rem
686 4296 762 4353 eic
798 4301 1028 4366 explicat
1051 4295 1368 4373 Excerptor:

1441 2921 1458 2951 ⁸
1482 2921 1637 2984 Saepe
1669 2924 1860 2977 tamen,
1903 2912 2115 2964 mutatis
2161 2926 2255 2976 per
2290 2922 2498 2961 scenam

1440 2995 1627 3058 modia,
1649 2992 1854 3044 cantica
1874 2989 2117 3050 mutavit,
2139 2985 2275 3052 quod
2299 2978 2496 3048 signifi-

1444 3080 1535 3122 cat
1550 3064 1755 3120 Titulus
1781 3081 1967 3128 scenae,
2006 3063 2200 3113 habens
2234 3062 2500 3125 subjectas

1444 3147 1679 3213 personis
1701 3145 1881 3194 literas
1903 3142 1981 3190 M.
2002 3140 2080 3199 Μ.
2102 3132 2162 3189 C.
2186 3138 2370 3187 mutati
2393 3151 2500 3189 mo·

1445 3221 1499 3273 di
1522 3219 1747 3272 cantici.'
1771 3215 1952 3268 Faber.
2497 3280 2502 3287 .

1509 3297 1689 3361 Micio]
1722 3296 1797 3346 At
1837 3309 1936 3359 ego
1979 3289 2078 3341 hoc
2119 3290 2300 3350 miror,
2336 3287 2500 3350 scrip·

1447 3384 1555 3427 tum
1597 3375 1787 3438 ubique
1828 3385 1859 3420 a
1898 3365 2110 3419 Mureio
2153 3365 2307 3415 fuisse
2350 3364 2501 3415 Mino

1445 3467 1541 3517 per
1562 3451 1629 3513 T,
1652 3448 1788 3515 quod
1821 3460 1920 3495 non
1948 3450 2157 3509 potest3
2190 3441 2377 3505 alioqui
2403 3440 2501 3490 ori·

1447 3529 1621 3594 ginem
1657 3523 1893 3576 Latinam
1923 3520 2160 3581 haberet,
2193 3524 2350 3582 atque
2381 3516 2501 3566 ideo

1447 3611 1718 3670 peccasset
1733 3599 1932 3661 Poeta3
1957 3611 2074 3645 nam
2098 3596 2150 3644 in
2169 3595 2383 3659 palliata
2404 3593 2503 3642 Fa-

1446 3682 1567 3733 bula
1595 3691 1780 3729 nomen
1811 3684 2043 3741 personae
2068 3673 2353 3721 Romanum
2388 3684 2502 3720 esse

1447 3773 1550 3807 non
1588 3761 1780 3821 potest.
1849 3750 1991 3802 Dein
2014 3745 2175 3800 Micio
2201 3739 2507 3813 planissime*

1449 3834 1692 3886 Graecum
1734 3836 1835 3892 est,
1878 3843 1996 3877 cum
2038 3833 2104 3874 ex
2159 3823 2503 3888 Etymologia,

1449 3918 1558 3962 tum
1580 3923 1647 3969 ex
1682 3904 1947 3957 Plutarchi
1969 3910 2024 3952 et
2045 3900 2261 3950 aliorum
2281 3897 2503 3948 auctori-

1450 3997 1578 4040 tate.
1628 3984 1917 4046 Plutarchi,
1939 3980 2165 4044 inquam,
2187 3977 2287 4026 vol.
2314 3981 2359 4026 1.
2381 3989 2504 4039 pag.

1446 4071 1563 4116 ⁷52.
1599 4070 1656 4114 et
1693 4065 1835 4112 1046.
1898 4055 2122 4108 Diodori
2159 4053 2261 4102 vol.
2293 4056 2342 4102 2.
2382 4067 2505 4116 pag.

1446 4142 1563 4194 247.
1616 4138 1875 4190 Dicebant
1896 4140 1951 4184 et
1973 4130 2167 4182 Miccio
2190 4143 2286 4193 per
2306 4127 2502 4191 duplex

1450 4221 1508 4271 C.
1558 4217 1769 4269 Lucian.
1789 4215 1841 4264 in
1860 4208 2113 4262 Zeuxide.
2179 4206 2353 4256 Livius
2375 4217 2503 4269 quo-

1449 4311 1550 4363 que
1579 4296 1644 4355 de
1666 4292 1884 4361 quodam
1910 4283 2329 4339 Chalcidensium
2364 4284 2504 4347 lega·
