3035 4941
523 363 699 432 1046

521 521 661 572 enim
683 522 862 574 venire
897 524 1150 592 impulsus
1181 539 1283 599 est,
1302 535 1391 600 qu'i
1423 537 1579 589 daret

519 605 704 649 contra
725 600 953 653 officium
973 608 1157 657 soceri.
1222 609 1372 662 Idem.

577 678 644 725 ⁷8
683 677 882 728 Unicum
905 688 1109 742 gnatam
1134 687 1290 751 suam]
1325 686 1577 742 Abundat

515 751 724 813 quidem
746 768 898 820 suam,
933 761 1025 809 sed
1066 769 1241 813 tamen
1275 780 1576 820 asseveran-

514 826 621 875 tius
643 836 741 880 est.
781 831 931 885 Idem.
1494 890 1504 901 .

584 904 785 956 Unicum
793 911 1016 974 gnatam]
1050 914 1188 966 Quid
1205 917 1249 966 si
1269 920 1426 970 toedio
1442 924 1571 973 mul-

512 986 682 1033 torum
704 985 961 1039 filiorum?
991 998 1047 1040 at
1068 995 1289 1046 unicam.
1323 999 1471 1050 Idem.

573 1063 640 1109 ⁷4
676 1060 795 1111 Cum
827 1065 936 1114 dote
966 1070 1171 1134 summa]
1204 1075 1343 1125 Quid
1366 1077 1407 1125 si
1445 1094 1567 1140 pan·-

510 1148 611 1197 per
632 1141 714 1185 est
737 1137 758 1185 ἓ
787 1146 841 1188 at
863 1155 979 1191 cum
1003 1146 1125 1195 dote
1149 1162 1361 1201 summa.
1398 1154 1548 1205 Idem.

573 1216 635 1261 75
684 1215 902 1282 Placuit]
955 1221 1082 1272 Cum
1127 1230 1567 1298 pronuntiatione,

500 1290 698 1353 placuit.
730 1294 896 1346 Idem.

571 1367 791 1436 Placuit]
822 1377 1083 1439 xvv-muta:
1121 1381 1251 1446 adeo
1289 1385 1422 1437 bona
1443 1376 1577 1439 con-'

502 1441 636 1493 ditio
658 1445 779 1512 fnit,
812 1459 869 1500 ut
894 1459 1127 1517 quamvis
1150 1462 1289 1511 ultro
1312 1465 1565 1528 objicere-

503 1525 608 1583 tur,
632 1527 805 1576 tamen
829 1531 1005 1581 statim
1031 1536 1278 1598 placeret.
1343 1543 1495 1596 Idem.
1557 1555 1563 1559 ’

567 1597 836 1667 Βεφωιάί]
882 1607 965 1657 Ex
1022 1615 1186 1663 veteri
1238 1631 1400 1682 more,
1457 1638 1561 1687 quo

500 1677 790 1738 spondebat
812 1685 968 1734 etiam
994 1690 1237 1752 petitoris
1254 1704 1407 1760 pater
1430 1715 1445 1749 ε
1469 1715 1563 1751 un-

497 1749 569 1801 de
590 1766 784 1816 sponsus
805 1770 861 1809 et
879 1776 1046 1824 sponsa
1067 1767 1274 1822 dicitur.
1343 1776 1493 1828 Idem.

563 1829 832 1900 Despondi]
866 1840 1103 1905 Proprie.
1157 1849 1290 1899 Nam
1315 1852 1381 1901 de
1403 1868 1558 1918 spon-

498 1918 559 1954 so
583 1905 930 1978 dicitur,quia
951 1924 1145 1981 spondet
1163 1928 1350 1987 puellae
1374 1937 1555 1994 pater:

494 1981 760 2050 despondet,
782 1992 1150 2048 adolescentis.
1219 2001 1369 2054 Idem.

559 2060 664 2112 Hie
694 2065 849 2117 dictus
879 2076 949 2119 est
981 2073 1106 2137 dies]
1143 2077 1331 2131 Utrum
1364 2087 1558 2136 consti-

493 2138 677 2188 tutus?
711 2154 777 2190 an
794 2143 1033 2197 dicatus?
1067 2159 1142 2214 ut,
1165 2161 1180 2182 ‘
1195 2156 1385 2208 Junoui
1400 2161 1556 2213 infer·

490 2223 574 2261 nae
598 2213 768 2265 dictus
789 2223 970 2273 sacer!
1035 2226 1185 2279 Idem.

556 2293 621 2338 ⁷6
653 2292 784 2347 Quid
814 2297 968 2348 obstat
1002 2316 1087 2351 eur
1123 2321 1215 2356 non
1247 2324 1373 2361 veroe
1391 2315 1552 2380 flant]

487 2360 565 2411 In·
580 2367 814 2417 omnibus
836 2372 980 2424 libris
1005 2386 1127 2440 post
1146 2384 1260 2446 quid
1281 2394 1362 2436 est
1389 2389 1552 2443 dictio

486 2435 658 2503 igitur,
705 2454 1051 2514 praeterquam
1105 2457 1157 2507 iu
1199 2461 1452 2517 Vaticano
1496 2476 1553 2520 et

487 2514 800 2579 Basilicano,
823 2528 910 2589 qni
951 2544 1061 2582 eant
1095 2535 1148 2583 iu
1172 2547 1422 2592 contextu
1446 2555 1550 2595 non

482 2591 700 2658 babent,
722 2613 936 2662 quorum
956 2613 1318 2664 auctoritatem
1344 2633 1553 2686 sequor,

481 2670 711 2721 maxime
740 2691 958 2741 propter
981 2698 1203 2741 versum.
1240 2694 1417 2748 Fa‘e‘rn.

522 2769 525 2770 ⁷
549 2748 617 2797 78
649 2750 867 2820 Chrysis]
892 2758 1271 2819 Commemorat
1284 2773 1546 2840 nuncqua'e

482 2831 626 2874 esset
649 2826 876 2893 Chrysis.
941 2836 1125 2891 Donat.
1158 2865 1161 2868 ¹

555 2900 722 2954 Vicina
758 2907 881 2973 hoec]
916 2911 1084 2977 Supra
1123 2920 1259 2971 enim
1299 2925 1391 2989 ait,
1427 2929 1543 2980 ‘Ex

478 2974 664 3030 Andro
734 2987 1092 3053 commigravit
1141 2996 1240 3047 huc
1294 3003 1543 3057 viciniaess

481 3053 636 3105 Idem.

549 3132 720 3186 Vicina
745 3138 867 3205 hoee]
901 3142 1193 3208 Ἀνάμνησις.
1257 3154 1408 3207 Idem.

545 3209 796 3270 Ofactum
833 3219 964 3285 bene]
998 3223 1401 3316 Animadverte,
1426 3237 1539 3289 ubi·

470 3297 576 3347 que
599 3302 630 3335 a
652 3290 822 3342 Poe'ta
842 3297 914 3346 sic
945 3301 1120 3352 induci
1156 3312 1380 3360 comicas
1405 3330 1538 3365 mor-

472 3364 577 3424 tes,
609 3372 669 3413 nt
708 3382 824 3417 cum
868 3374 933 3420 ad
974 3382 1338 3435 necessitatem
1386 3403 1536 3453 argu-

469 3440 636 3489 menti
658 3443 962 3511 referantur,
985 3467 1083 3503 non
1109 3458 1213 3508 sint
1236 3470 1406 3514 tamen
1433 3474 1535 3516 tra-

467 3514 625 3577 gicae.
694 3521 830 3571 Nam
872 3535 963 3576 aut
1004 3535 1254 3584 meretrix
1295 3542 1533 3602 sumitur,

469 3599 562 3641 aut
585 3608 763 3661 senex,
787 3609 876 3651 ant
901 3602 965 3653 de
990 3606 1189 3659 duabus
1218 3613 1370 3664 simul
1407 3633 1534 3669 uxo-

463 3667 611 3718 ribus
658 3687 760 3723 una
798 3691 942 3731 uxor.
1007 3683 1192 3749 Itaque
1239 3689 1532 3754 hujusmodi

465 3743 659 3807 obitus,
684 3759 776 3799 aut
810 3753 1057 3808 mediocri
1091 3764 1301 3816 tristitia
1332 3775 1529 3838 excipi-

462 3826 569 3883 tur,
592 3831 682 3873 aut
706 3828 863 3878 etiam
889 3836 1097 3895 gaudio.
1167 3842 1316 3894 Idem.

531 3900 780 3960 Osactum
813 3907 944 3971 bene]
981 3913 1142 3964 Quasi
1176 3921 1261 3983 qui
1308 3922 1526 3989 dixerit,

519 4131 586 4177 ⁷9
623 4095 1143 4196 BeastiJ·Artificiose
1174 4145 1380 4211 quidem
1399 4168 1520 4214 gau-

455 4203 587 4253 dium
623 4210 865 4276 subjecit,
887 4230 954 4264 ne
977 4232 1115 4270 mors
1150 4222 1202 4271 in
1243 4230 1517 4295 comoedia,

451 4280 623 4333 luctus
647 4284 698 4334 in
724 4291 979 4354 tragoedia
1001 4308 1335 4359 personaret.
1364 4304 1516 4358 Idem.

1228 392 1444 443 NOTAE
1492 392 1899 453 VARIOR'UM
1947 403 2030 455 ΙΝ

1718 544 1879 596 Metui
1899 564 1930 598 a
1952 551 2213 620 Chryside]
2231 550 2397 609 Metuo
2416 560 2553 613 illum
2574 564 2720 632 dico,

1653 616 1742 683 qui
1785 623 1908 672 mibi
1952 626 2047 689 ipsi
2090 631 2281 697 aliquid
2332 634 2563 691 facturus
2608 648 2712 696 e'st.

1653 695 1812 747 Timeo
1832 701 2010 768 abillo,
2032 707 2179 770 cujus
2213 725 2370 763 causa
2391 730 2597 778 possum
2620 721 2716 770 ali-

1653 773 1777 836 quid
1798 778 1918 826 mali
1944 782 2072 842 pati,
2095 786 2252 836 etiam
2283 787 2327 838 si
2351 791 2463 855 ipse
2495 795 2621 846 nihil
2657 799 2712 847 in

1649 863 1733 898 me
1756 855 1876 902 mali
1898 860 2155 911 consulat.
2223 865 2371 917 Idem.

1711 926 1912 980 Metuia
1932 935 2189 1002 Chryside]
2222 939 2523 1006 Ἀρχαΐσμός.
2557 949 2715 1000 Idem.

1710 1011 1775 1055 80
1817 1010 1924 1060 Una
1944 1015 2111 1064 aderat
2134 1017 2389 1087 frequens]
2424 1027 2499 1076 Ut
2538 1024 2718 1093 supra,

1646 1083 1662 1110 ‘
1688 1084 1817 1134 Cum
1850 1088 2035 1151 quibus
2066 1103 2178 1143 erat
2210 1112 2431 1164 cumque
2467 1118 2587 1167 una,
2624 1106 2707 1156 his

1644 1170 1758 1208 sese
1779 1162 2008 1214 dedere.’
2074 1170 2228 1221 Idem.
2387 1172 2390 1175 ’
2619 1174 2626 1179 ’

1705 1238 1892 1290 Aderat
1932 1243 2183 1310 frequens]
2229 1250 2513 1306 Possumus
2564 1252 2706 1311 euim

1643 1313 1841 1379 adesse,
1888 1329 1944 1371 et
1985 1321 2282 1389 frequentes
2327 1345 2431 1380 non
2483 1342 2617 1396 es'se,
2662 1339 2707 1386 si

1641 1403 1926 1454 praesentes
1963 1412 2065 1448 non
2101 1402 2423 1456 adhaeremus
2460 1410 2557 1470 his,
2591 1413 2705 1476 qui·

1640 1467 1733 1517 bus
1766 1471 2024 1524 adsumus.
2091 1480 2160 1528 Et
2184 1480 2424 1548 frequens,
2458 1494 2517 1536 ut
2550 1489 2702 1540 miles

1640 1549 1778 1609 a‘pud
1803 1551 1964 1615 signa.
2038 1557 2182 1608 Idem.

1703 1627 1764 1673 81
1803 1629 2013 1680 Curabat
2050 1648 2144 1683 una
2168 1639 2348 1702 sunus]
2388 1643 2569 1705 Funus,
2601 1653 2703 1697 est

1639 1711 1829 1764 pompa
1851 1709 2183 1770 exequiarum
2201 1728 2218 1762 :
2239 1713 2435 1766 dictum
2462 1735 2491 1768 a
2513 1719 2703 1793 funaliq

1638 1774 1751 1829 bus.
1832 1782 2041 1833 Etenim
2097 1798 2257 1840 noctu
2328 1792 2700 1864 efferebantur,

1637 1863 1858 1919 propter
1885 1873 2147 1912 sacrorum
2182 1868 2585 1925 celebrationem
2620 1875 2699 1926 di-

1635 1943 1832 1983 urnam.
1896 1937 2048 1988 Idem.
2109 1950 2112 1953 ’
2533 1956 2538 1961 “

1700 2010 1910 2062 Curabat
1931 2030 2023 2065 una
2033 2016 2206 2085 funus]
2239 2024 2313 2073 Ut
2335 2038 2439 2076 nou
2462 2033 2698 2092 potuerit

1632 2083 1686 2132 iu
1709 2089 1938 2152 exequiis
1964 2094 2142 2145 videre
2165 2106 2386 2161 patrem.
2421 2105 2575 2154 Idem.

1698 2164 1882 2231 Funus]
1917 2170 2207 2226 Funebrem
2239 2193 2500 2246 pompam,
2533 2188 2692 2249 appa·

1631 2247 1819 2302 ratum,
1859 2245 2021 2296 ritus:
2056 2249 2178 2299 vide
2204 2253 2286 2302 tit.
2326 2257 2506 2321 Funus,
2530 2260 2581 2309 in
2605 2262 2693 2310 In·

1628 2313 1746 2366 dice
1770 2329 1945 2369 nostro
1970 2323 2205 2378 Poetico.
2242 2332 2450 2384 Far-nab.

1698 2392 1924 2460 Interim]
1960 2400 2265 2467 Descriptio
2303 2417 2383 2459 est
2420 2412 2567 2477 huJus
2593 2416 2693 2481 rei,

1630 2483 1745 2534 quae
1784 2475 1849 2523 ad
1882 2480 2229 2531 narrationem
2272 2488 2500 2549 pertinet
2534 2505 2693 2558 supe·

1627 2547 1833 2598 riorem.
1899 2554 2135 2607 Donatus.
2314 2625 2318 2634 .

1691 2627 1755 2674 82
1793 2628 2153 2695 Nonnumquam
2174 2641 2577 2710 contum-amabat]
2615 2649 2690 2699 Il·

1621 2699 1688 2749 lis
1729 2704 1864 2754 euim
1910 2709 2073 2772 magis
2110 2726 2266 2764 causa
2304 2716 2459 2769 flendi
2494 2722 2690 2790 fuerat,

1620 2777 1726 2841 qui,
1772 2794 1925 2844 quam
1964 2788 2223 2854 amabant,
2258 2797 2568 2849 amiserant:
2599 2803 2686 2853 bic

1529 2885 1536 2886 ff
1620 2866 1796 2905 amore
1828 2869 2042 2923 propter
2062 2878 2203 2915 suam
2230 2868 2528 2935 Glycerium
2560 2889 2684 2929 con·

1618 2929 1963 2997 lacrumabat,
1975 2939 2064 3003 qui
2081 2933 2260 2994 alienis
2275 2947 2547 3014 lachrymis
2564 2970 2682 3007 suas
2752 2953 2761 2962 ’

1618 3011 1998 3065 commodabat.
2063 3019 2213 3071 Idem.

1682 3087 1875 3139 Placuit
1896 3096 1996 3142 tum
2017 3095 2070 3144 id
2090 3098 2225 3149 mihi.
2290 3100 2375 3152 Sic
2394 3106 2686 3177 cogitabam]

1614 3159 1701 3211 Ita
1738 3179 1931 3230 supra:
1965 3171 1981 3199 ⁴
2011 3170 2349 3226 Gaudebam’
2383 3195 2457 3233 vs.
2497 3187 2581 3235 83.
2625 3194 2682 3237 et

1613 3236 1630 3267 ‘
1651 3251 1769 3290 cnm
1793 3242 1847 3291 id
1878 3245 2001 3295 mihi
2037 3249 2267 3310 placuit’
2289 3270 2365 3307 vs.
2387 3261 2471 3310 69.
2526 3262 2678 3313 Judi-

1613 3314 1748 3365 cium
1774 3322 1940 3382 patris
1966 3323 2030 3373 de
2051 3323 2161 3376 filio
2183 3334 2553 3387 convenienter
2575 3340 2681 3404 sig-

1610 3392 1775 3455 navit,
1793 3397 1929 3458 quod
1947 3413 2013 3449 ne
2031 3407 2355 3460 temerarium
2370 3418 2462 3462 aut
2478 3428 2676 3467 caecum

1612 3466 1896 3536 videretur,
1909 3481 2063 3527 antea
2080 3493 2332 3534 consensu
2349 3485 2518 3552 famae,
2535 3505 2676 3543 nunc

1609 3546 1806 3595 ratione
1832 3558 1886 3599 et
1919 3552 2090 3606 officio
2122 3556 2353 3623 fulcitur,
2381 3565 2528 3616 addit
2560 3582 2675 3633 gra·
2743 3609 2750 3616 .

1608 3621 1733 3672 tiam
1762 3624 1929 3686 figura
1963 3635 2375 3701 sermocinantiS,
2397 3639 2672 3697 familiaris

1605 3698 1723 3751 huic
1748 3705 1924 3766 generi
1946 3715 2260 3761 moratarum
2279 3720 2334 3763 et
2350 3716 2670 3772 evidentium

1604 3780 1976 3831 narrationum.
2037 3782 2267 3838 Adducit
2290 3791 2473 3843 Cicero
2498 3796 2669 3849 locum

1603 3852 1739 3903 hunc
1764 3854 1854 3919 (ιι.
1891 3858 1958 3907 de
1980 3859 2133 3910 Orat.
2166 3863 2275 3929 40.)
2298 3866 2386 3916 ubi
2418 3873 2669 3940 ostendit,

1601 3932 1857 3992 quomodo
1878 3949 1941 3982 ex
1973 3936 2155 3987 minore
2173 3947 2495 4006 comparatio
2517 3958 2666 4012 peta-

1597 4009 1706 4055 tur.
1774 4008 2014 4071 Epistola
2052 4019 2225 4063 autem
2262 4021 2314 4068 7.
2352 4021 2444 4072 lib.
2476 4038 2557 4075 rx.
2587 4027 2665 4091 τὸ,

1599 4077 1616 4105 ‘
1640 4081 1761 4143 quid
1785 4083 1869 4133 liic
1888 4085 2008 4134 mibi
2025 4085 2186 4140 faciet
2204 4097 2392 4156 patri?’
2421 4099 2664 4167 ἀποφθεγ-

1593 4160 1799 4215 ammas
1830 4159 1896 4208 ad
1930 4176 2076 4225 spem
2110 4173 2484 4233 accommodat,
2507 4192 2659 4242 qnam

1596 4234 1661 4281 de
1677 4234 2031 4289 invalescente
2056 4242 2207 4294 unius
2224 4259 2254 4295 e
2274 4247 2660 4307 dominantibus

1593 4311 1835 4372 potentia
1877 4326 2190 4382 conceperat
2238 4336 2381 4376 more
2428 4331 2658 4384 erudito-
