<?xml version="1.0" encoding="UTF-8"?>
<!DOCTYPE html PUBLIC "-//W3C//DTD XHTML 1.0 Transitional//EN"
    "http://www.w3.org/TR/xhtml1/DTD/xhtml1-transitional.dtd">
<html xmlns="http://www.w3.org/1999/xhtml" xml:lang="en" lang="en">
 <head>
  <title>
</title>
<meta http-equiv="Content-Type" content="text/html;charset=utf-8" />
  <meta name='ocr-system' content='tesseract 3.04.00' />
  <meta name='ocr-capabilities' content='ocr_page ocr_carea ocr_par ocr_line ocrx_word'/>
</head>
<body>
  <div class='ocr_page' id='page_1' title='image "./comoedisexvolum00westgoog_0211.png"; bbox 0 0 3035 4941; ppageno 0'>
   <div class='ocr_carea' id='block_1_1' title="bbox 659 398 2057 452">
    <p class='ocr_par' dir='ltr' id='par_1_1' title="bbox 659 398 2057 452">
     <span class='ocr_line' id='line_1_1' title="bbox 659 398 2057 452; baseline -0.004 -3"><span class='ocrx_word' id='word_1_1' title='bbox 659 401 1026 450; x_wconf 79' lang='lat' dir='ltr'><strong>TERENTII</strong></span> <span class='ocrx_word' id='word_1_2' title='bbox 1079 399 1414 452; x_wconf 81' lang='lat' dir='ltr'><strong>EUNUCl-l.</strong></span> <span class='ocrx_word' id='word_1_3' title='bbox 1465 398 1629 446; x_wconf 76' lang='lat' dir='ltr'><strong>AGT.</strong></span> <span class='ocrx_word' id='word_1_4' title='bbox 1680 398 1788 448; x_wconf 77' lang='lat' dir='ltr'><strong>nl.</strong></span> <span class='ocrx_word' id='word_1_5' title='bbox 1836 398 1938 445; x_wconf 86' lang='lat' dir='ltr'><strong>SC.</strong></span> <span class='ocrx_word' id='word_1_6' title='bbox 1988 400 2057 443; x_wconf 93' lang='lat' dir='ltr'><strong>V.</strong></span> 
     </span>
    </p>
   </div>
   <div class='ocr_carea' id='block_1_2' title="bbox 259 527 1333 4364">
    <p class='ocr_par' dir='ltr' id='par_1_2' title="bbox 260 527 1321 907">
     <span class='ocr_line' id='line_1_2' title="bbox 332 527 1318 615; baseline -0.005 -15"><span class='ocrx_word' id='word_1_7' title='bbox 332 552 540 613; x_wconf 79' lang='lat' dir='ltr'><strong>Templa,</strong></span> <span class='ocrx_word' id='word_1_8' title='bbox 584 527 691 615; x_wconf 38' lang='grc' dir='ltr'><strong>δῖοί]</strong></span> <span class='ocrx_word' id='word_1_9' title='bbox 753 548 964 614; x_wconf 58' lang='lat' dir='ltr'><strong>nup-pala</strong></span> <span class='ocrx_word' id='word_1_10' title='bbox 1017 563 1083 596; x_wconf 89' lang='lat' dir='ltr'><strong>ex</strong></span> <span class='ocrx_word' id='word_1_11' title='bbox 1134 547 1318 597; x_wconf 91' lang='lat' dir='ltr'><strong>Ennio.</strong></span> 
     </span>
     <span class='ocr_line' id='line_1_3' title="bbox 265 623 1320 689; baseline -0.006 -13"><span class='ocrx_word' id='word_1_12' title='bbox 265 629 411 679; x_wconf 88' lang='lat' dir='ltr'><strong>Lucr.</strong></span> <span class='ocrx_word' id='word_1_13' title='bbox 436 628 471 675; x_wconf 91' lang='lat' dir='ltr'><strong>l.</strong></span> <span class='ocrx_word' id='word_1_14' title='bbox 497 642 580 676; x_wconf 80' lang='lat' dir='ltr'><strong>vt.</strong></span> <span class='ocrx_word' id='word_1_15' title='bbox 614 629 629 654; x_wconf 89' lang='lat'>‘</span> <span class='ocrx_word' id='word_1_16' title='bbox 649 627 895 676; x_wconf 79' lang='lat' dir='ltr'><strong>Territico</strong></span> <span class='ocrx_word' id='word_1_17' title='bbox 918 625 1157 689; x_wconf 80' lang='lat' dir='ltr'><strong>quatiunt</strong></span> <span class='ocrx_word' id='word_1_18' title='bbox 1188 623 1320 672; x_wconf 83' lang='lat' dir='ltr'><strong>soni-</strong></span> 
     </span>
     <span class='ocr_line' id='line_1_4' title="bbox 264 701 1320 765; baseline -0.004 -13"><span class='ocrx_word' id='word_1_19' title='bbox 264 710 319 751; x_wconf 87' lang='lat' dir='ltr'><strong>tu</strong></span> <span class='ocrx_word' id='word_1_20' title='bbox 364 704 597 752; x_wconf 86' lang='lat' dir='ltr'><strong>coelestia</strong></span> <span class='ocrx_word' id='word_1_21' title='bbox 635 701 863 765; x_wconf 87' lang='lat' dir='ltr'><strong>templa.&#39;</strong></span> <span class='ocrx_word' id='word_1_22' title='bbox 944 701 1091 750; x_wconf 87' lang='lat' dir='ltr'><strong>Idem</strong></span> <span class='ocrx_word' id='word_1_23' title='bbox 1130 701 1219 749; x_wconf 85' lang='lat' dir='ltr'><strong>lib.</strong></span> <span class='ocrx_word' id='word_1_24' title='bbox 1258 714 1320 749; x_wconf 79' lang='grc' dir='ltr'><strong>ιι.</strong></span> 
     </span>
     <span class='ocr_line' id='line_1_5' title="bbox 260 778 1321 844; baseline 0 -15"><span class='ocrx_word' id='word_1_25' title='bbox 260 781 276 809; x_wconf 73' lang='lat'>⁸</span> <span class='ocrx_word' id='word_1_26' title='bbox 302 781 542 844; x_wconf 84' lang='lat' dir='ltr'><strong>Coelique</strong></span> <span class='ocrx_word' id='word_1_27' title='bbox 567 794 749 830; x_wconf 85' lang='lat' dir='ltr'><strong>serena</strong></span> <span class='ocrx_word' id='word_1_28' title='bbox 778 780 1093 830; x_wconf 89' lang='lat' dir='ltr'><strong>Concutiant</strong></span> <span class='ocrx_word' id='word_1_29' title='bbox 1113 778 1321 829; x_wconf 84' lang='lat' dir='ltr'><strong>souitu.&#39;</strong></span> 
     </span>
     <span class='ocr_line' id='line_1_6' title="bbox 262 855 550 907; baseline 0.003 -1"><span class='ocrx_word' id='word_1_30' title='bbox 262 855 550 907; x_wconf 69' lang='lat' dir='ltr'><strong>Fur-nubitis.</strong></span> 
     </span>
    </p>

    <p class='ocr_par' dir='ltr' id='par_1_3' title="bbox 263 931 1321 1289">
     <span class='ocr_line' id='line_1_7' title="bbox 305 931 1319 996; baseline -0.001 -15"><span class='ocrx_word' id='word_1_31' title='bbox 305 936 388 981; x_wconf 51' lang='lat'><strong>243</strong></span> <span class='ocrx_word' id='word_1_32' title='bbox 424 934 537 993; x_wconf 80' lang='lat' dir='ltr'><strong>Ego</strong></span> <span class='ocrx_word' id='word_1_33' title='bbox 570 933 811 981; x_wconf 69' lang='lat' dir='ltr'><strong>homuncio</strong></span> <span class='ocrx_word' id='word_1_34' title='bbox 844 933 929 981; x_wconf 77' lang='lat' dir='ltr'><strong>hoc</strong></span> <span class='ocrx_word' id='word_1_35' title='bbox 962 947 1054 982; x_wconf 76' lang='lat' dir='ltr'><strong>non</strong></span> <span class='ocrx_word' id='word_1_36' title='bbox 1078 931 1319 996; x_wconf 76' lang='lat' dir='ltr'><strong>facerem]</strong></span> 
     </span>
     <span class='ocr_line' id='line_1_8' title="bbox 265 1008 1321 1071; baseline -0.004 -11"><span class='ocrx_word' id='word_1_37' title='bbox 265 1009 533 1060; x_wconf 86' lang='lat' dir='ltr'><strong>Oratorie.</strong></span> <span class='ocrx_word' id='word_1_38' title='bbox 556 1018 616 1059; x_wconf 92' lang='lat' dir='ltr'><strong>ut</strong></span> <span class='ocrx_word' id='word_1_39' title='bbox 653 1010 839 1061; x_wconf 83' lang='lat' dir='ltr'><strong>Jovem</strong></span> <span class='ocrx_word' id='word_1_40' title='bbox 877 1010 1086 1071; x_wconf 88' lang='lat' dir='ltr'><strong>extulit,</strong></span> <span class='ocrx_word' id='word_1_41' title='bbox 1121 1009 1193 1057; x_wconf 88' lang='lat' dir='ltr'><strong>ita</strong></span> <span class='ocrx_word' id='word_1_42' title='bbox 1230 1008 1321 1057; x_wconf 91' lang='lat' dir='ltr'><strong>de·</strong></span> 
     </span>
     <span class='ocr_line' id='line_1_9' title="bbox 263 1085 1319 1148; baseline -0.002 -13"><span class='ocrx_word' id='word_1_43' title='bbox 263 1086 426 1135; x_wconf 84' lang='lat' dir='ltr'><strong>traxit</strong></span> <span class='ocrx_word' id='word_1_44' title='bbox 450 1085 583 1133; x_wconf 83' lang='lat' dir='ltr'><strong>sibi:</strong></span> <span class='ocrx_word' id='word_1_45' title='bbox 639 1092 696 1134; x_wconf 87' lang='lat' dir='ltr'><strong>ut</strong></span> <span class='ocrx_word' id='word_1_46' title='bbox 734 1090 877 1148; x_wconf 87' lang='lat' dir='ltr'><strong>puta,</strong></span> <span class='ocrx_word' id='word_1_47' title='bbox 900 1085 999 1134; x_wconf 87' lang='lat' dir='ltr'><strong>Ille</strong></span> <span class='ocrx_word' id='word_1_48' title='bbox 1033 1095 1116 1134; x_wconf 87' lang='lat' dir='ltr'><strong>est</strong></span> <span class='ocrx_word' id='word_1_49' title='bbox 1155 1086 1319 1144; x_wconf 89' lang='lat' dir='ltr'><strong>Deus,</strong></span> 
     </span>
     <span class='ocr_line' id='line_1_10' title="bbox 263 1159 1319 1225; baseline -0.002 -15"><span class='ocrx_word' id='word_1_50' title='bbox 263 1168 320 1210; x_wconf 90' lang='lat' dir='ltr'><strong>et</strong></span> <span class='ocrx_word' id='word_1_51' title='bbox 342 1176 595 1225; x_wconf 83' lang='lat' dir='ltr'><strong>magnus:</strong></span> <span class='ocrx_word' id='word_1_52' title='bbox 643 1175 740 1225; x_wconf 85' lang='lat' dir='ltr'><strong>ego</strong></span> <span class='ocrx_word' id='word_1_53' title='bbox 778 1175 879 1210; x_wconf 88' lang='lat' dir='ltr'><strong>non</strong></span> <span class='ocrx_word' id='word_1_54' title='bbox 917 1161 1085 1224; x_wconf 86' lang='lat' dir='ltr'><strong>homo,</strong></span> <span class='ocrx_word' id='word_1_55' title='bbox 1117 1159 1207 1209; x_wconf 87' lang='lat' dir='ltr'><strong>sed</strong></span> <span class='ocrx_word' id='word_1_56' title='bbox 1230 1160 1319 1209; x_wconf 87' lang='lat' dir='ltr'><strong>ho·</strong></span> 
     </span>
     <span class='ocr_line' id='line_1_11' title="bbox 263 1239 706 1289; baseline -0.002 -1"><span class='ocrx_word' id='word_1_57' title='bbox 263 1240 491 1289; x_wconf 86' lang='lat' dir='ltr'><strong>muncio.</strong></span> <span class='ocrx_word' id='word_1_58' title='bbox 525 1239 706 1288; x_wconf 79' lang='lat' dir='ltr'><strong>Donat.</strong></span> 
     </span>
    </p>

    <p class='ocr_par' dir='ltr' id='par_1_4' title="bbox 259 1303 1321 1992">
     <span class='ocr_line' id='line_1_12' title="bbox 331 1303 1321 1376; baseline -0.001 -14"><span class='ocrx_word' id='word_1_59' title='bbox 331 1316 444 1376; x_wconf 79' lang='lat' dir='ltr'><strong>Ego</strong></span> <span class='ocrx_word' id='word_1_60' title='bbox 461 1316 707 1364; x_wconf 64' lang='lat' dir='ltr'><strong>homuncio</strong></span> <span class='ocrx_word' id='word_1_61' title='bbox 728 1314 813 1363; x_wconf 75' lang='lat' dir='ltr'><strong>hoe</strong></span> <span class='ocrx_word' id='word_1_62' title='bbox 831 1303 1146 1374; x_wconf 55' lang='lat' dir='ltr'><strong>nonfacer&#39;em</strong></span> <span class='ocrx_word' id='word_1_63' title='bbox 1158 1318 1180 1363; x_wconf 76' lang='lat'><strong><em>?</em></strong></span> <span class='ocrx_word' id='word_1_64' title='bbox 1213 1314 1321 1375; x_wconf 77' lang='lat' dir='ltr'><strong>Ego</strong></span> 
     </span>
     <span class='ocr_line' id='line_1_13' title="bbox 259 1391 1320 1456; baseline -0.002 -16"><span class='ocrx_word' id='word_1_65' title='bbox 259 1407 372 1443; x_wconf 76' lang='lat' dir='ltr'><strong>vero</strong></span> <span class='ocrx_word' id='word_1_66' title='bbox 390 1394 515 1441; x_wconf 66' lang='lat' dir='ltr'><strong>iliud</strong></span> <span class='ocrx_word' id='word_1_67' title='bbox 524 1392 644 1452; x_wconf 81' lang='lat' dir='ltr'><strong>feci,</strong></span> <span class='ocrx_word' id='word_1_68' title='bbox 661 1409 717 1442; x_wconf 80' lang='lat' dir='ltr'><strong>uc</strong></span> <span class='ocrx_word' id='word_1_69' title='bbox 738 1392 921 1456; x_wconf 79' lang='lat' dir='ltr'><strong>lubens]</strong></span> <span class='ocrx_word' id='word_1_70' title='bbox 970 1391 1100 1440; x_wconf 77' lang='lat' dir='ltr'><strong>Mihi</strong></span> <span class='ocrx_word' id='word_1_71' title='bbox 1120 1398 1320 1439; x_wconf 85' lang='lat' dir='ltr'><strong>certum</strong></span> 
     </span>
     <span class='ocr_line' id='line_1_14' title="bbox 259 1469 1321 1532; baseline -0.001 -14"><span class='ocrx_word' id='word_1_72' title='bbox 259 1476 348 1519; x_wconf 84' lang='lat' dir='ltr'><strong>est</strong></span> <span class='ocrx_word' id='word_1_73' title='bbox 370 1484 600 1519; x_wconf 89' lang='lat' dir='ltr'><strong>errorem</strong></span> <span class='ocrx_word' id='word_1_74' title='bbox 619 1470 701 1519; x_wconf 85' lang='lat' dir='ltr'><strong>hic</strong></span> <span class='ocrx_word' id='word_1_75' title='bbox 724 1483 855 1520; x_wconf 87' lang='lat' dir='ltr'><strong>esse.</strong></span> <span class='ocrx_word' id='word_1_76' title='bbox 924 1469 1082 1532; x_wconf 79' lang='lat' dir='ltr'><strong>Lege,</strong></span> <span class='ocrx_word' id='word_1_77' title='bbox 1105 1482 1193 1529; x_wconf 77' lang='lat' dir='ltr'><strong>ego</strong></span> <span class='ocrx_word' id='word_1_78' title='bbox 1211 1483 1321 1517; x_wconf 85' lang='lat' dir='ltr'><strong>vero</strong></span> 
     </span>
     <span class='ocr_line' id='line_1_15' title="bbox 259 1545 1317 1608; baseline -0.003 -13"><span class='ocrx_word' id='word_1_79' title='bbox 259 1547 383 1595; x_wconf 67' lang='lat' dir='ltr'><strong>ulad</strong></span> <span class='ocrx_word' id='word_1_80' title='bbox 410 1545 631 1605; x_wconf 72' lang='lat' dir='ltr'><strong>sociam,</strong></span> <span class='ocrx_word' id='word_1_81' title='bbox 621 1563 635 1576; x_wconf 93' lang='lat'><strong>·</strong></span> <span class='ocrx_word' id='word_1_82' title='bbox 689 1561 805 1595; x_wconf 90' lang='lat' dir='ltr'><strong>nam</strong></span> <span class='ocrx_word' id='word_1_83' title='bbox 851 1560 953 1608; x_wconf 90' lang='lat' dir='ltr'><strong>quo</strong></span> <span class='ocrx_word' id='word_1_84' title='bbox 993 1553 1226 1607; x_wconf 85' lang='lat' dir='ltr'><strong>tempore</strong></span> <span class='ocrx_word' id='word_1_85' title='bbox 1265 1545 1317 1593; x_wconf 88' lang='lat' dir='ltr'><strong>id</strong></span> 
     </span>
     <span class='ocr_line' id='line_1_16' title="bbox 261 1621 1320 1687; baseline -0.002 -15"><span class='ocrx_word' id='word_1_86' title='bbox 261 1624 401 1687; x_wconf 83' lang='lat' dir='ltr'><strong>apud</strong></span> <span class='ocrx_word' id='word_1_87' title='bbox 430 1639 486 1674; x_wconf 88' lang='lat' dir='ltr'><strong>se</strong></span> <span class='ocrx_word' id='word_1_88' title='bbox 510 1624 813 1687; x_wconf 86' lang='lat' dir='ltr'><strong>reputabat,</strong></span> <span class='ocrx_word' id='word_1_89' title='bbox 832 1624 906 1672; x_wconf 88' lang='lat' dir='ltr'><strong>nil</strong></span> <span class='ocrx_word' id='word_1_90' title='bbox 942 1621 1160 1684; x_wconf 81' lang='lat' dir='ltr'><strong>fecerat,</strong></span> <span class='ocrx_word' id='word_1_91' title='bbox 1183 1622 1320 1671; x_wconf 90' lang='lat' dir='ltr'><strong>unde</strong></span> 
     </span>
     <span class='ocr_line' id='line_1_17' title="bbox 261 1697 1320 1762; baseline -0.002 -13"><span class='ocrx_word' id='word_1_92' title='bbox 261 1707 320 1749; x_wconf 79' lang='lat' dir='ltr'><strong>et</strong></span> <span class='ocrx_word' id='word_1_93' title='bbox 341 1700 525 1749; x_wconf 82' lang='lat' dir='ltr'><strong>addit.</strong></span> <span class='ocrx_word' id='word_1_94' title='bbox 558 1701 734 1750; x_wconf 85' lang='lat' dir='ltr'><strong>‘Dum</strong></span> <span class='ocrx_word' id='word_1_95' title='bbox 753 1700 865 1749; x_wconf 82' lang='lat' dir='ltr'><strong>haec</strong></span> <span class='ocrx_word' id='word_1_96' title='bbox 883 1712 1083 1748; x_wconf 86' lang='lat' dir='ltr'><strong>mecum</strong></span> <span class='ocrx_word' id='word_1_97' title='bbox 1103 1697 1320 1762; x_wconf 84' lang='lat' dir='ltr'><strong>reputo,&#39;</strong></span> 
     </span>
     <span class='ocr_line' id='line_1_18' title="bbox 263 1774 1321 1839; baseline -0.004 -14"><span class='ocrx_word' id='word_1_98' title='bbox 263 1775 392 1824; x_wconf 71' lang='lat' dir='ltr'><strong>&amp;e-</strong></span> <span class='ocrx_word' id='word_1_99' title='bbox 393 1776 592 1832; x_wconf 84' lang='lat' dir='ltr'>Dein,</span> <span class='ocrx_word' id='word_1_100' title='bbox 615 1774 867 1839; x_wconf 87' lang='lat' dir='ltr'><strong>quomodo</strong></span> <span class='ocrx_word' id='word_1_101' title='bbox 889 1774 978 1823; x_wconf 90' lang='lat' dir='ltr'><strong>ille</strong></span> <span class='ocrx_word' id='word_1_102' title='bbox 1001 1780 1225 1838; x_wconf 87' lang='lat' dir='ltr'><strong>nugator</strong></span> <span class='ocrx_word' id='word_1_103' title='bbox 1243 1788 1321 1822; x_wconf 86' lang='lat' dir='ltr'><strong>m</strong></span> 
     </span>
     <span class='ocr_line' id='line_1_19' title="bbox 262 1850 1321 1914; baseline 0.001 -16"><span class='ocrx_word' id='word_1_104' title='bbox 262 1850 425 1902; x_wconf 82' lang='lat' dir='ltr'><strong>ferius</strong></span> <span class='ocrx_word' id='word_1_105' title='bbox 442 1851 508 1899; x_wconf 87' lang='lat' dir='ltr'><strong>ab</strong></span> <span class='ocrx_word' id='word_1_106' title='bbox 528 1852 692 1902; x_wconf 86' lang='lat' dir='ltr'><strong>altero</strong></span> <span class='ocrx_word' id='word_1_107' title='bbox 707 1857 931 1914; x_wconf 88' lang='lat' dir='ltr'><strong>peteret,</strong></span> <span class='ocrx_word' id='word_1_108' title='bbox 944 1850 1060 1913; x_wconf 73' lang='lat' dir='ltr'><strong>quid</strong></span> <span class='ocrx_word' id='word_1_109' title='bbox 1076 1856 1176 1899; x_wconf 78' lang='lat' dir='ltr'><strong>tum</strong></span> <span class='ocrx_word' id='word_1_110' title='bbox 1192 1855 1321 1914; x_wconf 81' lang='lat' dir='ltr'><strong>post-</strong></span> 
     </span>
     <span class='ocr_line' id='line_1_20' title="bbox 261 1925 1269 1992; baseline -0.001 -15"><span class='ocrx_word' id='word_1_111' title='bbox 261 1934 354 1977; x_wconf 72' lang='lat' dir='ltr'><strong>ea?</strong></span> <span class='ocrx_word' id='word_1_112' title='bbox 376 1928 485 1991; x_wconf 89' lang='lat' dir='ltr'><strong>jam</strong></span> <span class='ocrx_word' id='word_1_113' title='bbox 509 1928 675 1992; x_wconf 82' lang='lat' dir='ltr'><strong>ipsam</strong></span> <span class='ocrx_word' id='word_1_114' title='bbox 701 1942 807 1977; x_wconf 84' lang='lat' dir='ltr'><strong>rem</strong></span> <span class='ocrx_word' id='word_1_115' title='bbox 829 1927 1059 1976; x_wconf 83' lang='lat' dir='ltr'><strong>dixisset.</strong></span> <span class='ocrx_word' id='word_1_116' title='bbox 1093 1925 1269 1976; x_wconf 80' lang='lat' dir='ltr'><strong>Faber.</strong></span> 
     </span>
    </p>

    <p class='ocr_par' dir='ltr' id='par_1_5' title="bbox 261 2004 1322 2298">
     <span class='ocr_line' id='line_1_21' title="bbox 327 2004 1322 2066; baseline -0.003 -12"><span class='ocrx_word' id='word_1_117' title='bbox 327 2009 394 2054; x_wconf 78' lang='grc'><strong>44</strong></span> <span class='ocrx_word' id='word_1_118' title='bbox 433 2005 567 2054; x_wconf 80' lang='lat' dir='ltr'><strong>Dum</strong></span> <span class='ocrx_word' id='word_1_119' title='bbox 585 2005 686 2053; x_wconf 78' lang='lat' dir='ltr'><strong>hoec</strong></span> <span class='ocrx_word' id='word_1_120' title='bbox 707 2019 885 2054; x_wconf 77' lang='lat' dir='ltr'><strong>mecum</strong></span> <span class='ocrx_word' id='word_1_121' title='bbox 918 2008 1105 2066; x_wconf 76' lang='lat' dir='ltr'><strong>reputo,</strong></span> <span class='ocrx_word' id='word_1_122' title='bbox 1124 2004 1322 2052; x_wconf 76' lang='lat' dir='ltr'><strong>accersi-</strong></span> 
     </span>
     <span class='ocr_line' id='line_1_22' title="bbox 261 2075 1321 2145; baseline -0.001 -16"><span class='ocrx_word' id='word_1_123' title='bbox 261 2075 345 2129; x_wconf 74' lang='lat' dir='ltr'><strong>tn‘u·</strong></span> <span class='ocrx_word' id='word_1_124' title='bbox 378 2081 613 2144; x_wconf 67' lang='lat' dir='ltr'><strong>moutam]</strong></span> <span class='ocrx_word' id='word_1_125' title='bbox 661 2080 901 2130; x_wconf 81' lang='lat' dir='ltr'><strong>Servavit</strong></span> <span class='ocrx_word' id='word_1_126' title='bbox 936 2080 1167 2129; x_wconf 83' lang='lat' dir='ltr'><strong>ordinem</strong></span> <span class='ocrx_word' id='word_1_127' title='bbox 1191 2095 1321 2145; x_wconf 88' lang='lat' dir='ltr'><strong>nup·</strong></span> 
     </span>
     <span class='ocr_line' id='line_1_23' title="bbox 263 2157 1321 2223; baseline 0 -17"><span class='ocrx_word' id='word_1_128' title='bbox 263 2159 491 2208; x_wconf 81' lang='lat' dir='ltr'><strong>tiarum:</strong></span> <span class='ocrx_word' id='word_1_129' title='bbox 545 2166 601 2208; x_wconf 93' lang='lat' dir='ltr'><strong>et</strong></span> <span class='ocrx_word' id='word_1_130' title='bbox 638 2160 850 2223; x_wconf 87' lang='lat' dir='ltr'><strong>proprio</strong></span> <span class='ocrx_word' id='word_1_131' title='bbox 886 2157 1045 2207; x_wconf 85' lang='lat' dir='ltr'><strong>verbo</strong></span> <span class='ocrx_word' id='word_1_132' title='bbox 1082 2158 1226 2222; x_wconf 87' lang='lat' dir='ltr'><strong>quasi</strong></span> <span class='ocrx_word' id='word_1_133' title='bbox 1254 2157 1321 2206; x_wconf 85' lang='lat' dir='ltr'><strong>de</strong></span> 
     </span>
     <span class='ocr_line' id='line_1_24' title="bbox 264 2235 1032 2298; baseline 0.001 -14"><span class='ocrx_word' id='word_1_134' title='bbox 264 2244 497 2298; x_wconf 82' lang='lat' dir='ltr'><strong>nuptura</strong></span> <span class='ocrx_word' id='word_1_135' title='bbox 518 2235 670 2285; x_wconf 83' lang='lat' dir='ltr'><strong>dixit.</strong></span> <span class='ocrx_word' id='word_1_136' title='bbox 705 2236 964 2286; x_wconf 54' lang='lat' dir='ltr'><strong>Donatum·</strong></span> <span class='ocrx_word' id='word_1_137' title='bbox 1029 2271 1032 2276; x_wconf 62' lang='grc'><strong>«</strong></span> 
     </span>
    </p>

    <p class='ocr_par' dir='ltr' id='par_1_6' title="bbox 265 2312 1321 2532">
     <span class='ocr_line' id='line_1_25' title="bbox 297 2312 1321 2377; baseline 0 -15"><span class='ocrx_word' id='word_1_138' title='bbox 297 2339 302 2344; x_wconf 88' lang='lat'><em>·</em></span> <span class='ocrx_word' id='word_1_139' title='bbox 331 2315 593 2364; x_wconf 76' lang='lat' dir='ltr'><strong>Haecdam</strong></span> <span class='ocrx_word' id='word_1_140' title='bbox 613 2329 789 2363; x_wconf 74' lang='lat' dir='ltr'><strong>mecum</strong></span> <span class='ocrx_word' id='word_1_141' title='bbox 809 2313 999 2377; x_wconf 74' lang='lat' dir='ltr'><strong>reputo]</strong></span> <span class='ocrx_word' id='word_1_142' title='bbox 1051 2312 1234 2363; x_wconf 81' lang='lat' dir='ltr'><strong>Scribe</strong></span> <span class='ocrx_word' id='word_1_143' title='bbox 1254 2312 1321 2362; x_wconf 81' lang='lat' dir='ltr'><strong>ob</strong></span> 
     </span>
     <span class='ocr_line' id='line_1_26' title="bbox 265 2389 1321 2453; baseline -0.002 -12"><span class='ocrx_word' id='word_1_144' title='bbox 265 2399 510 2447; x_wconf 86' lang='lat' dir='ltr'><strong>metrum,</strong></span> <span class='ocrx_word' id='word_1_145' title='bbox 533 2392 667 2441; x_wconf 83' lang='lat' dir='ltr'><strong>Dum</strong></span> <span class='ocrx_word' id='word_1_146' title='bbox 688 2392 785 2440; x_wconf 81' lang='lat' dir='ltr'><strong>haec</strong></span> <span class='ocrx_word' id='word_1_147' title='bbox 802 2405 996 2447; x_wconf 73' lang='lat' dir='ltr'><strong>mecm,</strong></span> <span class='ocrx_word' id='word_1_148' title='bbox 1017 2392 1096 2453; x_wconf 53' lang='grc' dir='ltr'><strong>εἷο.</strong></span> <span class='ocrx_word' id='word_1_149' title='bbox 1161 2390 1249 2441; x_wconf 86' lang='lat' dir='ltr'><strong>Sic</strong></span> <span class='ocrx_word' id='word_1_150' title='bbox 1269 2389 1321 2439; x_wconf 90' lang='lat' dir='ltr'><strong>in</strong></span> 
     </span>
     <span class='ocr_line' id='line_1_27' title="bbox 267 2468 1041 2532; baseline -0.001 -14"><span class='ocrx_word' id='word_1_151' title='bbox 267 2469 477 2532; x_wconf 87' lang='lat' dir='ltr'><strong>optimis</strong></span> <span class='ocrx_word' id='word_1_152' title='bbox 502 2468 836 2519; x_wconf 86' lang='lat' dir='ltr'><strong>editionibus.</strong></span> <span class='ocrx_word' id='word_1_153' title='bbox 869 2468 1041 2518; x_wconf 80' lang='lat' dir='ltr'><strong>Faber.</strong></span> 
     </span>
    </p>

    <p class='ocr_par' dir='ltr' id='par_1_7' title="bbox 265 2544 1325 2749">
     <span class='ocr_line' id='line_1_28' title="bbox 328 2544 1325 2610; baseline -0.003 -14"><span class='ocrx_word' id='word_1_154' title='bbox 328 2546 632 2610; x_wconf 74' lang='lat' dir='ltr'><strong>Accersttnr]</strong></span> <span class='ocrx_word' id='word_1_155' title='bbox 681 2546 757 2595; x_wconf 87' lang='lat' dir='ltr'><strong>Ut</strong></span> <span class='ocrx_word' id='word_1_156' title='bbox 780 2544 923 2607; x_wconf 84' lang='lat' dir='ltr'><strong>alibi,</strong></span> <span class='ocrx_word' id='word_1_157' title='bbox 956 2547 973 2574; x_wconf 89' lang='lat'>‘</span> <span class='ocrx_word' id='word_1_158' title='bbox 998 2546 1169 2596; x_wconf 85' lang='lat' dir='ltr'><strong>Quam</strong></span> <span class='ocrx_word' id='word_1_159' title='bbox 1204 2557 1325 2594; x_wconf 83' lang='lat' dir='ltr'><strong>mox</strong></span> 
     </span>
     <span class='ocr_line' id='line_1_29' title="bbox 265 2620 1325 2688; baseline 0 -19"><span class='ocrx_word' id='word_1_160' title='bbox 265 2623 522 2688; x_wconf 80' lang='lat' dir='ltr'><strong>virginem</strong></span> <span class='ocrx_word' id='word_1_161' title='bbox 556 2626 863 2672; x_wconf 87' lang='lat' dir='ltr'><strong>accersant.’</strong></span> <span class='ocrx_word' id='word_1_162' title='bbox 941 2620 1078 2670; x_wconf 87' lang='lat' dir='ltr'><strong>Nam</strong></span> <span class='ocrx_word' id='word_1_163' title='bbox 1115 2621 1230 2684; x_wconf 83' lang='lat' dir='ltr'><strong>ipse</strong></span> <span class='ocrx_word' id='word_1_164' title='bbox 1264 2621 1325 2669; x_wconf 86' lang='lat' dir='ltr'><strong>il-</strong></span> 
     </span>
     <span class='ocr_line' id='line_1_30' title="bbox 265 2697 1282 2749; baseline 0.002 -2"><span class='ocrx_word' id='word_1_165' title='bbox 265 2699 367 2749; x_wconf 79' lang='lat' dir='ltr'><strong>lam</strong></span> <span class='ocrx_word' id='word_1_166' title='bbox 390 2703 476 2747; x_wconf 89' lang='lat' dir='ltr'><strong>est</strong></span> <span class='ocrx_word' id='word_1_167' title='bbox 495 2697 760 2747; x_wconf 82' lang='lat' dir='ltr'><strong>habiturus</strong></span> <span class='ocrx_word' id='word_1_168' title='bbox 782 2711 1009 2749; x_wconf 83' lang='lat' dir='ltr'><strong>uxorem.</strong></span> <span class='ocrx_word' id='word_1_169' title='bbox 1042 2697 1282 2749; x_wconf 70' lang='lat' dir='ltr'><strong>Donatus.</strong></span> 
     </span>
    </p>

    <p class='ocr_par' dir='ltr' id='par_1_8' title="bbox 265 2772 1329 3595">
     <span class='ocr_line' id='line_1_31' title="bbox 328 2772 1326 2837; baseline -0.001 -13"><span class='ocrx_word' id='word_1_170' title='bbox 328 2775 590 2824; x_wconf 70' lang='lat' dir='ltr'><strong>Diuuhaec</strong></span> <span class='ocrx_word' id='word_1_171' title='bbox 619 2772 798 2824; x_wconf 74' lang='lat' dir='ltr'><strong>mcum</strong></span> <span class='ocrx_word' id='word_1_172' title='bbox 826 2773 1013 2837; x_wconf 75' lang='lat' dir='ltr'><strong>reputo]</strong></span> <span class='ocrx_word' id='word_1_173' title='bbox 1070 2773 1326 2823; x_wconf 83' lang='lat' dir='ltr'><strong>Mendosa</strong></span> 
     </span>
     <span class='ocr_line' id='line_1_32' title="bbox 267 2849 1327 2913; baseline -0.002 -13"><span class='ocrx_word' id='word_1_174' title='bbox 267 2857 348 2900; x_wconf 86' lang='lat' dir='ltr'><strong>est</strong></span> <span class='ocrx_word' id='word_1_175' title='bbox 371 2851 563 2900; x_wconf 72' lang='lat' dir='ltr'><strong>Donati</strong></span> <span class='ocrx_word' id='word_1_176' title='bbox 585 2850 883 2900; x_wconf 76' lang='lat' dir='ltr'><strong>annotatio=</strong></span> <span class='ocrx_word' id='word_1_177' title='bbox 919 2855 934 2878; x_wconf 78' lang='lat'>⁸</span> <span class='ocrx_word' id='word_1_178' title='bbox 953 2849 1059 2899; x_wconf 88' lang='lat' dir='ltr'><strong>Hic</strong></span> <span class='ocrx_word' id='word_1_179' title='bbox 1079 2849 1327 2913; x_wconf 78' lang='lat' dir='ltr'><strong>ostendit,</strong></span> 
     </span>
     <span class='ocr_line' id='line_1_33' title="bbox 266 2925 1325 2990; baseline -0.004 -14"><span class='ocrx_word' id='word_1_180' title='bbox 266 2942 369 2978; x_wconf 88' lang='lat' dir='ltr'><strong>non</strong></span> <span class='ocrx_word' id='word_1_181' title='bbox 392 2927 492 2977; x_wconf 86' lang='lat' dir='ltr'><strong>sibi</strong></span> <span class='ocrx_word' id='word_1_182' title='bbox 516 2926 736 2990; x_wconf 89' lang='lat' dir='ltr'><strong>primum</strong></span> <span class='ocrx_word' id='word_1_183' title='bbox 770 2926 883 2975; x_wconf 83' lang='lat' dir='ltr'><strong>haec</strong></span> <span class='ocrx_word' id='word_1_184' title='bbox 919 2939 1057 2974; x_wconf 87' lang='lat' dir='ltr'><strong>nunc</strong></span> <span class='ocrx_word' id='word_1_185' title='bbox 1090 2925 1145 2973; x_wconf 90' lang='lat' dir='ltr'><strong>in</strong></span> <span class='ocrx_word' id='word_1_186' title='bbox 1183 2938 1325 2973; x_wconf 88' lang='lat' dir='ltr'><strong>men·</strong></span> 
     </span>
     <span class='ocr_line' id='line_1_34' title="bbox 266 3001 1327 3065; baseline -0.005 -12"><span class='ocrx_word' id='word_1_187' title='bbox 266 3012 373 3054; x_wconf 88' lang='lat' dir='ltr'><strong>tem</strong></span> <span class='ocrx_word' id='word_1_188' title='bbox 398 3004 623 3065; x_wconf 84' lang='lat' dir='ltr'><strong>venisse,</strong></span> <span class='ocrx_word' id='word_1_189' title='bbox 643 3002 737 3052; x_wconf 89' lang='lat' dir='ltr'><strong>sed</strong></span> <span class='ocrx_word' id='word_1_190' title='bbox 760 3009 883 3053; x_wconf 89' lang='lat' dir='ltr'><strong>tunc</strong></span> <span class='ocrx_word' id='word_1_191' title='bbox 903 3001 1061 3050; x_wconf 89' lang='lat' dir='ltr'><strong>etiam</strong></span> <span class='ocrx_word' id='word_1_192' title='bbox 1082 3001 1327 3064; x_wconf 87' lang='lat' dir='ltr'><strong>cogitata,</strong></span> 
     </span>
     <span class='ocr_line' id='line_1_35' title="bbox 265 3076 1327 3131; baseline -0.006 0"><span class='ocrx_word' id='word_1_193' title='bbox 265 3093 381 3131; x_wconf 84' lang='lat' dir='ltr'><strong>cum</strong></span> <span class='ocrx_word' id='word_1_194' title='bbox 416 3079 645 3128; x_wconf 88' lang='lat' dir='ltr'><strong>nondum</strong></span> <span class='ocrx_word' id='word_1_195' title='bbox 681 3083 824 3128; x_wconf 87' lang='lat' dir='ltr'><strong>esset</strong></span> <span class='ocrx_word' id='word_1_196' title='bbox 842 3076 897 3126; x_wconf 89' lang='lat' dir='ltr'><strong>in</strong></span> <span class='ocrx_word' id='word_1_197' title='bbox 919 3076 1071 3126; x_wconf 90' lang='lat' dir='ltr'><strong>domo</strong></span> <span class='ocrx_word' id='word_1_198' title='bbox 1093 3076 1327 3125; x_wconf 85' lang='lat' dir='ltr'><strong>meretri·</strong></span> 
     </span>
     <span class='ocr_line' id='line_1_36' title="bbox 266 3154 1327 3222; baseline -0.006 -12"><span class='ocrx_word' id='word_1_199' title='bbox 266 3159 377 3210; x_wconf 67' lang='lat' dir='ltr'><strong>cis!</strong></span> <span class='ocrx_word' id='word_1_200' title='bbox 427 3166 486 3209; x_wconf 89' lang='lat' dir='ltr'><strong>et</strong></span> <span class='ocrx_word' id='word_1_201' title='bbox 528 3157 734 3222; x_wconf 88' lang='lat' dir='ltr'><strong>qnando</strong></span> <span class='ocrx_word' id='word_1_202' title='bbox 770 3154 875 3205; x_wconf 84' lang='lat' dir='ltr'><strong>fuit</strong></span> <span class='ocrx_word' id='word_1_203' title='bbox 914 3163 1037 3205; x_wconf 87' lang='lat' dir='ltr'><strong>aute</strong></span> <span class='ocrx_word' id='word_1_204' title='bbox 1077 3154 1133 3204; x_wconf 87' lang='lat' dir='ltr'><strong>in</strong></span> <span class='ocrx_word' id='word_1_205' title='bbox 1175 3154 1327 3204; x_wconf 86' lang='lat' dir='ltr'><strong>domo</strong></span> 
     </span>
     <span class='ocr_line' id='line_1_37' title="bbox 267 3231 1329 3299; baseline -0.006 -12"><span class='ocrx_word' id='word_1_206' title='bbox 267 3235 581 3297; x_wconf 84' lang='lat' dir='ltr'><strong>meretricis,</strong></span> <span class='ocrx_word' id='word_1_207' title='bbox 616 3249 767 3299; x_wconf 87' lang='lat' dir='ltr'><strong>quam</strong></span> <span class='ocrx_word' id='word_1_208' title='bbox 804 3247 1084 3297; x_wconf 61' lang='lat' dir='ltr'><strong>nunquama</strong></span> <span class='ocrx_word' id='word_1_209' title='bbox 1107 3231 1329 3296; x_wconf 81' lang='lat' dir='ltr'><strong>viderat,</strong></span> 
     </span>
     <span class='ocr_line' id='line_1_38' title="bbox 269 3308 1329 3373; baseline -0.007 -9"><span class='ocrx_word' id='word_1_210' title='bbox 269 3322 357 3364; x_wconf 90' lang='lat' dir='ltr'><strong>aut</strong></span> <span class='ocrx_word' id='word_1_211' title='bbox 398 3313 494 3363; x_wconf 88' lang='lat' dir='ltr'><strong>ubi</strong></span> <span class='ocrx_word' id='word_1_212' title='bbox 531 3311 809 3373; x_wconf 82' lang='lat' dir='ltr'><strong>habitaret,</strong></span> <span class='ocrx_word' id='word_1_213' title='bbox 831 3311 1017 3360; x_wconf 82' lang='lat' dir='ltr'><strong>norat?</strong></span> <span class='ocrx_word' id='word_1_214' title='bbox 1065 3309 1204 3359; x_wconf 86' lang='lat' dir='ltr'><strong>sicut</strong></span> <span class='ocrx_word' id='word_1_215' title='bbox 1237 3308 1329 3358; x_wconf 90' lang='lat' dir='ltr'><strong>do-</strong></span> 
     </span>
     <span class='ocr_line' id='line_1_39' title="bbox 267 3387 1320 3457; baseline -0.005 -17"><span class='ocrx_word' id='word_1_216' title='bbox 267 3397 388 3441; x_wconf 89' lang='lat' dir='ltr'><strong>cent</strong></span> <span class='ocrx_word' id='word_1_217' title='bbox 411 3404 530 3457; x_wconf 82' lang='lat' dir='ltr'><strong>quae</strong></span> <span class='ocrx_word' id='word_1_218' title='bbox 555 3393 955 3452; x_wconf 80' lang='lat' dir='ltr'><strong>praecesserunt.</strong></span> <span class='ocrx_word' id='word_1_219' title='bbox 1009 3387 1151 3450; x_wconf 88' lang='lat' dir='ltr'><strong>Lege</strong></span> <span class='ocrx_word' id='word_1_220' title='bbox 1172 3400 1320 3450; x_wconf 84' lang='lat' dir='ltr'><strong>ergo:</strong></span> 
     </span>
     <span class='ocr_line' id='line_1_40' title="bbox 268 3462 1328 3532; baseline -0.006 -14"><span class='ocrx_word' id='word_1_221' title='bbox 268 3483 375 3518; x_wconf 77' lang='lat' dir='ltr'><strong>eum</strong></span> <span class='ocrx_word' id='word_1_222' title='bbox 404 3481 503 3516; x_wconf 74' lang='lat' dir='ltr'><strong>uun</strong></span> <span class='ocrx_word' id='word_1_223' title='bbox 535 3465 655 3532; x_wconf 90' lang='lat' dir='ltr'><strong>(aut</strong></span> <span class='ocrx_word' id='word_1_224' title='bbox 682 3462 910 3528; x_wconf 71' lang='lat' dir='ltr'><strong>nondum)</strong></span> <span class='ocrx_word' id='word_1_225' title='bbox 946 3469 1070 3514; x_wconf 75' lang='lat' dir='ltr'><strong>esset</strong></span> <span class='ocrx_word' id='word_1_226' title='bbox 1101 3464 1156 3513; x_wconf 72' lang='lat' dir='ltr'><strong>ia</strong></span> <span class='ocrx_word' id='word_1_227' title='bbox 1193 3466 1328 3513; x_wconf 81' lang='lat' dir='ltr'><strong>domo</strong></span> 
     </span>
     <span class='ocr_line' id='line_1_41' title="bbox 268 3543 865 3595; baseline -0.002 -2"><span class='ocrx_word' id='word_1_228' title='bbox 268 3544 566 3595; x_wconf 75' lang='lat' dir='ltr'><strong>meretricis.-</strong></span> <span class='ocrx_word' id='word_1_229' title='bbox 583 3543 865 3593; x_wconf 85' lang='lat' dir='ltr'><strong>Boeclerus.</strong></span> 
     </span>
    </p>

    <p class='ocr_par' dir='ltr' id='par_1_9' title="bbox 331 3616 1329 3684">
     <span class='ocr_line' id='line_1_42' title="bbox 331 3616 1329 3684; baseline -0.005 -12"><span class='ocrx_word' id='word_1_230' title='bbox 331 3627 396 3672; x_wconf 73' lang='lat'><strong>45</strong></span> <span class='ocrx_word' id='word_1_231' title='bbox 420 3621 495 3684; x_wconf 85' lang='lat' dir='ltr'><strong>It,</strong></span> <span class='ocrx_word' id='word_1_232' title='bbox 516 3621 657 3680; x_wconf 74' lang='lat' dir='ltr'><strong>lavit,</strong></span> <span class='ocrx_word' id='word_1_233' title='bbox 673 3618 825 3681; x_wconf 79' lang='lat' dir='ltr'><strong>redit]</strong></span> <span class='ocrx_word' id='word_1_234' title='bbox 855 3616 1105 3681; x_wconf 72' lang='grc' dir='ltr'><strong><em>Συντομία,</em></strong></span> <span class='ocrx_word' id='word_1_235' title='bbox 1128 3632 1228 3683; x_wconf 87' lang='lat' dir='ltr'><strong>qua</strong></span> <span class='ocrx_word' id='word_1_236' title='bbox 1250 3632 1329 3667; x_wconf 89' lang='lat' dir='ltr'><strong>so-</strong></span> 
     </span>
    </p>

    <p class='ocr_par' dir='ltr' id='par_1_10' title="bbox 269 3696 1333 4132">
     <span class='ocr_line' id='line_1_43' title="bbox 269 3696 843 3759; baseline -0.009 -11"><span class='ocrx_word' id='word_1_237' title='bbox 269 3701 359 3759; x_wconf 71' lang='lat' dir='ltr'><strong>let,</strong></span> <span class='ocrx_word' id='word_1_238' title='bbox 383 3696 574 3748; x_wconf 75' lang='lat' dir='ltr'><strong>utitur.</strong></span> <span class='ocrx_word' id='word_1_239' title='bbox 606 3697 843 3745; x_wconf 78' lang='lat' dir='ltr'><strong>Donatus.</strong></span> 
     </span>
     <span class='ocr_line' id='line_1_44' title="bbox 271 3769 1331 3834; baseline -0.006 -9"><span class='ocrx_word' id='word_1_240' title='bbox 271 3800 298 3829; x_wconf 53' lang='lat' dir='ltr'><em>f</em></span> <span class='ocrx_word' id='word_1_241' title='bbox 334 3776 529 3825; x_wconf 79' lang='lat' dir='ltr'><strong>Deinde</strong></span> <span class='ocrx_word' id='word_1_242' title='bbox 549 3774 684 3822; x_wconf 78' lang='lat' dir='ltr'><strong>illam</strong></span> <span class='ocrx_word' id='word_1_243' title='bbox 718 3773 773 3820; x_wconf 78' lang='lat' dir='ltr'><strong>iu</strong></span> <span class='ocrx_word' id='word_1_244' title='bbox 805 3773 924 3821; x_wconf 76' lang='lat' dir='ltr'><strong>lecto</strong></span> <span class='ocrx_word' id='word_1_245' title='bbox 961 3770 1060 3820; x_wconf 66' lang='lat' dir='ltr'><strong>511ae</strong></span> <span class='ocrx_word' id='word_1_246' title='bbox 1080 3769 1331 3834; x_wconf 76' lang='lat' dir='ltr'><strong>collocant]</strong></span> 
     </span>
     <span class='ocr_line' id='line_1_45' title="bbox 269 3847 1331 3915; baseline -0.006 -14"><span class='ocrx_word' id='word_1_247' title='bbox 269 3852 404 3902; x_wconf 85' lang='lat' dir='ltr'><strong>Vide</strong></span> <span class='ocrx_word' id='word_1_248' title='bbox 428 3866 497 3902; x_wconf 86' lang='lat' dir='ltr'><strong>an</strong></span> <span class='ocrx_word' id='word_1_249' title='bbox 522 3849 715 3915; x_wconf 86' lang='lat' dir='ltr'><strong>aliquid</strong></span> <span class='ocrx_word' id='word_1_250' title='bbox 741 3848 891 3897; x_wconf 88' lang='lat' dir='ltr'><strong>deest</strong></span> <span class='ocrx_word' id='word_1_251' title='bbox 921 3847 1164 3912; x_wconf 77' lang='lat' dir='ltr'><strong>legitimis</strong></span> <span class='ocrx_word' id='word_1_252' title='bbox 1201 3861 1331 3911; x_wconf 89' lang='lat' dir='ltr'><strong>nup-</strong></span> 
     </span>
     <span class='ocr_line' id='line_1_46' title="bbox 272 3924 1333 3990; baseline -0.006 -11"><span class='ocrx_word' id='word_1_253' title='bbox 272 3929 390 3980; x_wconf 85' lang='lat' dir='ltr'><strong>tiis:</strong></span> <span class='ocrx_word' id='word_1_254' title='bbox 427 3943 547 3978; x_wconf 87' lang='lat' dir='ltr'><strong>nam</strong></span> <span class='ocrx_word' id='word_1_255' title='bbox 587 3934 644 3976; x_wconf 87' lang='lat' dir='ltr'><strong>et</strong></span> <span class='ocrx_word' id='word_1_256' title='bbox 680 3927 843 3990; x_wconf 85' lang='lat' dir='ltr'><strong>ipsum</strong></span> <span class='ocrx_word' id='word_1_257' title='bbox 869 3924 1084 3974; x_wconf 86' lang='lat' dir='ltr'><strong>verbum</strong></span> <span class='ocrx_word' id='word_1_258' title='bbox 1106 3924 1333 3974; x_wconf 74' lang='lat' dir='ltr'><strong>collocant</strong></span> 
     </span>
     <span class='ocr_line' id='line_1_47' title="bbox 272 4000 1332 4069; baseline -0.005 -14"><span class='ocrx_word' id='word_1_259' title='bbox 272 4005 539 4069; x_wconf 88' lang='lat' dir='ltr'><strong>proprium</strong></span> <span class='ocrx_word' id='word_1_260' title='bbox 569 4011 673 4064; x_wconf 87' lang='lat' dir='ltr'><strong>est,</strong></span> <span class='ocrx_word' id='word_1_261' title='bbox 697 4009 752 4052; x_wconf 91' lang='lat' dir='ltr'><strong>et</strong></span> <span class='ocrx_word' id='word_1_262' title='bbox 791 4000 1104 4051; x_wconf 79' lang='lat' dir='ltr'><strong>adscribitur</strong></span> <span class='ocrx_word' id='word_1_263' title='bbox 1141 4015 1332 4065; x_wconf 84' lang='lat' dir='ltr'><strong>pronu-</strong></span> 
     </span>
     <span class='ocr_line' id='line_1_48' title="bbox 270 4082 558 4132; baseline -0.014 0"><span class='ocrx_word' id='word_1_264' title='bbox 270 4082 365 4132; x_wconf 90' lang='lat' dir='ltr'><strong>bis.</strong></span> <span class='ocrx_word' id='word_1_265' title='bbox 403 4082 558 4131; x_wconf 75' lang='lat' dir='ltr'><strong>Idem.</strong></span> 
     </span>
    </p>

    <p class='ocr_par' dir='ltr' id='par_1_11' title="bbox 274 4154 1333 4364">
     <span class='ocr_line' id='line_1_49' title="bbox 337 4154 1333 4221; baseline -0.006 -11"><span class='ocrx_word' id='word_1_266' title='bbox 337 4162 399 4210; x_wconf 79' lang='lat' dir='ltr'><strong>In</strong></span> <span class='ocrx_word' id='word_1_267' title='bbox 419 4161 561 4214; x_wconf 78' lang='lat' dir='ltr'><strong>lecto,</strong></span> <span class='ocrx_word' id='word_1_268' title='bbox 581 4156 691 4221; x_wconf 50' lang='lat' dir='ltr'><strong>qa]</strong></span> <span class='ocrx_word' id='word_1_269' title='bbox 747 4154 791 4207; x_wconf 83' lang='lat' dir='ltr'><strong>A</strong></span> <span class='ocrx_word' id='word_1_270' title='bbox 816 4154 1013 4206; x_wconf 81' lang='lat' dir='ltr'><strong>balneis</strong></span> <span class='ocrx_word' id='word_1_271' title='bbox 1047 4155 1100 4204; x_wconf 88' lang='lat' dir='ltr'><strong>in</strong></span> <span class='ocrx_word' id='word_1_272' title='bbox 1134 4155 1333 4206; x_wconf 88' lang='lat' dir='ltr'><strong>lectum</strong></span> 
     </span>
     <span class='ocr_line' id='line_1_50' title="bbox 275 4231 1331 4299; baseline -0.006 -12"><span class='ocrx_word' id='word_1_273' title='bbox 275 4251 327 4286; x_wconf 86' lang='lat' dir='ltr'><strong>se</strong></span> <span class='ocrx_word' id='word_1_274' title='bbox 347 4235 589 4299; x_wconf 86' lang='lat' dir='ltr'><strong>recipere</strong></span> <span class='ocrx_word' id='word_1_275' title='bbox 611 4232 766 4282; x_wconf 86' lang='lat' dir='ltr'><strong>moris</strong></span> <span class='ocrx_word' id='word_1_276' title='bbox 786 4237 921 4288; x_wconf 84' lang='lat' dir='ltr'><strong>erat,</strong></span> <span class='ocrx_word' id='word_1_277' title='bbox 955 4238 1016 4280; x_wconf 89' lang='lat' dir='ltr'><strong>ut</strong></span> <span class='ocrx_word' id='word_1_278' title='bbox 1052 4245 1110 4279; x_wconf 92' lang='lat' dir='ltr'><strong>se</strong></span> <span class='ocrx_word' id='word_1_279' title='bbox 1150 4231 1331 4281; x_wconf 76' lang='lat' dir='ltr'><strong>retice·</strong></span> 
     </span>
     <span class='ocr_line' id='line_1_51' title="bbox 274 4306 1278 4364; baseline -0.006 0"><span class='ocrx_word' id='word_1_280' title='bbox 274 4320 392 4364; x_wconf 84' lang='lat' dir='ltr'><strong>rent</strong></span> <span class='ocrx_word' id='word_1_281' title='bbox 413 4329 446 4363; x_wconf 86' lang='lat' dir='ltr'><strong>a</strong></span> <span class='ocrx_word' id='word_1_282' title='bbox 467 4307 782 4363; x_wconf 68' lang='lat' dir='ltr'><strong>lassitudine</strong></span> <span class='ocrx_word' id='word_1_283' title='bbox 802 4316 860 4360; x_wconf 83' lang='lat' dir='ltr'><strong>et</strong></span> <span class='ocrx_word' id='word_1_284' title='bbox 878 4306 1088 4358; x_wconf 81' lang='lat' dir='ltr'><strong>sudore.</strong></span> <span class='ocrx_word' id='word_1_285' title='bbox 1123 4307 1278 4361; x_wconf 69' lang='lat' dir='ltr'><strong>Fara.</strong></span> 
     </span>
    </p>
   </div>
   <div class='ocr_carea' id='block_1_3' title="bbox 369 4431 456 4499">
    <p class='ocr_par' dir='ltr' id='par_1_12' title="bbox 369 4431 456 4499">
     <span class='ocr_line' id='line_1_52' title="bbox 369 4431 456 4499; baseline 0 -2"><span class='ocrx_word' id='word_1_286' title='bbox 369 4431 456 4499; x_wconf 51' lang='lat' dir='ltr'><strong>*x</strong></span> 
     </span>
    </p>
   </div>
   <div class='ocr_carea' id='block_1_4' title="bbox 2280 382 2449 446">
    <p class='ocr_par' dir='ltr' id='par_1_13' title="bbox 2280 382 2449 446">
     <span class='ocr_line' id='line_1_53' title="bbox 2280 382 2449 446; baseline -0.006 0"><span class='ocrx_word' id='word_1_287' title='bbox 2280 382 2449 446; x_wconf 75' lang='lat'>1237</span> 
     </span>
    </p>
   </div>
   <div class='ocr_carea' id='block_1_5' title="bbox 1385 544 2487 2223">
    <p class='ocr_par' dir='ltr' id='par_1_14' title="bbox 1393 544 2487 1226">
     <span class='ocr_line' id='line_1_54' title="bbox 1457 544 2452 608; baseline -0.005 -12"><span class='ocrx_word' id='word_1_288' title='bbox 1457 550 1524 597; x_wconf 76' lang='lat'><strong>46</strong></span> <span class='ocrx_word' id='word_1_289' title='bbox 1557 546 1644 596; x_wconf 80' lang='lat' dir='ltr'><strong>Sto</strong></span> <span class='ocrx_word' id='word_1_290' title='bbox 1676 550 1943 608; x_wconf 76' lang='lat' dir='ltr'><strong>expectans,</strong></span> <span class='ocrx_word' id='word_1_291' title='bbox 1966 544 2123 608; x_wconf 78' lang='lat' dir='ltr'><strong>siquid</strong></span> <span class='ocrx_word' id='word_1_292' title='bbox 2157 544 2276 593; x_wconf 74' lang='lat' dir='ltr'><strong>mihi</strong></span> <span class='ocrx_word' id='word_1_293' title='bbox 2310 544 2452 606; x_wconf 79' lang='lat' dir='ltr'><strong>impe-</strong></span> 
     </span>
     <span class='ocr_line' id='line_1_55' title="bbox 1394 622 2487 688; baseline -0.002 -15"><span class='ocrx_word' id='word_1_294' title='bbox 1394 624 1524 687; x_wconf 81' lang='lat' dir='ltr'><strong>rent]</strong></span> <span class='ocrx_word' id='word_1_295' title='bbox 1573 622 1826 688; x_wconf 72' lang='grc' dir='ltr'><strong>Ἔνέργεια.</strong></span> <span class='ocrx_word' id='word_1_296' title='bbox 1891 626 2011 673; x_wconf 90' lang='lat' dir='ltr'><strong>Non</strong></span> <span class='ocrx_word' id='word_1_297' title='bbox 2034 624 2169 672; x_wconf 86' lang='lat' dir='ltr'><strong>enim</strong></span> <span class='ocrx_word' id='word_1_298' title='bbox 2195 623 2329 671; x_wconf 82' lang='lat' dir='ltr'><strong>dixit</strong></span> <span class='ocrx_word' id='word_1_299' title='bbox 2351 625 2451 671; x_wconf 47' lang='lat' dir='ltr'><strong>sta*</strong></span> <span class='ocrx_word' id='word_1_300' title='bbox 2481 623 2487 634; x_wconf 84' lang='lat'><em>‘</em></span> 
     </span>
     <span class='ocr_line' id='line_1_56' title="bbox 1395 699 2453 766; baseline -0.005 -15"><span class='ocrx_word' id='word_1_301' title='bbox 1395 702 1514 751; x_wconf 69' lang='lat' dir='ltr'><strong>buna.</strong></span> <span class='ocrx_word' id='word_1_302' title='bbox 1563 703 1854 766; x_wconf 76' lang='lat' dir='ltr'><strong>Expectans,</strong></span> <span class='ocrx_word' id='word_1_303' title='bbox 1875 700 2190 749; x_wconf 86' lang='lat' dir='ltr'><strong>desiderans.</strong></span> <span class='ocrx_word' id='word_1_304' title='bbox 2240 700 2310 747; x_wconf 91' lang='lat' dir='ltr'><strong>Et</strong></span> <span class='ocrx_word' id='word_1_305' title='bbox 2327 699 2453 746; x_wconf 82' lang='lat' dir='ltr'><strong>mire</strong></span> 
     </span>
     <span class='ocr_line' id='line_1_57' title="bbox 1393 777 2453 841; baseline -0.006 -14"><span class='ocrx_word' id='word_1_306' title='bbox 1393 789 1553 827; x_wconf 87' lang='lat' dir='ltr'><strong>omne</strong></span> <span class='ocrx_word' id='word_1_307' title='bbox 1572 783 1778 841; x_wconf 86' lang='lat' dir='ltr'><strong>tempus</strong></span> <span class='ocrx_word' id='word_1_308' title='bbox 1799 783 2051 826; x_wconf 82' lang='lat' dir='ltr'><strong>executus</strong></span> <span class='ocrx_word' id='word_1_309' title='bbox 2089 784 2169 825; x_wconf 89' lang='lat' dir='ltr'><strong>est</strong></span> <span class='ocrx_word' id='word_1_310' title='bbox 2204 777 2342 825; x_wconf 84' lang='lat' dir='ltr'><strong>salva</strong></span> <span class='ocrx_word' id='word_1_311' title='bbox 2367 789 2453 821; x_wconf 82' lang='lat' dir='ltr'><strong>ve·</strong></span> 
     </span>
     <span class='ocr_line' id='line_1_58' title="bbox 1397 845 2455 918; baseline -0.002 -17"><span class='ocrx_word' id='word_1_312' title='bbox 1397 854 1571 915; x_wconf 78' lang='lat' dir='ltr'><strong>ritate,</strong></span> <span class='ocrx_word' id='word_1_313' title='bbox 1591 855 1642 902; x_wconf 90' lang='lat' dir='ltr'><strong>in</strong></span> <span class='ocrx_word' id='word_1_314' title='bbox 1667 868 1767 918; x_wconf 92' lang='lat' dir='ltr'><strong>qua</strong></span> <span class='ocrx_word' id='word_1_315' title='bbox 1788 853 2036 915; x_wconf 73' lang='lat' dir='ltr'><strong>Virgilius</strong></span> <span class='ocrx_word' id='word_1_316' title='bbox 2074 852 2342 915; x_wconf 80' lang='lat' dir='ltr'><strong>negligens</strong></span> <span class='ocrx_word' id='word_1_317' title='bbox 2378 845 2455 899; x_wconf 65' lang='lat' dir='ltr'><strong>i‘n-‘</strong></span> 
     </span>
     <span class='ocr_line' id='line_1_59' title="bbox 1395 928 2454 993; baseline -0.003 -14"><span class='ocrx_word' id='word_1_318' title='bbox 1395 931 1634 980; x_wconf 86' lang='lat' dir='ltr'><strong>venitur:</strong></span> <span class='ocrx_word' id='word_1_319' title='bbox 1670 945 1788 980; x_wconf 90' lang='lat' dir='ltr'><strong>cum</strong></span> <span class='ocrx_word' id='word_1_320' title='bbox 1825 936 1943 993; x_wconf 88' lang='lat' dir='ltr'><strong>post</strong></span> <span class='ocrx_word' id='word_1_321' title='bbox 1980 929 2206 978; x_wconf 87' lang='lat' dir='ltr'><strong>occisum</strong></span> <span class='ocrx_word' id='word_1_322' title='bbox 2246 928 2454 977; x_wconf 84' lang='lat' dir='ltr'><strong>Mezen·</strong></span> 
     </span>
     <span class='ocr_line' id='line_1_60' title="bbox 1396 1006 2454 1068; baseline -0.003 -11"><span class='ocrx_word' id='word_1_323' title='bbox 1396 1008 1542 1068; x_wconf 88' lang='lat' dir='ltr'><strong>tium,</strong></span> <span class='ocrx_word' id='word_1_324' title='bbox 1564 1022 1666 1057; x_wconf 89' lang='lat' dir='ltr'><strong>non</strong></span> <span class='ocrx_word' id='word_1_325' title='bbox 1693 1007 2021 1056; x_wconf 87' lang='lat' dir='ltr'><strong>facta&#39;noctis</strong></span> <span class='ocrx_word' id='word_1_326' title='bbox 2044 1006 2326 1066; x_wconf 87' lang='lat' dir='ltr'><strong>mentione,</strong></span> <span class='ocrx_word' id='word_1_327' title='bbox 2348 1011 2454 1054; x_wconf 88' lang='lat' dir='ltr'><strong>sta-</strong></span> 
     </span>
     <span class='ocr_line' id='line_1_61' title="bbox 1395 1079 2453 1146; baseline -0.003 -13"><span class='ocrx_word' id='word_1_328' title='bbox 1395 1079 1487 1134; x_wconf 86' lang='lat' dir='ltr'><strong>tim</strong></span> <span class='ocrx_word' id='word_1_329' title='bbox 1519 1085 1714 1146; x_wconf 88' lang='lat' dir='ltr'><strong>intulit,</strong></span> <span class='ocrx_word' id='word_1_330' title='bbox 1754 1085 1770 1112; x_wconf 91' lang='lat'>‘</span> <span class='ocrx_word' id='word_1_331' title='bbox 1792 1084 2065 1134; x_wconf 83' lang='lat' dir='ltr'><strong>Oceanum</strong></span> <span class='ocrx_word' id='word_1_332' title='bbox 2104 1083 2306 1133; x_wconf 87' lang='lat' dir='ltr'><strong>interea</strong></span> <span class='ocrx_word' id='word_1_333' title='bbox 2343 1096 2453 1131; x_wconf 85' lang='lat' dir='ltr'><strong>sur·</strong></span> 
     </span>
     <span class='ocr_line' id='line_1_62' title="bbox 1396 1159 2268 1226; baseline -0.001 -17"><span class='ocrx_word' id='word_1_334' title='bbox 1396 1174 1521 1226; x_wconf 85' lang='lat' dir='ltr'><strong>gens</strong></span> <span class='ocrx_word' id='word_1_335' title='bbox 1546 1174 1729 1210; x_wconf 87' lang='lat' dir='ltr'><strong>aurora</strong></span> <span class='ocrx_word' id='word_1_336' title='bbox 1752 1159 1996 1225; x_wconf 67' lang='lat' dir='ltr'><strong>reliquit!</strong></span> <span class='ocrx_word' id='word_1_337' title='bbox 2030 1160 2268 1208; x_wconf 67' lang='lat' dir='ltr'><strong>Donatum.</strong></span> 
     </span>
    </p>

    <p class='ocr_par' dir='ltr' id='par_1_15' title="bbox 1395 1235 2456 1533">
     <span class='ocr_line' id='line_1_63' title="bbox 1459 1235 2454 1301; baseline -0.003 -16"><span class='ocrx_word' id='word_1_338' title='bbox 1459 1240 1523 1285; x_wconf 74' lang='lat'><strong>⁴7</strong></span> <span class='ocrx_word' id='word_1_339' title='bbox 1576 1238 1704 1299; x_wconf 82' lang='lat' dir='ltr'><strong>Cape</strong></span> <span class='ocrx_word' id='word_1_340' title='bbox 1745 1236 1830 1286; x_wconf 77' lang='lat' dir='ltr'><strong>hoc</strong></span> <span class='ocrx_word' id='word_1_341' title='bbox 1859 1236 2134 1301; x_wconf 79' lang='lat' dir='ltr'><strong>flabellum]</strong></span> <span class='ocrx_word' id='word_1_342' title='bbox 2191 1235 2454 1285; x_wconf 86' lang='lat' dir='ltr'><strong>Praeclare</strong></span> 
     </span>
     <span class='ocr_line' id='line_1_64' title="bbox 1396 1309 2453 1378; baseline -0.005 -13"><span class='ocrx_word' id='word_1_343' title='bbox 1396 1329 1498 1365; x_wconf 86' lang='lat' dir='ltr'><strong>non</strong></span> <span class='ocrx_word' id='word_1_344' title='bbox 1523 1309 1745 1378; x_wconf 85' lang='lat' dir='ltr'><strong>sensum,</strong></span> <span class='ocrx_word' id='word_1_345' title='bbox 1768 1315 1856 1365; x_wconf 75' lang='lat' dir='ltr'><strong>ted</strong></span> <span class='ocrx_word' id='word_1_346' title='bbox 1879 1314 2071 1363; x_wconf 85' lang='lat' dir='ltr'><strong>verba’</strong></span> <span class='ocrx_word' id='word_1_347' title='bbox 2058 1327 2179 1377; x_wconf 79' lang='lat' dir='ltr'><strong>ipsa</strong></span> <span class='ocrx_word' id='word_1_348' title='bbox 2194 1327 2289 1376; x_wconf 91' lang='lat' dir='ltr'><strong>per</strong></span> <span class='ocrx_word' id='word_1_349' title='bbox 2315 1311 2453 1373; x_wconf 82' lang='grc' dir='ltr'><strong><em>μίμη-</em></strong></span> 
     </span>
     <span class='ocr_line' id='line_1_65' title="bbox 1395 1391 2456 1458; baseline -0.003 -16"><span class='ocrx_word' id='word_1_350' title='bbox 1395 1409 1471 1442; x_wconf 82' lang='grc' dir='ltr'><strong>σιν</strong></span> <span class='ocrx_word' id='word_1_351' title='bbox 1491 1393 1712 1458; x_wconf 87' lang='lat' dir='ltr'><strong>induxit,</strong></span> <span class='ocrx_word' id='word_1_352' title='bbox 1732 1407 1827 1457; x_wconf 86' lang='lat' dir='ltr'><strong>per</strong></span> <span class='ocrx_word' id='word_1_353' title='bbox 1849 1406 2003 1457; x_wconf 78' lang='lat' dir='ltr'><strong>quain</strong></span> <span class='ocrx_word' id='word_1_354' title='bbox 2041 1391 2287 1454; x_wconf 82' lang='lat' dir='ltr'><strong>puellaris</strong></span> <span class='ocrx_word' id='word_1_355' title='bbox 2309 1405 2456 1440; x_wconf 83' lang='lat' dir='ltr'><strong>error</strong></span> 
     </span>
     <span class='ocr_line' id='line_1_66' title="bbox 1395 1470 1905 1533; baseline -0.008 -13"><span class='ocrx_word' id='word_1_356' title='bbox 1395 1470 1722 1533; x_wconf 80' lang='lat' dir='ltr'><strong>exprimitur.</strong></span> <span class='ocrx_word' id='word_1_357' title='bbox 1757 1470 1905 1518; x_wconf 77' lang='lat' dir='ltr'><strong>Idem.</strong></span> 
     </span>
    </p>

    <p class='ocr_par' dir='ltr' id='par_1_16' title="bbox 1393 1543 2460 1839">
     <span class='ocr_line' id='line_1_67' title="bbox 1465 1543 2456 1611; baseline -0.003 -16"><span class='ocrx_word' id='word_1_358' title='bbox 1465 1548 1594 1609; x_wconf 78' lang='lat' dir='ltr'><strong>Cape</strong></span> <span class='ocrx_word' id='word_1_359' title='bbox 1615 1546 1700 1595; x_wconf 76' lang='lat' dir='ltr'><strong>hoc</strong></span> <span class='ocrx_word' id='word_1_360' title='bbox 1720 1546 1983 1611; x_wconf 77' lang='lat' dir='ltr'><strong>flabellum,</strong></span> <span class='ocrx_word' id='word_1_361' title='bbox 2007 1550 2055 1594; x_wconf 80' lang='lat' dir='ltr'><strong>et</strong></span> <span class='ocrx_word' id='word_1_362' title='bbox 2074 1546 2315 1593; x_wconf 63' lang='lat' dir='ltr'><strong>verendum</strong></span> <span class='ocrx_word' id='word_1_363' title='bbox 2348 1543 2456 1593; x_wconf 79' lang='lat' dir='ltr'><strong>huic</strong></span> 
     </span>
     <span class='ocr_line' id='line_1_68' title="bbox 1393 1621 2454 1687; baseline -0.002 -16"><span class='ocrx_word' id='word_1_364' title='bbox 1393 1623 1465 1672; x_wconf 77' lang='lat' dir='ltr'><strong>sic</strong></span> <span class='ocrx_word' id='word_1_365' title='bbox 1495 1621 1676 1687; x_wconf 75' lang='lat' dir='ltr'><strong>jacito]</strong></span> <span class='ocrx_word' id='word_1_366' title='bbox 1723 1625 1891 1675; x_wconf 82' lang='lat' dir='ltr'><strong>Quam</strong></span> <span class='ocrx_word' id='word_1_367' title='bbox 1935 1621 2296 1685; x_wconf 81' lang='lat' dir='ltr'><strong>particulatim,</strong></span> <span class='ocrx_word' id='word_1_368' title='bbox 2337 1635 2454 1670; x_wconf 90' lang='lat' dir='ltr'><strong>cum</strong></span> 
     </span>
     <span class='ocr_line' id='line_1_69' title="bbox 1397 1698 2457 1764; baseline -0.002 -16"><span class='ocrx_word' id='word_1_369' title='bbox 1397 1715 1497 1762; x_wconf 87' lang='lat' dir='ltr'><strong>qua</strong></span> <span class='ocrx_word' id='word_1_370' title='bbox 1520 1700 1792 1764; x_wconf 79' lang='lat' dir='ltr'><strong>diligentia</strong></span> <span class='ocrx_word' id='word_1_371' title='bbox 1814 1708 1868 1749; x_wconf 90' lang='lat' dir='ltr'><strong>et</strong></span> <span class='ocrx_word' id='word_1_372' title='bbox 1893 1701 2131 1749; x_wconf 79' lang='grc' dir='ltr'>δεικτικῶς</span> <span class='ocrx_word' id='word_1_373' title='bbox 2143 1698 2314 1762; x_wconf 87' lang='lat' dir='ltr'><strong>jubet,</strong></span> <span class='ocrx_word' id='word_1_374' title='bbox 2332 1712 2457 1762; x_wconf 88' lang='lat' dir='ltr'><strong>qua·</strong></span> 
     </span>
     <span class='ocr_line' id='line_1_70' title="bbox 1395 1770 2460 1839; baseline -0.003 -14"><span class='ocrx_word' id='word_1_375' title='bbox 1395 1777 1437 1825; x_wconf 80' lang='lat' dir='ltr'><strong>si</strong></span> <span class='ocrx_word' id='word_1_376' title='bbox 1460 1776 1658 1825; x_wconf 86' lang='lat' dir='ltr'><strong>novitio</strong></span> <span class='ocrx_word' id='word_1_377' title='bbox 1681 1784 1734 1825; x_wconf 84' lang='lat' dir='ltr'><strong>et</strong></span> <span class='ocrx_word' id='word_1_378' title='bbox 1759 1776 2042 1839; x_wconf 85' lang='lat' dir='ltr'><strong>imperito?</strong></span> <span class='ocrx_word' id='word_1_379' title='bbox 2077 1776 2227 1824; x_wconf 78' lang='lat' dir='ltr'><strong>Idem.</strong></span> <span class='ocrx_word' id='word_1_380' title='bbox 2454 1770 2460 1780; x_wconf 83' lang='lat'>&#39;</span> 
     </span>
    </p>

    <p class='ocr_par' dir='ltr' id='par_1_17' title="bbox 1385 1851 2454 2072">
     <span class='ocr_line' id='line_1_71' title="bbox 1471 1851 2454 1912; baseline -0.003 -10"><span class='ocrx_word' id='word_1_381' title='bbox 1471 1853 1727 1902; x_wconf 71' lang='lat' dir='ltr'><strong>Ventulum</strong></span> <span class='ocrx_word' id='word_1_382' title='bbox 1758 1852 1868 1902; x_wconf 74' lang='lat' dir='ltr'><strong>huic</strong></span> <span class='ocrx_word' id='word_1_383' title='bbox 1888 1853 1958 1901; x_wconf 75' lang='lat' dir='ltr'><strong>sic</strong></span> <span class='ocrx_word' id='word_1_384' title='bbox 1980 1851 2156 1912; x_wconf 78' lang='lat' dir='ltr'><strong>facito,</strong></span> <span class='ocrx_word' id='word_1_385' title='bbox 2177 1853 2292 1900; x_wconf 79' lang='lat' dir='ltr'><strong>dum</strong></span> <span class='ocrx_word' id='word_1_386' title='bbox 2325 1854 2454 1900; x_wconf 77' lang='lat' dir='ltr'><strong>lm-</strong></span> 
     </span>
     <span class='ocr_line' id='line_1_72' title="bbox 1385 1931 2454 1995; baseline -0.002 -16"><span class='ocrx_word' id='word_1_387' title='bbox 1385 1932 1525 1995; x_wconf 68' lang='lat' dir='ltr'><strong>wur]</strong></span> <span class='ocrx_word' id='word_1_388' title='bbox 1563 1931 2058 1994; x_wconf 79' lang='lat' dir='ltr'><strong>Demonstrativum,</strong></span> <span class='ocrx_word' id='word_1_389' title='bbox 2089 1936 2144 1979; x_wconf 93' lang='lat' dir='ltr'><strong>et</strong></span> <span class='ocrx_word' id='word_1_390' title='bbox 2179 1935 2331 1993; x_wconf 90' lang='lat' dir='ltr'><strong>gestu</strong></span> <span class='ocrx_word' id='word_1_391' title='bbox 2364 1943 2454 1977; x_wconf 85' lang='lat' dir='ltr'><strong>ex-</strong></span> 
     </span>
     <span class='ocr_line' id='line_1_73' title="bbox 1396 2008 1895 2072; baseline -0.002 -16"><span class='ocrx_word' id='word_1_392' title='bbox 1396 2008 1707 2072; x_wconf 87' lang='lat' dir='ltr'><strong>plicandum.</strong></span> <span class='ocrx_word' id='word_1_393' title='bbox 1742 2008 1895 2055; x_wconf 79' lang='lat' dir='ltr'><strong>Idem.</strong></span> 
     </span>
    </p>

    <p class='ocr_par' dir='ltr' id='par_1_18' title="bbox 1397 2081 2455 2223">
     <span class='ocr_line' id='line_1_74' title="bbox 1462 2081 2455 2147; baseline -0.005 -13"><span class='ocrx_word' id='word_1_394' title='bbox 1462 2086 1534 2133; x_wconf 81' lang='lat' dir='ltr'><strong>Et</strong></span> <span class='ocrx_word' id='word_1_395' title='bbox 1571 2085 1816 2133; x_wconf 77' lang='lat' dir='ltr'><strong>ventulum</strong></span> <span class='ocrx_word' id='word_1_396' title='bbox 1847 2083 1981 2147; x_wconf 71' lang='lat' dir='ltr'><strong>huic]</strong></span> <span class='ocrx_word' id='word_1_397' title='bbox 2037 2081 2355 2147; x_wconf 83' lang='lat' dir='ltr'><strong>conjunctio</strong></span> <span class='ocrx_word' id='word_1_398' title='bbox 2407 2086 2455 2130; x_wconf 79' lang='lat' dir='ltr'><strong>et</strong></span> 
     </span>
     <span class='ocr_line' id='line_1_75' title="bbox 1397 2156 2454 2223; baseline -0.005 -13"><span class='ocrx_word' id='word_1_399' title='bbox 1397 2173 1498 2212; x_wconf 87' lang='lat' dir='ltr'><strong>non</strong></span> <span class='ocrx_word' id='word_1_400' title='bbox 1536 2166 1620 2209; x_wconf 82' lang='lat' dir='ltr'><strong>est</strong></span> <span class='ocrx_word' id='word_1_401' title='bbox 1658 2159 1712 2207; x_wconf 90' lang='lat' dir='ltr'><strong>in</strong></span> <span class='ocrx_word' id='word_1_402' title='bbox 1748 2159 1968 2223; x_wconf 88' lang='lat' dir='ltr'><strong>antiquis</strong></span> <span class='ocrx_word' id='word_1_403' title='bbox 2007 2158 2174 2220; x_wconf 88' lang='lat' dir='ltr'><strong>libris,</strong></span> <span class='ocrx_word' id='word_1_404' title='bbox 2197 2156 2454 2206; x_wconf 87' lang='lat' dir='ltr'><strong>Bembino</strong></span> 
     </span>
    </p>
   </div>
   <div class='ocr_carea' id='block_1_6' title="bbox 1319 2234 2458 2338">
    <p class='ocr_par' dir='ltr' id='par_1_19' title="bbox 1319 2234 2458 2338">
     <span class='ocr_line' id='line_1_76' title="bbox 1319 2234 2458 2338; baseline -0.007 -48"><span class='ocrx_word' id='word_1_405' title='bbox 1319 2257 1324 2266; x_wconf 63' lang='lat'><strong>⁴</strong></span> <span class='ocrx_word' id='word_1_406' title='bbox 1397 2246 1453 2289; x_wconf 92' lang='lat' dir='ltr'><strong>et</strong></span> <span class='ocrx_word' id='word_1_407' title='bbox 1474 2239 1817 2300; x_wconf 57' lang='lat' dir='ltr'><strong>Victor-ianm</strong></span> <span class='ocrx_word' id='word_1_408' title='bbox 1851 2251 1967 2302; x_wconf 61' lang='lat' dir='ltr'><strong>quai</strong></span> <span class='ocrx_word' id='word_1_409' title='bbox 1989 2243 2046 2286; x_wconf 90' lang='lat' dir='ltr'><strong>et</strong></span> <span class='ocrx_word' id='word_1_410' title='bbox 2067 2234 2264 2338; x_wconf 76' lang='lat' dir='ltr'><strong>maJore</strong></span> <span class='ocrx_word' id='word_1_411' title='bbox 2285 2234 2458 2326; x_wconf 83' lang='lat' dir='ltr'><strong>gratia</strong></span> 
     </span>
    </p>
   </div>
   <div class='ocr_carea' id='block_1_7' title="bbox 1394 2315 2519 4293">
    <p class='ocr_par' dir='ltr' id='par_1_20' title="bbox 1394 2315 2461 2760">
     <span class='ocr_line' id='line_1_77' title="bbox 1396 2315 2461 2366; baseline -0.003 -1"><span class='ocrx_word' id='word_1_412' title='bbox 1396 2316 1565 2366; x_wconf 84' lang='lat' dir='ltr'><strong>abest.</strong></span> <span class='ocrx_word' id='word_1_413' title='bbox 1601 2315 1834 2365; x_wconf 70' lang='lat' dir='ltr'><strong>Fa&#39;e‘raus.</strong></span> <span class='ocrx_word' id='word_1_414' title='bbox 2456 2339 2461 2346; x_wconf 92' lang='lat'><em>-</em></span> 
     </span>
     <span class='ocr_line' id='line_1_78' title="bbox 1411 2385 2455 2451; baseline -0.01 -8"><span class='ocrx_word' id='word_1_415' title='bbox 1411 2423 1414 2426; x_wconf 32' lang='grc' dir='ltr'><strong>ι</strong></span> <span class='ocrx_word' id='word_1_416' title='bbox 1470 2393 1724 2443; x_wconf 78' lang='lat' dir='ltr'><strong>Ventulum</strong></span> <span class='ocrx_word' id='word_1_417' title='bbox 1744 2390 1854 2440; x_wconf 76' lang='lat' dir='ltr'><strong>huic</strong></span> <span class='ocrx_word' id='word_1_418' title='bbox 1872 2386 2134 2451; x_wconf 73' lang='lat' dir='ltr'><strong>sicsueito]</strong></span> <span class='ocrx_word' id='word_1_419' title='bbox 2172 2386 2305 2435; x_wconf 89' lang='lat' dir='ltr'><strong>Vide</strong></span> <span class='ocrx_word' id='word_1_420' title='bbox 2330 2385 2455 2434; x_wconf 83' lang='lat' dir='ltr'><strong>Sca·</strong></span> 
     </span>
     <span class='ocr_line' id='line_1_79' title="bbox 1395 2462 2457 2532; baseline -0.008 -14"><span class='ocrx_word' id='word_1_421' title='bbox 1395 2469 1545 2532; x_wconf 81' lang='lat' dir='ltr'><strong>ligeri</strong></span> <span class='ocrx_word' id='word_1_422' title='bbox 1589 2467 1979 2519; x_wconf 85' lang='lat' dir='ltr'><strong>annotationem</strong></span> <span class='ocrx_word' id='word_1_423' title='bbox 2041 2465 2095 2514; x_wconf 89' lang='lat' dir='ltr'><strong>in</strong></span> <span class='ocrx_word' id='word_1_424' title='bbox 2149 2462 2457 2527; x_wconf 67' lang='lat' dir='ltr'><strong>conjectan-</strong></span> 
     </span>
     <span class='ocr_line' id='line_1_80' title="bbox 1395 2540 2458 2608; baseline -0.007 -13"><span class='ocrx_word' id='word_1_425' title='bbox 1395 2547 1615 2597; x_wconf 85' lang='lat' dir='ltr'><strong>Varron.</strong></span> <span class='ocrx_word' id='word_1_426' title='bbox 1652 2544 1717 2593; x_wconf 90' lang='lat' dir='ltr'><strong>de</strong></span> <span class='ocrx_word' id='word_1_427' title='bbox 1754 2544 1960 2608; x_wconf 74' lang='lat' dir='ltr'><strong>phrasi3</strong></span> <span class='ocrx_word' id='word_1_428' title='bbox 2007 2543 2073 2592; x_wconf 84' lang='lat' dir='ltr'><strong>de</strong></span> <span class='ocrx_word' id='word_1_429' title='bbox 2111 2554 2170 2590; x_wconf 86' lang='lat' dir='ltr'><strong>re</strong></span> <span class='ocrx_word' id='word_1_430' title='bbox 2206 2542 2325 2604; x_wconf 79' lang='lat' dir='ltr'><strong>ipsa</strong></span> <span class='ocrx_word' id='word_1_431' title='bbox 2358 2540 2458 2589; x_wconf 85' lang='lat' dir='ltr'><strong>Oa-</strong></span> 
     </span>
     <span class='ocr_line' id='line_1_81' title="bbox 1395 2616 2457 2681; baseline -0.008 -9"><span class='ocrx_word' id='word_1_432' title='bbox 1395 2623 1542 2674; x_wconf 86' lang='lat' dir='ltr'><strong>saub.</strong></span> <span class='ocrx_word' id='word_1_433' title='bbox 1562 2622 1629 2672; x_wconf 87' lang='lat' dir='ltr'><strong>ad</strong></span> <span class='ocrx_word' id='word_1_434' title='bbox 1652 2623 1865 2671; x_wconf 85' lang='lat' dir='ltr'><strong>Sueton.</strong></span> <span class='ocrx_word' id='word_1_435' title='bbox 1889 2623 1968 2669; x_wconf 78' lang='lat'><strong>82.</strong></span> <span class='ocrx_word' id='word_1_436' title='bbox 1999 2619 2088 2669; x_wconf 91' lang='lat' dir='ltr'><strong>ubi</strong></span> <span class='ocrx_word' id='word_1_437' title='bbox 2110 2616 2323 2681; x_wconf 83' lang='lat' dir='ltr'><strong>copiose</strong></span> <span class='ocrx_word' id='word_1_438' title='bbox 2345 2630 2457 2665; x_wconf 87' lang='lat' dir='ltr'><strong>mos</strong></span> 
     </span>
     <span class='ocr_line' id='line_1_82' title="bbox 1394 2695 2382 2760; baseline -0.007 -12"><span class='ocrx_word' id='word_1_439' title='bbox 1394 2700 1485 2749; x_wconf 89' lang='lat' dir='ltr'><strong>ille</strong></span> <span class='ocrx_word' id='word_1_440' title='bbox 1503 2698 1766 2749; x_wconf 72' lang='lat' dir='ltr'><strong>ventilandi</strong></span> <span class='ocrx_word' id='word_1_441' title='bbox 1783 2697 2091 2760; x_wconf 85' lang='lat' dir='ltr'><strong>explicatur.</strong></span> <span class='ocrx_word' id='word_1_442' title='bbox 2110 2695 2382 2744; x_wconf 75' lang='lat' dir='ltr'><strong>Boectenoe.</strong></span> 
     </span>
    </p>

    <p class='ocr_par' dir='ltr' id='par_1_21' title="bbox 1397 2772 2467 3294">
     <span class='ocr_line' id='line_1_83' title="bbox 1451 2772 2459 2839; baseline -0.009 -12.91"><span class='ocrx_word' id='word_1_443' title='bbox 1451 2776 1741 2831; x_wconf 70' lang='lat' dir='ltr'><strong>Flabeuum,</strong></span> <span class='ocrx_word' id='word_1_444' title='bbox 1762 2774 1870 2839; x_wconf 56' lang='lat' dir='ltr'><strong>qma]</strong></span> <span class='ocrx_word' id='word_1_445' title='bbox 1913 2772 2076 2836; x_wconf 87' lang='lat' dir='ltr'><strong>Cujus</strong></span> <span class='ocrx_word' id='word_1_446' title='bbox 2098 2786 2220 2821; x_wconf 86' lang='lat' dir='ltr'><strong>usus</strong></span> <span class='ocrx_word' id='word_1_447' title='bbox 2241 2774 2375 2830; x_wconf 86' lang='lat' dir='ltr'><strong>erat,</strong></span> <span class='ocrx_word' id='word_1_448' title='bbox 2397 2774 2459 2818; x_wconf 89' lang='lat' dir='ltr'><strong>ut</strong></span> 
     </span>
     <span class='ocr_line' id='line_1_84' title="bbox 1398 2844 2460 2916; baseline -0.01 -13"><span class='ocrx_word' id='word_1_449' title='bbox 1398 2859 1571 2903; x_wconf 82' lang='lat' dir='ltr'><strong>astans</strong></span> <span class='ocrx_word' id='word_1_450' title='bbox 1593 2852 1780 2916; x_wconf 88' lang='lat' dir='ltr'><strong>aliquis</strong></span> <span class='ocrx_word' id='word_1_451' title='bbox 1802 2850 2066 2899; x_wconf 83' lang='lat' dir='ltr'><strong>ventulum</strong></span> <span class='ocrx_word' id='word_1_452' title='bbox 2106 2846 2343 2906; x_wconf 80' lang='lat' dir='ltr'><strong>faceret3</strong></span> <span class='ocrx_word' id='word_1_453' title='bbox 2393 2844 2460 2894; x_wconf 86' lang='lat' dir='ltr'><strong>si·</strong></span> 
     </span>
     <span class='ocr_line' id='line_1_85' title="bbox 1397 2922 2459 2991; baseline -0.008 -12"><span class='ocrx_word' id='word_1_454' title='bbox 1397 2931 1503 2979; x_wconf 87' lang='lat' dir='ltr'><strong>mul</strong></span> <span class='ocrx_word' id='word_1_455' title='bbox 1526 2926 1869 2991; x_wconf 87' lang='lat' dir='ltr'><strong>refrigerandi</strong></span> <span class='ocrx_word' id='word_1_456' title='bbox 1903 2939 2085 2975; x_wconf 87' lang='lat' dir='ltr'><strong>caussa</strong></span> <span class='ocrx_word' id='word_1_457' title='bbox 2105 2931 2161 2974; x_wconf 90' lang='lat' dir='ltr'><strong>et</strong></span> <span class='ocrx_word' id='word_1_458' title='bbox 2183 2922 2459 2986; x_wconf 89' lang='lat' dir='ltr'><strong>abigendo-</strong></span> 
     </span>
     <span class='ocr_line' id='line_1_86' title="bbox 1397 2996 2467 3062; baseline -0.007 -8"><span class='ocrx_word' id='word_1_459' title='bbox 1397 3020 1509 3054; x_wconf 84' lang='lat' dir='ltr'><strong>rum</strong></span> <span class='ocrx_word' id='word_1_460' title='bbox 1534 3004 1753 3053; x_wconf 89' lang='lat' dir='ltr'><strong>culicum</strong></span> <span class='ocrx_word' id='word_1_461' title='bbox 1776 3010 1833 3052; x_wconf 86' lang='lat' dir='ltr'><strong>et</strong></span> <span class='ocrx_word' id='word_1_462' title='bbox 1854 3014 2166 3050; x_wconf 87' lang='lat' dir='ltr'><strong>muscarum.</strong></span> <span class='ocrx_word' id='word_1_463' title='bbox 2219 2998 2353 3062; x_wconf 81' lang='grc' dir='ltr'>Παρὰ</span> <span class='ocrx_word' id='word_1_464' title='bbox 2373 2996 2467 3054; x_wconf 70' lang='grc' dir='ltr'><strong>βό·</strong></span> 
     </span>
     <span class='ocr_line' id='line_1_87' title="bbox 1398 3073 2458 3146; baseline -0.007 -16"><span class='ocrx_word' id='word_1_465' title='bbox 1398 3097 1610 3146; x_wconf 76' lang='grc' dir='ltr'><strong><em>στρυχον</em></strong></span> <span class='ocrx_word' id='word_1_466' title='bbox 1641 3079 1799 3143; x_wconf 70' lang='grc' dir='ltr'><strong><em>αὔραν,</em></strong></span> <span class='ocrx_word' id='word_1_467' title='bbox 1827 3077 1986 3141; x_wconf 76' lang='grc' dir='ltr'><em>αὔραν,</em></span> <span class='ocrx_word' id='word_1_468' title='bbox 2009 3074 2223 3137; x_wconf 69' lang='grc' dir='ltr'><strong>Ἑλένας,</strong></span> <span class='ocrx_word' id='word_1_469' title='bbox 2247 3073 2458 3132; x_wconf 73' lang='grc' dir='ltr'><strong>Ἑλένας,</strong></span> 
     </span>
     <span class='ocr_line' id='line_1_88' title="bbox 1399 3147 2459 3217; baseline -0.009 -11"><span class='ocrx_word' id='word_1_470' title='bbox 1399 3157 1599 3217; x_wconf 73' lang='grc' dir='ltr'><strong>εὐπαγεῖ</strong></span> <span class='ocrx_word' id='word_1_471' title='bbox 1638 3153 1797 3216; x_wconf 75' lang='grc' dir='ltr'><strong>κύκλῳ</strong></span> <span class='ocrx_word' id='word_1_472' title='bbox 1852 3149 2050 3214; x_wconf 73' lang='grc' dir='ltr'><strong>πτερίνῳ</strong></span> <span class='ocrx_word' id='word_1_473' title='bbox 2104 3149 2194 3214; x_wconf 71' lang='grc' dir='ltr'><strong>πρὸ</strong></span> <span class='ocrx_word' id='word_1_474' title='bbox 2236 3147 2459 3213; x_wconf 58' lang='lat' dir='ltr'><strong>‘impastos-</strong></span> 
     </span>
     <span class='ocr_line' id='line_1_89' title="bbox 1398 3226 2466 3294; baseline -0.01 -10"><span class='ocrx_word' id='word_1_475' title='bbox 1398 3234 1589 3284; x_wconf 74' lang='grc' dir='ltr'><strong><em>α’ίσσων.</em></strong></span> <span class='ocrx_word' id='word_1_476' title='bbox 1658 3230 1836 3294; x_wconf 88' lang='lat' dir='ltr'><strong>Eurip.</strong></span> <span class='ocrx_word' id='word_1_477' title='bbox 1858 3229 2035 3279; x_wconf 82' lang='lat' dir='ltr'><strong>Orest.</strong></span> <span class='ocrx_word' id='word_1_478' title='bbox 2071 3226 2353 3278; x_wconf 75' lang='lat' dir='ltr'><strong>Famabius.</strong></span> <span class='ocrx_word' id='word_1_479' title='bbox 2458 3246 2466 3265; x_wconf 67' lang='grc' dir='ltr'><strong>ι</strong></span> 
     </span>
    </p>

    <p class='ocr_par' dir='ltr' id='par_1_22' title="bbox 1399 3303 2519 3517">
     <span class='ocr_line' id='line_1_90' title="bbox 1463 3303 2457 3368; baseline -0.009 -7"><span class='ocrx_word' id='word_1_480' title='bbox 1463 3315 1530 3362; x_wconf 81' lang='grc'><strong>48</strong></span> <span class='ocrx_word' id='word_1_481' title='bbox 1568 3308 1662 3359; x_wconf 76' lang='lat' dir='ltr'><strong>Ubi</strong></span> <span class='ocrx_word' id='word_1_482' title='bbox 1696 3322 1780 3356; x_wconf 78' lang='lat' dir='ltr'><strong>nos</strong></span> <span class='ocrx_word' id='word_1_483' title='bbox 1815 3304 2094 3368; x_wconf 74' lang='lat' dir='ltr'><strong>laverimus]</strong></span> <span class='ocrx_word' id='word_1_484' title='bbox 2148 3303 2287 3352; x_wconf 87' lang='lat' dir='ltr'><strong>Vide</strong></span> <span class='ocrx_word' id='word_1_485' title='bbox 2310 3316 2457 3352; x_wconf 84' lang='lat' dir='ltr'><strong>usum</strong></span> 
     </span>
     <span class='ocr_line' id='line_1_91' title="bbox 1399 3379 2459 3443; baseline -0.009 -5"><span class='ocrx_word' id='word_1_486' title='bbox 1399 3388 1677 3438; x_wconf 70' lang='lat' dir='ltr'><strong>vei-bitem</strong></span> <span class='ocrx_word' id='word_1_487' title='bbox 1700 3382 2102 3443; x_wconf 15' lang='lat' dir='ltr'><strong>citowvariatum,</strong></span> <span class='ocrx_word' id='word_1_488' title='bbox 2125 3380 2142 3410; x_wconf 90' lang='lat'>‘</span> <span class='ocrx_word' id='word_1_489' title='bbox 2159 3379 2296 3428; x_wconf 85' lang='lat' dir='ltr'><strong>Dum</strong></span> <span class='ocrx_word' id='word_1_490' title='bbox 2318 3379 2459 3428; x_wconf 76' lang='lat' dir='ltr'><strong>lava·</strong></span> 
     </span>
     <span class='ocr_line' id='line_1_92' title="bbox 1400 3456 2519 3517; baseline -0.012 -1"><span class='ocrx_word' id='word_1_491' title='bbox 1400 3462 1563 3517; x_wconf 73' lang='lat' dir='ltr'><strong>murt&#39;</strong></span> <span class='ocrx_word' id='word_1_492' title='bbox 1597 3470 1655 3513; x_wconf 90' lang='lat' dir='ltr'><strong>et</strong></span> <span class='ocrx_word' id='word_1_493' title='bbox 1677 3463 1693 3490; x_wconf 92' lang='lat'>‘</span> <span class='ocrx_word' id='word_1_494' title='bbox 1717 3460 1822 3510; x_wconf 88' lang='lat' dir='ltr'><strong>Ubi</strong></span> <span class='ocrx_word' id='word_1_495' title='bbox 1845 3456 2157 3508; x_wconf 65' lang='lat' dir='ltr'><strong>laverimus!</strong></span> <span class='ocrx_word' id='word_1_496' title='bbox 2193 3457 2428 3505; x_wconf 67' lang='lat' dir='ltr'><strong>Donatum.</strong></span> <span class='ocrx_word' id='word_1_497' title='bbox 2514 3510 2519 3515; x_wconf 53' lang='grc'><em>,</em></span> 
     </span>
    </p>

    <p class='ocr_par' dir='ltr' id='par_1_23' title="bbox 1401 3532 2462 3758">
     <span class='ocr_line' id='line_1_93' title="bbox 1466 3532 2460 3600; baseline -0.011 -8"><span class='ocrx_word' id='word_1_498' title='bbox 1466 3541 1528 3592; x_wconf 78' lang='lat' dir='ltr'><strong>Si</strong></span> <span class='ocrx_word' id='word_1_499' title='bbox 1546 3541 1687 3597; x_wconf 78' lang='lat' dir='ltr'><strong>uoles,</strong></span> <span class='ocrx_word' id='word_1_500' title='bbox 1709 3536 1889 3600; x_wconf 70' lang='lat' dir='ltr'><strong>hnuto]</strong></span> <span class='ocrx_word' id='word_1_501' title='bbox 1947 3535 2110 3587; x_wconf 79' lang='lat' dir='ltr'><strong>Quasi</strong></span> <span class='ocrx_word' id='word_1_502' title='bbox 2135 3532 2460 3583; x_wconf 84' lang='lat' dir='ltr'><strong>satisfacien-</strong></span> 
     </span>
     <span class='ocr_line' id='line_1_94' title="bbox 1401 3611 2462 3680; baseline -0.011 -11"><span class='ocrx_word' id='word_1_503' title='bbox 1401 3618 1469 3668; x_wconf 85' lang='lat' dir='ltr'><strong>tis</strong></span> <span class='ocrx_word' id='word_1_504' title='bbox 1507 3623 1606 3680; x_wconf 89' lang='lat' dir='ltr'><strong>est,</strong></span> <span class='ocrx_word' id='word_1_505' title='bbox 1630 3630 1748 3666; x_wconf 88' lang='lat' dir='ltr'><strong>cum</strong></span> <span class='ocrx_word' id='word_1_506' title='bbox 1782 3614 1941 3663; x_wconf 85' lang='lat' dir='ltr'><strong>solum</strong></span> <span class='ocrx_word' id='word_1_507' title='bbox 1981 3611 2125 3661; x_wconf 90' lang='lat' dir='ltr'><strong>illum</strong></span> <span class='ocrx_word' id='word_1_508' title='bbox 2164 3611 2462 3674; x_wconf 86' lang='lat' dir='ltr'><strong>relinquant</strong></span> 
     </span>
     <span class='ocr_line' id='line_1_95' title="bbox 1401 3692 1941 3758; baseline -0.015 -11"><span class='ocrx_word' id='word_1_509' title='bbox 1401 3711 1519 3746; x_wconf 85' lang='lat' dir='ltr'><strong>cum</strong></span> <span class='ocrx_word' id='word_1_510' title='bbox 1542 3695 1759 3758; x_wconf 85' lang='lat' dir='ltr'><strong>virgine.</strong></span> <span class='ocrx_word' id='word_1_511' title='bbox 1792 3692 1941 3740; x_wconf 75' lang='lat' dir='ltr'><strong>Idem.</strong></span> 
     </span>
    </p>

    <p class='ocr_par' dir='ltr' id='par_1_24' title="bbox 1401 3763 2463 4052">
     <span class='ocr_line' id='line_1_96' title="bbox 1466 3763 2460 3834; baseline -0.008 -13"><span class='ocrx_word' id='word_1_512' title='bbox 1466 3771 1666 3834; x_wconf 79' lang='lat' dir='ltr'><strong>Accipio</strong></span> <span class='ocrx_word' id='word_1_513' title='bbox 1687 3766 1864 3830; x_wconf 77' lang='lat' dir='ltr'><strong>tristis]</strong></span> <span class='ocrx_word' id='word_1_514' title='bbox 1916 3765 1980 3814; x_wconf 90' lang='lat' dir='ltr'><strong>Id</strong></span> <span class='ocrx_word' id='word_1_515' title='bbox 2020 3770 2123 3826; x_wconf 88' lang='lat' dir='ltr'><strong>est,</strong></span> <span class='ocrx_word' id='word_1_516' title='bbox 2145 3763 2284 3813; x_wconf 85' lang='lat' dir='ltr'><strong>tristi</strong></span> <span class='ocrx_word' id='word_1_517' title='bbox 2321 3763 2460 3813; x_wconf 85' lang='lat' dir='ltr'><strong>simi·</strong></span> 
     </span>
     <span class='ocr_line' id='line_1_97' title="bbox 1401 3839 2462 3908; baseline -0.01 -10"><span class='ocrx_word' id='word_1_518' title='bbox 1401 3850 1498 3898; x_wconf 83' lang='lat' dir='ltr'><strong>lis:</strong></span> <span class='ocrx_word' id='word_1_519' title='bbox 1552 3855 1629 3905; x_wconf 88' lang='lat' dir='ltr'><strong>ut,</strong></span> <span class='ocrx_word' id='word_1_520' title='bbox 1666 3847 1682 3875; x_wconf 88' lang='lat'>‘</span> <span class='ocrx_word' id='word_1_521' title='bbox 1708 3846 1948 3908; x_wconf 84' lang='lat' dir='ltr'><strong>Namque</strong></span> <span class='ocrx_word' id='word_1_522' title='bbox 1986 3849 2048 3890; x_wconf 90' lang='lat' dir='ltr'><strong>ut</strong></span> <span class='ocrx_word' id='word_1_523' title='bbox 2087 3848 2371 3904; x_wconf 82' lang='lat' dir='ltr'><strong>conspectu</strong></span> <span class='ocrx_word' id='word_1_524' title='bbox 2408 3839 2462 3888; x_wconf 87' lang='lat' dir='ltr'><strong>in</strong></span> 
     </span>
     <span class='ocr_line' id='line_1_98' title="bbox 1402 3914 2463 3976; baseline -0.009 0"><span class='ocrx_word' id='word_1_525' title='bbox 1402 3925 1574 3976; x_wconf 88' lang='lat' dir='ltr'><strong>medio</strong></span> <span class='ocrx_word' id='word_1_526' title='bbox 1625 3921 1862 3973; x_wconf 84' lang='lat' dir='ltr'><strong>turbatus</strong></span> <span class='ocrx_word' id='word_1_527' title='bbox 1916 3917 2127 3968; x_wconf 86' lang='lat' dir='ltr'><strong>inermis</strong></span> <span class='ocrx_word' id='word_1_528' title='bbox 2173 3914 2463 3967; x_wconf 63' lang='lat' dir='ltr'><strong>Constitit!</strong></span> 
     </span>
     <span class='ocr_line' id='line_1_99' title="bbox 1402 4003 1557 4052; baseline -0.022 1"><span class='ocrx_word' id='word_1_529' title='bbox 1402 4003 1557 4052; x_wconf 79' lang='lat' dir='ltr'><strong>Idem.</strong></span> 
     </span>
    </p>

    <p class='ocr_par' dir='ltr' id='par_1_25' title="bbox 1403 4067 2461 4283">
     <span class='ocr_line' id='line_1_100' title="bbox 1466 4067 2460 4141; baseline -0.013 -13"><span class='ocrx_word' id='word_1_530' title='bbox 1466 4077 1664 4141; x_wconf 74' lang='lat' dir='ltr'><strong>Accipio</strong></span> <span class='ocrx_word' id='word_1_531' title='bbox 1701 4071 1879 4135; x_wconf 70' lang='lat' dir='ltr'><strong>tristis]</strong></span> <span class='ocrx_word' id='word_1_532' title='bbox 1935 4070 2083 4121; x_wconf 86' lang='lat' dir='ltr'><strong>Bene</strong></span> <span class='ocrx_word' id='word_1_533' title='bbox 2121 4067 2314 4124; x_wconf 71' lang='lat' dir='ltr'><strong>Tristis,</strong></span> <span class='ocrx_word' id='word_1_534' title='bbox 2347 4072 2460 4116; x_wconf 89' lang='lat' dir='ltr'><strong>tan·</strong></span> 
     </span>
     <span class='ocr_line' id='line_1_101' title="bbox 1404 4145 2462 4223; baseline -0.01 -17"><span class='ocrx_word' id='word_1_535' title='bbox 1404 4170 1559 4223; x_wconf 86' lang='lat' dir='ltr'><strong>quam</strong></span> <span class='ocrx_word' id='word_1_536' title='bbox 1582 4151 1724 4202; x_wconf 89' lang='lat' dir='ltr'><strong>aliud</strong></span> <span class='ocrx_word' id='word_1_537' title='bbox 1747 4151 1905 4212; x_wconf 84' lang='lat' dir='ltr'><strong>magis</strong></span> <span class='ocrx_word' id='word_1_538' title='bbox 1942 4145 2120 4207; x_wconf 89' lang='lat' dir='ltr'><strong>vellet,</strong></span> <span class='ocrx_word' id='word_1_539' title='bbox 2140 4145 2236 4194; x_wconf 87' lang='lat' dir='ltr'><strong>hoc</strong></span> <span class='ocrx_word' id='word_1_540' title='bbox 2272 4152 2373 4208; x_wconf 90' lang='lat' dir='ltr'><strong>est,</strong></span> <span class='ocrx_word' id='word_1_541' title='bbox 2395 4146 2462 4196; x_wconf 85' lang='lat' dir='ltr'><strong>la·</strong></span> 
     </span>
     <span class='ocr_line' id='line_1_102' title="bbox 1403 4221 2461 4293; baseline -0.011 -10"><span class='ocrx_word' id='word_1_542' title='bbox 1403 4247 1548 4293; x_wconf 80' lang='lat' dir='ltr'><strong>vare,</strong></span> <span class='ocrx_word' id='word_1_543' title='bbox 1589 4238 1679 4279; x_wconf 92' lang='lat' dir='ltr'><strong>aut</strong></span> <span class='ocrx_word' id='word_1_544' title='bbox 1721 4226 1939 4276; x_wconf 74' lang='lat' dir='ltr'><strong>luderte</strong></span> <span class='ocrx_word' id='word_1_545' title='bbox 1992 4222 2180 4272; x_wconf 85' lang='lat' dir='ltr'><strong>metuit</strong></span> <span class='ocrx_word' id='word_1_546' title='bbox 2214 4221 2349 4270; x_wconf 89' lang='lat' dir='ltr'><strong>enim</strong></span> <span class='ocrx_word' id='word_1_547' title='bbox 2397 4238 2461 4273; x_wconf 87' lang='lat' dir='ltr'><strong>ne</strong></span> 
     </span>
    </p>
   </div>
   <div class='ocr_carea' id='block_1_8' title="bbox 1404 4299 2473 4376">
    <p class='ocr_par' dir='ltr' id='par_1_26' title="bbox 1404 4299 2473 4376">
     <span class='ocr_line' id='line_1_103' title="bbox 1404 4299 2473 4376; baseline -0.011 -13"><span class='ocrx_word' id='word_1_548' title='bbox 1404 4308 1542 4376; x_wconf 84' lang='lat' dir='ltr'><strong>quod</strong></span> <span class='ocrx_word' id='word_1_549' title='bbox 1564 4305 1729 4372; x_wconf 87' lang='lat' dir='ltr'><strong>cupit,</strong></span> <span class='ocrx_word' id='word_1_550' title='bbox 1752 4301 2006 4370; x_wconf 82' lang='lat' dir='ltr'><strong>prodatur</strong></span> <span class='ocrx_word' id='word_1_551' title='bbox 2027 4299 2236 4365; x_wconf 87' lang='lat' dir='ltr'><strong>gaudio.</strong></span> <span class='ocrx_word' id='word_1_552' title='bbox 2271 4299 2420 4353; x_wconf 74' lang='lat' dir='ltr'><strong>Idm</strong></span> <span class='ocrx_word' id='word_1_553' title='bbox 2464 4327 2473 4351; x_wconf 64' lang='grc' dir='ltr'><strong>ι</strong></span> 
     </span>
    </p>
   </div>
  </div>
 </body>
</html>
