3035 4941
560 400 926 451 ‘rnnswru
962 391 1612 464 ‚nnAvroN'rmom
1658 401 1823 450 Αοτ.
1869 403 1971 450 lv.
2017 403 2124 451 sc.
2172 403 2223 452 1.
2311 379 2485 453 1355

303 543 584 595 Farnobium
1103 574 1109 582 ,

359 622 428 671 Et
447 620 583 684 dedi]
620 621 736 671 Non
773 618 955 669 sustuli
986 619 1229 683 puellam,
1262 619 1351 671 sed

206 717 211 726 ·
299 697 414 747 dedi
441 698 561 747 anui
582 696 955 760 exponendam.
989 697 1140 745 Idem.

357 778 419 824 17
445 776 731 839 osuppiter
748 780 990 824 tantumn
1010 788 1111 823 esse
1125 774 1178 823 in
1193 774 1353 824 annno

296 852 557 915 inscitiam]
590 853 822 916 Impetus
850 852 931 901 bic
963 859 1045 901 est
1071 851 1352 901 iracundie

296 929 487 986 senilis,
526 929 595 978 ob
633 935 864 992 spretum
899 927 1145 978 edictum.
1177 925 1353 991 ἐπαίρει

293 1003 521 1055 τὸπάθος
537 1003 810 1068 ἐκφωνήσει.
844 1007 1097 1070 longeque
1130 1005 1243 1068 plus
1272 1005 1349 1053 di·

297 1082 403 1142 citg
451 1086 638 1130 tantam
680 1083 731 1129 in
766 1080 920 1130 auimo
957 1096 1057 1131 esse
1090 1081 1348 1138 inscitiam,

294 1172 447 1222 qnam
471 1158 515 1207 si
535 1158 820 1220 posuisset:
844 1162 1082 1206 tantamne
1101 1172 1199 1206 esse
1220 1162 1350 1206 tum

294 1233 557 1284 inscitiam·
591 1233 703 1283 scil.
731 1233 979 1283 credibile
1017 1242 1116 1296 est,
1147 1232 1229 1282 fas
1252 1238 1352 1294 est,

294 1310 468 1361 decet.
519 1309 788 1359 Inscitiam
810 1311 942 1359 hanc
964 1308 1211 1359 describit
1231 1308 1348 1357 'sub-

293 1386 436 1448 inde‚
469 1388 712 1450 neglectu
742 1386 899 1449 juris,
926 1394 980 1436 et
1014 1384 1249 1438 socordia
1268 1384 1349 1434 fu-

292 1466 415 1516 turi.
453 1465 716 1514 Boeczems.

356 1545 422 1591 19
458 1542 673 1591 Insciens
699 1539 828 1602 feci]
887 1540 1130 1591 Suaviter
1171 1543 1348 1607 poeta,

291 1617 546 1668 inscitiam
590 1632 635 1665 s.
676 1617 999 1666 inscientiam
1047 1619 1130 1668 bic
1165 1619 1347 1670 distin·

290 1696 434 1760 guin
467 1701 720 1759 quatenns
747 1694 962 1743 alterum
987 1710 1146 1758 genus
1167 1698 1233 1746 ad
1260 1713 1348 1749 ve·

290 1773 429 1821 niam
470 1771 627 1833 valet,
660 1777 714 1818 et
748 1771 1068 1833 propositum
1102 1774 1348 1836 peccandi

285 1855 480 1911 πεζαῖς
518 1848 737 1897 alterum
781 1847 978 1909 supinoe
1017 1850 1346 1912 negligentias

282 1926 499 1988 eulpam
544 1922 818 1985 significat.
874 1938 988 1988 quae
1034 1926 1231 1976 comice
1291 1934 1348 1976 et

287 2001 534 2064 apposite
567 2000 650 2048 hic
690 2006 1099 2051 commutantur:
1140 2003 1346 2067 qnando

281 2090 468 2137 senex,
497 2082 709 2138 arrepta
730 2077 1001 2127 occasione
1028 2078 1186 2136 vocis,
1220 2094 1345 2129 uxo·

283 2167 396 2203 rem
432 2154 527 2213 ait,
567 2153 582 2180 ‘
606 2152 919 2202 Inscientem
964 2161 1120 2219 atque
1153 2156 1348 2220 impru-

283 2230 502 2281 dentem
525 2228 699 2277 dicere
722 2243 783 2276 ac
804 2227 977 2278 facere
999 2230 1202 2281 omnia?
1223 2249 1348 2296 πορι-

283 2304 462 2371 φρόσει
481 2308 570 2364 τῆς
589 2304 820 2367 ἀβλσψίαε
841 2306 1079 2372 αὔξητικῇ.
1113 2309 1264 2358 Idem.

353 2387 418 2434 21
479 2384 573 2432 Tot
596 2387 787 2446 peccata
823 2383 873 2431 in
911 2382 997 2431 huc
1028 2397 1084 2432 re
1120 2384 1353 2448 ostendis}

285 2460 555 2517 Admirati
584 2460 667 2510 bic
695 2460 819 2511 licet
853 2462 1144 2525 exemplum
1179 2462 1345 2527 copiae

282 2539 637 2602 Terentianae,
665 2539 718 2587 in
759 2537 1119 2600 amplificando
1152 2555 1346 2604 augen-

284 2596 476 2680 doque.
498 2614 614 2663 duae
636 2614 975 2667 accusationis
997 2621 1173 2679 partes
1196 2624 1346 2666 sunt=

288 2692 433 2756 qnod
455 2707 557 2740 non
573 2692 696 2740 satis
712 2683 962 2742 obsecuta
984 2701 1125 2744 esset
1149 2695 1347 2744 Sostra·

286 2778 364 2836 ta,
385 2777 443 2820 et
472 2769 610 2834 qnod
643 2784 747 2819 non
777 2771 901 2819 satis
930 2771 1261 2835 providisset.
1293 2779 1348 2821 at

288 2848 382 2897 ille
418 2846 765 2911 multiplicat:
791 2850 806 2874 ‘
823 2848 924 2896 Tot
943 2854 1157 2910 peccata
1178 2847 1230 2896 in
1251 2848 1347 2898 hac

284 2923 652 2977 'reostendisz’
702 2924 845 2987 quasi
888 2938 979 2987 per
1016 2925 1214 2988 singula
1251 2926 1349 2975 cri-

285 3015 433 3061 men,
457 3007 514 3049 et
547 3000 754 3064 quidem
785 3001 836 3048 in
872 3015 973 3049 una
1009 3015 1083 3064 re,
1107 3002 1352 3064 proderet

287 3092 357 3127 ac
414 3076 785 3136 ‘ostenderet,’
839 3077 948 3125 sive
1010 3080 1348 3139 spectandum

287 3154 527 3205 omnibus
549 3153 839 3214 exhiberet,
866 3168 977 3218 qnae
1004 3168 1243 3216 peccasse
1276 3155 1351 3204 di-

281 3233 442 3282 eitur.
462 3237 522 3299 et
536 3230 648 3293 jam
665 3244 782 3280 cnm
802 3237 1074 3291 apparatu,
1092 3237 1149 3278 ut
1171 3231 1222 3278 in
1241 3231 1352 3279 lon-

286 3322 359 3371 ga
393 3306 705 3371 partitione:
755 3306 770 3333 ‘
792 3307 947 3367 Nam,
968 3306 1073 3369 ,iam
1114 3307 1350 3369 primum,

287 3383 372 3446 ai,'
401 3387 500 3433 διο.
522 3388 580 3431 ut
596 3383 759 3431 multa
774 3388 1164 3430 enumeraturus
1181 3382 1351 3441 videa·

290 3467 403 3521 tur,
449 3458 538 3522 qni
583 3456 864 3520 ‘primum'
909 3464 1013 3506 tam
1054 3465 1351 3508 asseverate

294 3535 486 3599 signat.
510 3532 632 3582 inde
654 3533 868 3595 imperia
889 3533 1132 3596 loquitur,
1148 3549 1260 3597 quae
1284 3533 1350 3583 ad

292 3619 525 3662 mentem
555 3607 792 3672 jubentis
821 3607 1053 3671 obsequi,
1075 3623 1175 3656 non
1199 3609 1352 3657 inter-

292 3686 553 3754 pretando
574 3684 897 3743 imminuere,
916 3698 1044 3746 opus
1070 3684 1157 3734 sit.
1222 3683 1352 3734 Adi·

296 3767 393 3819 mit
417 3762 658 3829 praesidia
679 3761 1019 3811 excusationis
1044 3762 1097 3833 iu
1129 3768 1352 3825 utraque

295 3840 640 3895 accusationis
679 3845 844 3902 parte.
924 3837 1176 3899 Primum,
1214 3838 1352 3903 quod

297 3922 565 3988 potentius
585 3927 722 3979 erat,
751 3916 929 3967 favore
947 3919 1102 3968 animi
1118 3918 1358 3974 materni,

294 4001 572 4062 ingruente
614 3994 827 4044 alterius
870 3994 1101 4043 criminis
1145 4010 1355 4045 accusa-

293 4079 458 4137 tione,
491 4073 652 4125 velnti
677 4071 965 4137 convolvit3
987 4086 1086 4120 non
1110 4074 1218 4121 sine
1241 4087 1355 4122 ora·

297 4153 431 4203 torio
465 4148 715 4207 artificio;
753 4153 863 4195 tum
884 4146 1019 4209 quod
1040 4146 1225 4195 iterum
1251 4147 1353 4197 dici

296 4235 526 4295 poterat,
549 4225 615 4273 de
654 4223 758 4273 vita
795 4222 975 4288 quovis
1013 4223 1184 4284 pretio
1219 4223 1355 4272 redi·

275 4298 483 4367 'menda
532 4299 902 4365 servandaque,
944 4299 1355 4353 constantissime

1428 550 1619 607 negat:
1652 557 1753 593 nou
1773 558 1925 594 ansus
1944 550 2138 607 tamen,
2155 544 2292 609 quod
2315 546 2487 610 ipsum

1425 619 1563 669 inter
1584 627 1846 683 artant,
1868 635 2048 671 causas
2079 628 2341 681 tractare3
2375 622 2485 685 sed,

1428 695 1742 760 amplificata
1765 697 1913 759 thesi,
1948 697 2306 764 frequentibus
2329 705 2387 748 et
2406 698 2486 749 af·

1425 773 1748 825 firmantibus
1798 776 2006 827 verbis:
2062 777 2332 840 imperitos
2377 793 2482 829 non

1425 865 1614 915 capere
1644 852 1935 902 discrimina
1966 867 2139 903 rernm
2164 855 2484 918 expetenda-

1425 941 1536 977 rum
1560 934 1616 978 et
1648 927 2038 992 fugiendarnm3
2069 921 2379 995 neque‘eas,
2400 931 2480 980 nti

1422 1011 1651 1068 oportet,
1673 1019 1994 1069 comparare.
2028 1008 2179 1056 Idem.

1484 1085 1549 1131 25
1585 1082 1727 1145 Spem
1761 1082 1899 1146 vite]
1943 1083 2154 1134 Scilicet
2188 1098 2291 1133 non
2327 1099 2482 1148 opor..

1422 1157 1526 1207 tuit
1566 1157 1807 1208 simulare
1861 1173 1918 1208 re
1962 1159 2091 1222 ipsa,
2148 1159 2238 1208 sed
2296 1160 2483 1209 verbis.

1422 1231 1561 1282 Huic
1585 1232 1956 1297 respondetur:
1991 1234 2006 1261 ‘
2028 1236 2195 1285 Quam
2229 1235 2361 1285 bene
2385 1236 2484 1286 aba

1423 1316 1478 1359 te
1511 1318 1840 1374 prospectum
1874 1309 1990 1372 est‚’
2020 1314 2119 1362 ὅτε.
2186 1311 2340 1361 Unde
2373 1314 2485 1376 epi—

1421 1386 1651 1450 logorum
1687 1388 1804 1437 loco
1836 1386 2139 1450 adjunctum
2177 1395 2275 1450 est,
2318 1402 2482 1452 quan·

1422 1468 1528 1511 tum
1561 1462 1863 1513 incommodi
1891 1471 2225 1513 consecutum
2260 1461 2345 1514 sit.
2382 1465 2490 1513 Ett—

1417 1540 1671 1603 graphius.

1483 1620 1550 1666 24
1584 1616 1939 1679 Misericordia,
1959 1617 2075 1681 qm]
2108 1618 2302 1669 Verum
2336 1625 2390 1669 te
2414 1620 2490 1669 ad

1419 1692 1822 1741 misericordiam
1867 1693 2031 1742 movit
2071 1694 2229 1743 credo
2274 1696 2478 1745 animus

1420 1776 1704 1818 maternus.
1772 1769 1999 1819 Matrum
2040 1779 2211 1819 antem
2256 1768 2478 1821 affectus

1420 1845 1581 1908 major
1604 1859 1756 1909 qnam
1781 1852 2006 1908 patrum.
2074 1847 2224 1897 Quod
2251 1862 2367 1898 cum
2403 1850 2486 1898 la-

1419 1923 1546 1972 bore
1588 1920 1667 1983 fit,
1712 1921 1874 1985 magis
1928 1921 2176 1984 diligitur,
2221 1931 2281 1972 ut
2320 1922 2478 1974 habet

1419 1999 1750 2060 Aristoteles,
1795 1998 1966 2048 Etbic.
2006 1999 2209 2047 Nicom.
2260 1998 2350 2048 lib.
2395 2012 2479 2049 tx.

1418 2084 1575 2139 atque
1597 2075 1716 2124 ideo
1738 2081 1929 2136 matres
1951 2073 2086 2122 filios
2106 2074 2265 2136 magis
2282 2085 2480 2138 amant,

1419 2155 1544 2218 quia
1577 2159 1754 2215 partus
1789 2151 1991 2201 labores
2015 2152 2077 2200 iis
2111 2159 2231 2200 sunt
2271 2166 2477 2217 graves,

1419 2235 1476 2277 et
1502 2228 1697 2278 certius
1724 2227 1895 2277 sciunt
1930 2227 2127 2291 prolem
2164 2241 2280 2277 esse
2314 2240 2479 2278 suam.

1420 2306 1705 2356 Far-nabin.

1482 2385 1546 2431 25
1582 2381 1739 2438 Quam
1758 2379 1871 2432 bene
1891 2395 2000 2430 vero
2020 2381 2102 2431 aba
2119 2386 2170 2431 te
2186 2387 2481 2445 pmpecenm

1419 2462 1531 2509 ent?
1558 2457 1920 2522 quidvoluisti?
1961 2458 2145 2520 cogita]
2192 2459 2484 2511 Instantius

1421 2536 1553 2600 agit,
1569 2543 1626 2585 et
1647 2535 1863 2584 ironiam
1883 2523 2377 2598 interrogationib'ns
2394 2549 2483 2584 cn·

1422 2614 1610 2663 mulat.
1644 2614 1905 2663 Bou-lem.

1485 2695 1552 2739 26
1587 2691 1768 2754 Nempe
1788 2690 1922 2745 anui,
1939 2691 2043 2754 ξω]
2069 2690 2277 2753 Nempe
2296 2695 2386 2738 tna
2403 2695 2481 2739 at·
2527 2714 2538 2735 t

1423 2780 1527 2831 que
1551 2781 1679 2816 anus
1716 2766 1856 2816 illins
1896 2766 2189 2830 proditione
2215 2774 2482 2815 reservata

1423 2851 1521 2906 est,
1544 2852 1601 2893 ut
1625 2848 1876 2907 quaestnm
1911 2842 2111 2892 faceret
2140 2840 2377 2905 corpore,
2400 2843 2482 2891 vel

1426 2919 1639 2969 venialis
1663 2927 2013 2980 exponeretur
2044 2920 2096 2969 in
2129 2933 2337 2983 gravem
2372 2935 2484 2969 ser·

1427 2998 1661 3047 vitutem.
1697 2997 1980 3046 Farnobium.

1488 3080 1556 3125 29
1591 3076 1723 3132 Quia
1750 3090 1857 3124 cuns
1886 3075 2007 3138 iuis]
2057 3075 2246 3124 Sensus
2283 3076 2367 3124 bic
2390 3077 2485 3125 ob-

1426 3153 1728 3202 scuritatem
1761 3151 1940 3212 babet,
1962 3151 2048 3215 qui
2078 3151 2198 3200 talis
2228 3158 2341 3200 est2
2377 3153 2488 3200 Ex-

1427 3228 1601 3291 posita
1638 3228 1735 3278 tibi
1772 3235 1852 3276 est
1888 3226 2011 3290 filia,
2038 3234 2281 3291 suscepta
2317 3228 2381 3277 ab
2420 3243 2485 3278 ea

1428 3319 1546 3368 φιτ.
1591 3304 1839 3367 pudorem
1880 3301 2000 3351 filiae
2057 3309 2159 3352 tuoe
2204 3304 2484 3355 venderett

1427 3380 1520 3430 sed
1545 3389 1600 3429 tu
1622 3379 1886 3443 cogitasti,
1909 3380 2032 3428 satis
2054 3393 2187 3442 esse,
2207 3379 2486 3429 dnmmodo

1427 3459 1643 3506 viveret.
1711 3457 1825 3517 Ego
1848 3470 1982 3504 nunc
2005 3469 2161 3518 cogor
2184 3469 2295 3503 earn
2321 3457 2486 3505 susci-

1429 3548 1570 3598 pere,
1583 3531 1674 3580 sed
1695 3530 1975 3579 defendere
1994 3531 2103 3595 ejus
2123 3530 2367 3595 pudorem
2381 3545 2485 3581 non

1429 3623 1656 3673 possum.
1689 3607 2008 3670 Eum-apitius.

1497 3691 1629 3746 Quid
1650 3703 1757 3737 cum
1776 3688 1877 3736 iuis
1897 3686 2036 3749 agas]
2081 3687 2193 3736 Sibi
2223 3687 2354 3737 dicit
2379 3690 2486 3738 vio·

1426 3766 1537 3814 lata
1571 3764 1677 3813 filia
1715 3764 1904 3812 nullam
1942 3777 2057 3811 esse
2094 3777 2247 3827 posse
2287 3763 2488 3814 vindic·

1429 3850 1555 3892 taut.
1590 3841 1744 3890 Idem.

1497 3917 1630 3973 Quid
1662 3928 1767 3964 cum
1799 3913 1900 3962 illis
1932 3927 2070 3974 ogas,
2102 3914 2183 3974 qui
2214 3928 2359 3976 neque
2380 3914 2489 3977 juro]

1429 3995 1562 4045 Haec
1586 3992 1654 4042 ad
1686 3990 2085 4053 descriptionem
2121 3989 2336 4038 inscitiae
2372 4005 2489 4054 per·

1431 4071 1617 4129 tinent,
1641 4082 1793 4132 quam
1832 4066 2080 4114 Sostratae
2114 4065 2359 4114 Chremes
2399 4068 2489 4114 tri-

1428 4147 1562 4208 buit,
1586 4153 1644 4194 ut
1666 4143 1915 4206 coepimus
1940 4142 2116 4193 dicere
2137 4158 2151 4201 3
2198 4150 2251 4191 et
2283 4148 2488 4203 πληθυν-

1426 4224 1565 4272 τικῶς
1596 4218 1900 4280 efferuntur,
1923 4217 2334 4282 amplificationis
2369 4233 2489 4269 cau·-

1429 4314 1504 4349 sa.
1529 4314 1583 4363 q.
1606 4292 1659 4346 dt
1684 4310 1781 4346 non
1806 4302 1981 4360 potest
2001 4309 2116 4345 oum
2138 4294 2238 4345 illis
2259 4294 2490 4360 disputa-
