3035 4941
520 381 691 447 16:32

518 547 727 600 cuntur,
750 535 836 601 qui
867 533 1140 599 explendae
1175 535 1423 586 centuriae
1461 549 1577 599 gra·

1222 392 1440 440 NO'rAE.
1492 390 1892 440 vAluoRUM
1943 388 2025 438 IN

1720 532 1853 597 Age]
1909 530 2095 581 Potuit
2133 529 2310 582 dicere
2348 543 2480 593 vero,
2515 532 2610 578 ant
2640 528 2732 578 ita.

518 619 593 669 tia
634 614 915 680 subjiciunt
958 627 1012 661 se
1055 612 1122 662 ad
1162 615 1578 677 supplementum
1658 610 1751 660 sed
1765 623 1864 671 age
1886 608 2040 670 dixit,
2061 606 2199 682 quod
2227 606 2445 657 verbum
2473 605 2579 654 vim
2610 605 2730 655 hor·

519 694 769 747 ordinum.
838 691 907 740 Et
939 696 1021 740 est
1044 690 1316 740 translatio
1338 706 1368 739 a
1390 705 1447 739 re
1486 689 1580 738 mi·
1659 686 1822 736 tantis
1841 684 2114 734 maximam
2139 682 2361 749 praebet.
2399 682 2559 731 Idem.

520 771 674 824 litari.
706 770 944 820 Donatus.

1384 917 1699 1022 Ac'rus
1778 954 1881 1021 11.

583 1145 766 1195 Scmu
788 1158 828 1194 1.
863 1144 1083 1194 Constat
1098 1142 1393 1194 Trochaicis
1410 1149 1583 1209 septe·

522 1223 700 1283 uariis„
719 1227 775 1271 et
789 1220 1022 1284 iambicis
1037 1219 1335 1269 Octonariis
1353 1234 1414 1269 ac
1432 1233 1581 1269 sena-

524 1299 629 1349 riis.
669 1315 742 1350 vs.
756 1304 805 1349 6.
820 1312 953 1346 unus
972 1297 1104 1346 Mss.
1125 1312 1188 1346 an
1209 1296 1292 1346 hec
1311 1297 1472 1346 dicent
1493 1296 1583 1346 mi·

1662 1141 1678 1170 ‘
1695 1143 1980 1207 Quousque
1995 1139 2203 1190 tandem
2225 1137 2467 1202 abutere,
2485 1134 2738 1212 Catilina,

1663 1218 1917 1285 patientia
1938 1216 2176 1268 nostra?’
2209 1215 2359 1265 Idem.

1730 1296 1871 1345 Itane
1891 1295 2105 1360 tandem]
2140 1294 2252 1348 ,Hic
2287 1299 2433 1343 totus
2467 1304 2654 1341 versus
2684 1288 2739 1338 in

520 1375 592 1425 ai.
626 1389 701 1424 νε.
724 1378 774 1423 θ.
799 1372 935 1422 duo:
970 1372 1111 1421 audio
1141 1377 1188 1422 et
1209 1372 1392 1431 fateor.
1429 1387 1506 1423 νε.
1530 1375 1581 1422 9.
1661 1374 1762 1424 hoc
1786 1379 1889 1435 est,
1911 1387 1973 1421 an
1997 1370 2197 1421 factum
2227 1369 2324 1421 sit:
2365 1357 2496 1434 quid
2535 1365 2742 1416 factum

525 1464 691 1501 unus:
743 1450 828 1498 hoc
849 1448 967 1497 mihi
1000 1448 1192 1498 accidit.
1237 1462 1316 1499 vs.
1344 1453 1421 1498 11.
1446 1448 1578 1499 dno:

514 1540 629 1575 »cum
645 1525 861 1575 secundoe
879 1539 958 1577 res
976 1528 1104 1580 sunt,
1125 1529 1226 1573 tum
1240 1525 1442 1575 maxime
1458 1525 1584 1576 med.

525 1619 600 1654 νε.
623 1608 702 1653 16.
727 1617 854 1652 unus
877 1618 890 1650 τ
927 1606 1164 1664 reputare.
1205 1615 1278 1651 vs.
1302 1605 1381 1651 19.
1413 1615 1581 1651 unus:

524 1682 786 1731 molendum
820 1678 939 1727 milui
971 1683 1045 1729 est
1078 1693 1220 1742 usque
1261 1679 1325 1736 in,
1355 1677 1583 1742 pistrino.

525 1760 688 1807 alter:
726 1756 989 1806 molendum
1021 1755 1140 1804 mihi
1167 1770 1266 1805 esse
1287 1755 1390 1805 υ.ι”.
1411 1770 1462 1819 p.
1506 1770 1586 1807 νε.

521 1839 606 1885 20.
649 1847 779 1883 nnus
803 1831 998 1881 omittit
1023 1828 1082 1879 τὸ
1105 1831 1365 1894 quicquam.
1406 1845 1484 1881 νε.
1504 1835 1587 1882 25.

523 1925 693 1961 unns:
747 1912 930 1959 salvum
962 1913 1009 1957 te
1043 1908 1267 1958 advenire
1288 1909 1491 1971 gaudeo.
1512 1909 1587 1958 al-

526 1997 644 2038 ter:
678 1987 858 2036 salvum
880 1985 1126 2035 tevenire.
1187 1999 1263 2035 νε.
1301 1987 1384 2035 80.
1421 1998 1582 2034 unus:

522 2079 673 2127 egone
692 2064 767 2113 illi
785 2076 1093 2113 succenseam.
1123 2061 1285 2111 alter:
1335 2077 1455 2125 egon
1491 2077 1585 2112 non

522 2142 600 2192 illi
620 2158 660 2193 s.
707 2156 781 2190 vs.
803 2144 886 2191 87.
909 2153 1073 2189 unus:
1107 2154 1214 2188 cum
1232 2139 1316 2188 ille
1334 2141 1487 2203 adest,
1506 2139 1586 2190 hic

519 2236 600 2284 pr.
621 2233 666 2270 e.
692 2219 827 2268 duo:
863 2216 1069 2267 camille
1088 2217 1237 2280 abest,
1255 2217 1334 2267 liic
1349 2232 1401 2280 p.
1423 2232 1465 2268 e.
1509 2231 1586 2267 νε.

523 2301 606 2347 45.
628 2295 731 2345 duo
752 2312 764 2343 ε
798 2293 1012 2344 nostran'
1033 2295 1171 2356 culpa
1185 2299 1256 2343 cst
1277 2293 1585 2356 auJadicam.

524 2389 601 2424 νε.
624 2377 707 2423 64.
731 2386 861 2421 unus
883 2370 1109 2421 omittit:
1134 2376 1252 2421 tum.
1291 2385 1368 2420 νε.
1382 2375 1464 2422 60.
1478 2386 1585 2421 om-

525 2464 650 2501 nes:
696 2447 1134 2498 immitissimum.
1191 2462 1269 2499 νε.
1296 2450 1380 2498 64.
1419 2461 1585 2499 unus:

522 2528 647 2577 adde
665 2526 773 2575 hac.
820 2540 895 2577 vs.
916 2529 1000 2574 71.
1024 2539 1234 2576 omnes:
1279 2526 1359 2575 vel
1381 2526 1585 2585 soenore.

424 2662 443 2671 ..
527 2620 604 2656 νε.
625 2608 707 2653 78.
734 2603 858 2652 duo:
914 2616 1006 2650 non
1026 2602 1095 2650 sic
1115 2600 1343 2661 ficturum
1364 2607 1454 2653 est.
1510 2619 1588 2654 νε.

525 2685 609 2730 84.
634 2679 736 2728 duo
757 2695 770 2728 ε
794 2693 900 2727 cum
920 2679 1141 2730 adveniat
1157 2679 1400 2731 Phormio.
1422 2680 1586 2730 alter:

521 2771 629 2806 oum
647 2754 894 2805 advenerit
915 2755 1008 2804 Pa.
1136 2770 1141 2775 ·

588 2832 746 2882 Ratio
795 2847 911 2896 quae
952 2830 1218 2881 Muretnm
1260 2832 1487 2896 induxit,
1531 2840 1590 2885 ut

526 2911 703 2974 inepte
725 2909 809 2960 liic
831 2922 1021 2958 novum
1053 2915 1225 2958 actum
1259 2910 1417 2974 incipi
1441 2917 1588 2974 puta·

528 2993 632 3048 ret,
652 2986 781 3036 levis
811 2992 916 3049 est,
945 2993 1002 3035 et
1035 2987 1288 3050 exemplis
1323 2989 1590 3040 Terentia-

526 3063 606 3113 πίε
632 3063 767 3112 ultro
788 3060 1066 3111 refutatur.
1103 3063 1363 3114 Boeclerus.

594 3145 620 3190 1
641 3142 781 3190 Itane
801 3142 991 3190 tandem
1006 3154 1200 3189 uxorem
1215 3141 1357 3189 duxit
1374 3142 1588 3207 Antipho

525 3215 711 3278 injussu
732 3214 854 3278 meo]
911 3216 972 3265 Ia
992 3217 1079 3266 hac
1099 3231 1239 3266 scena
1259 3221 1496 3269 accusatio
1514 3225 1589 3269 est

523 3297 575 3343 et
609 3292 941 3354 contradictio,
955 3307 1044 3357 per
1075 3295 1352 3344 remotivam
1382 3290 1585 3360 qualita-

521 3375 635 3419 tem.
652 3384 769 3431 ergo
789 3371 1122 3420 controversia.
1150 3372 1411 3433 Donatus.

593 3445 733 3494 Itane
750 3447 940 3496 tandem
958 3461 1153 3497 uxorem
1181 3450 1327 3499 duxit
1352 3449 1589 3515 Antipho]

527 3521 632 3571 Hic
650 3525 909 3586 exemplum
927 3525 1043 3573 vitoe
1061 3529 1132 3574 est
1147 3541 1166 3575 .·
1196 3526 1248 3575 in
1280 3544 1369 3592 quo
1403 3535 1587 3592 epecta-

525 3603 622 3661 ίαν,
642 3601 819 3648 nullam
850 3615 950 3650 esse
979 3606 1081 3650 tam
1093 3601 1278 3663 justam
1313 3609 1364 3653 et
1386 3619 1587 3667 gravem

524 3676 821 3725 iracundiam
852 3678 1027 3742 patris,
1057 3693 1163 3743 quoe
1199 3695 1292 3730 non
1329 3687 1378 3731 et
1395 3682 1587 3747 fiducia

414 3797 422 3806 ,
525 3752 785 3811 defensoris
804 3760 852 3804 et
870 3755 1122 3805 intervallo
1143 3758 1367 3822 temporis
1396 3776 1585 3812 evanes-

518 3834 619 3880 cat.
655 3828 835 3881 Idem,

590 3906 734 3957 Itane
766 3909 956 3958 tandem
1002 3923 1198 3960 uxorem
1244 3912 1391 3961 duxit-
1435 3913 1584 3964 Anti-

521 3982 615 4045 pho
649 3983 834 4045 injussu
878 3984 1001 4049 meo]
1056 3986 1175 4036 Non
1216 3991 1391 4052 potuit
1433 3993 1586 4042 vehe-

524 4058 749 4108 mentius
787 4059 1038 4125 incipere,
1062 4077 1212 4126 quam
1252 4070 1312 4114 ut
1351 4065 1462 4130 ipse
1483 4068 1583 4119 cri-

523 4147 661 4197 men,
676 4136 815 4200 quod
833 4136 1032 4203 objicit,
1048 4140 1334 4192 miraretur.
1368 4144 1516 4194 Idem.

591 4210 733 4260 Itane
753 4215 941 4263 tandem
954 4230 1151 4265 uxorem
1168 4219 1334 4283 duxit]
1360 4221 1586 4288 Tandem,

521 4286 609 4337 bie
631 4289 896 4354 expletiva
926 4292 1252 4357 conjunctio:
1294 4303 1354 4347 ut
1375 4298 1582 4364 Cicero,

1665 1449 1767 1500 sit:
1806 1464 1955 1515 aquo
1976 1447 2173 1498 factum
2200 1446 2303 1496 sit:
2344 1445 2395 1495 in
2425 1443 2581 1509 cnjus
2603 1442 2742 1504 inju-

1665 1527 1793 1577 riam
1816 1525 2012 1577 factum
2038 1524 2123 1575 sit.
2159 1523 2309 1573 Idem.

1726 1608 1758 1653 2
1795 1603 1895 1652 Nec
1930 1616 2083 1650 meam
2119 1595 2392 1662 imperium]
2437 1595 2582 1645 Rara
2618 1591 2743 1642 δέκο-

1667 1678 1931 1740 σιῶπησιςε
1974 1692 2091 1727 nam
2126 1690 2230 1726 non
2261 1673 2499 1739 seqnitur
2520 1672 2624 1722 sed.
2662 1671 2748 1720 in·

1669 1758 1794 1808 tulit
1831 1755 1968 1806 enim
1999 1768 2108 1816 age.
2132 1751 2440 1801 subauditur
2460 1755 2644 1798 autem
2666 1762 2751 1796 re-

1668 1834 1840 1885 vereri.
1890 1833 1980 1883 Sic
2020 1830 2320 1892 Lucretius,
2363 1828 2379 1856 ‘
2414 1826 2611 1878 Nonne
2666 1823 2750 1873 νὶ-

1669 1909 1861 1963 dere*.’
1891 1910 2043 1959 Idem·

1729 1988 1859 2051 Age,
1879 1987 2021 2037 mitto
2039 1984 2306 2049 imperium,
2328 1996 2420 2031 non
2436 1981 2752 2031 simultatem

1663 2066 1837 2130 meam]
1859 2066 2035 2128 Σχῆμα
2045 2060 2263 2112 διανοίας.
2289 2056 2750 2111 ΜΗΟΟΑΟΘωσιε-“.

1665 2145 1740 2195 Ut
1760 2144 2029 2209 VirgiliuS,
2047 2142 2063 2170 ⁸
2081 2141 2238 2206 Cujus
2261 2139 2327 2190 ob
2343 2137 2648 2202 auspicium.
2666 2136 2750 2187 in·

1666 2217 1911 2280 faustum,
1927 2231 2203 2282 moresque
2226 2213 2498 2265 sinistros?
2532 2214 2702 2265 Idem.

1730 2296 1859 2360 Age,
1876 2294 2039 2358 mitto]
2074 2292 2296 2358 Legitur
2317 2299 2370 2341 et
2384 2297 2531 2342 taceo.
2567 2289 2751 2343 Idem.

1731 2370 2062 2434 simultatem]
2128 2367 2387 2433 Jurgium,
2438 2367 2754 2418 contentio-

1666 2467 1797 2504 nem.
1834 2451 1987 2502 Idem·

1733 2532 1845 2582 Non
1873 2529 2169 2579 simultatem
2207 2542 2360 2577 meam
2394 2527 2609 2576 revereri
2645 2530 2757 2578 sal.

1665 2606 1797 2661 tem?
1827 2623 1920 2658 non
1936 2605 2136 2671 pudere]
2167 2606 2355 2669 Neque
2376 2610 2543 2667 metu,
2563 2617 2757 2667 neque

1670 2685 1867 2750 pudore
1890 2683 2023 2752 (sine
2040 2680 2240 2745 amore)
2261 2681 2575 2733 deterritum
2599 2696 2754 2735 esse.

1669 2761 1897 2827 Adelph.
1924 2767 2027 2810 act.
2055 2774 2095 2810 1.
2133 2774 2208 2809 sc.
2235 2762 2281 2808 1.
2311 2758 2328 2787 ‘
2353 2757 2572 2808 Pudore
2595 2762 2666 2809 ac
2682 2761 2749 2811 li-

1670 2835 2147 2894 beralitatejiberos
2161 2834 2430 2894 Retinere,
2442 2833 2609 2883 satius
2620 2849 2758 2886 esse

1669 2913 1852 2977 credo,
1895 2927 2048 2978 quam
2086 2910 2263 2960 metu.’
2301 2910 2423 2960 inde
2453 2909 2564 2974 liic,
2595 2912 2753 2962 mim

1666 2991 1935 3056 imperium.
1988 2988 2174 3039 Utitur
2204 2987 2306 3036 hoc
2342 2987 2460 3037 loco
2479 2988 2754 3044 ⁴Terentii

1668 3068 1782 3118 Cic.
1807 3066 1873 3117 ad
1908 3065 2025 3116 Att.
2058 3065 2094 3117 l.
2127 3078 2189 3116 11.
2225 3064 2323 3129 Ep.
2358 3068 2437 3115 19.
2474 3063 2610 3116 Mer.
2643 3069 2751 3117 Ca-

1665 3146 1912 3196 saubonus.

1731 3226 1763 3271 8
1801 3222 1910 3271 Non
1925 3219 2124 3285 pudere]
2160 3217 2280 3268 Hoc
2312 3216 2608 3269 absolutum
2634 3228 2750 3277 est,

1668 3304 1725 3348 et
1746 3298 1873 3347 nulli
1895 3296 2176 3346 adnexum.
2206 3295 2447 3345 Donatus.

1733 3377 1845 3426 Non
1869 3373 2069 3440 pudere]
2102 3373 2206 3421 Hic
2225 3371 2472 3436 Nigidius
2512 3370 2755 3423 adnota-

1667 3453 1762 3516 vit,
1791 3452 2048 3502 neminem
2071 3448 2236 3500 videri
2268 3447 2465 3514 pudere
2492 3455 2623 3498 ante
2649 3448 2752 3499 de-

1665 3531 1861 3581 lictum.
1897 3530 2051 3580 Idem.
2667 3528 2684 3559 ’-

1727 3610 1760 3655 4
1803 3605 1907 3656 Vix
1946 3601 2158 3666 tandem]
2191 3600 2449 3653 Convenit
2478 3600 2585 3650 boc
2626 3602 2751 3652 dic·

1667 3692 1776 3734 tum
1800 3682 1866 3740 ei,
1891 3683 1979 3742 qui
1994 3682 2106 3745 jam
2144 3679 2347 3743 pridem
2370 3693 2427 3728 se
2466 3680 2609 3728 male
2648 3695 2753 3730 au-

1666 3758 1777 3810 dire
1808 3764 1989 3823 putat:
2026 3764 2081 3807 et
2118 3755 2240 3805 ideo
2278 3770 2395 3805 sero
2428 3754 2644 3805 videtur
2672 3755 2750 3807 ad

1665 3837 1803 3887 hunc
1823 3849 1988 3885 senex
2007 3833 2327 3898 pervenisse,
2345 3847 2498 3897 quum
2517 3832 2615 3884 ille
2629 3848 2751 3883 me.

1660 3921 1839 3974 tuens,
1855 3927 1910 3962 se
1930 3913 2150 3977 primum
2165 3910 2227 3960 ad
2243 3916 2605 3960 accusatorem
2622 3925 2748 3965 cre-2

1667 3990 1837 4041 deret.
1904 3988 1989 4040 An
2010 3989 2099 4039 vix
2129 3989 2321 4038 tandem
2352 3986 2417 4036 ad
2444 3987 2548 4036 hoc
2573 3989 2747 4051 perti-

1665 4072 1772 4125 net,
1794 4067 1917 4133 quia
1937 4067 2026 4116 ille
2046 4065 2251 4115 monitor
2273 4064 2440 4113 dixit?
2476 4063 2627 4127 quasi
2657 4064 2745 4112 di·

1663 4151 1767 4201 cat,
1801 4144 1906 4193 Vix
1944 4143 2160 4194 taudem
2190 4140 2388 4192 factum
2424 4146 2526 4203 est,
2549 4146 2611 4190 ut
2649 4155 2743 4190 me

1663 4237 1825 4274 senex
1846 4223 2057 4272 laudare
2077 4221 2348 4284 coepisset:
2374 4219 2497 4284 qnia
2511 4217 2745 4282 ammiror,

1662 4300 1896 4366 quamvis
1919 4300 1971 4350 in
1993 4297 2308 4355 contrarium
2323 4296 2543 4360 dixerit,
2555 4302 2740 4347 tamen

2095 4440 2096 4443 ’
2173 4432 2186 4465 i
