3035 4941
480 325 655 395 1028

485 489 714 541 studium
751 484 957 552 quoque
997 492 1101 536 tam
1138 486 1314 537 nobile
1350 487 1546 536 saeculo

476 564 896 627 commendatur,
941 579 1002 614 ac
1042 563 1112 613 ad
1156 564 1409 614 ornandos
1452 576 1547 628 po-

484 644 605 708 puli
627 655 798 691 mores
824 639 1085 691 refertnrt
1120 641 1136 669 ‘
1156 642 1334 691 Nolite
1374 642 1545 692 sinere

485 734 581 784 per
631 733 721 768 vos
774 725 944 768 artem
995 718 1240 767 musicam
1284 718 1546 768 Recidere

484 798 550 848 ad
594 796 844 862 paucost’
889 812 985 846 nec
1008 798 1321 862 dignationis
1362 813 1546 861 parum

472 876 684 927 inserta
721 882 1014 940 opportune
1053 876 1313 925 sententia
1346 876 1544 925 habet:

478 956 499 985 ⁴
519 955 572 1003 in
597 952 768 1003 medio
790 954 1282 1004 omnibusPalmam
1307 964 1422 1004 esse
1454 968 1548 1017 po-

474 1031 654 1092 ·sitam,
693 1030 782 1095 qui
817 1037 980 1080 artem
1005 1036 1236 1080 tractant
1259 1029 1545 1080 musicam!

478 1106 755 1170 ›Tugenium
778 1106 1140 1157 et⁴doctrinam
1163 1120 1308 1155 suam
1325 1119 1393 1154 ne
1410 1120 1547 1156 com-

477 1182 749 1246 mendare,
795 1197 1105 1248 quamquam
1158 1183 1352 1232 actoris
1397 1197 1546 1245 voce,

478 1261 598 1325 ipse
645 1260 929 1323 videretur,
973 1262 1239 1311 industriae
1284 1269 1340 1311 et
1386 1262 1547 1312 studii

479 1337 692 1387 nomine
735 1339 1056 1401 potissimum
1100 1340 1300 1389 censeri
1341 1341 1544 1391 voluit:

483 1415 866 1477 spectatoribus
906 1425 1077 1465 autem
1121 1423 1176 1467 et
1221 1418 1545 1468 auditoribus

472 1504 634 1542 omne
667 1493 734 1541 de
767 1507 1012 1544 successa
1057 1496 1253 1544 laboris
1290 1496 1371 1544 sni
1403 1496 1546 1560 jndi-

476 1569 619 1620 ciam
632 1571 985 1634 transcripsitz
1051 1573 1183 1624 Quae
1203 1588 1286 1622 res
1311 1573 1546 1638 inprimis

474 1647 772 1698 -honorifica
792 1650 1006 1713 populo,
1038 1649 1103 1699 de
1126 1650 1382 1700 modestia
1405 1652 1545 1701 insn-

475 1722 582 1789 per
624 1723 808 1774 Poe‘tae
849 1733 905 1774 et
943 1725 1084 1775 civili
1130 1727 1298 1776 animo
1338 1726 1546 1777 abunde

474 1799 779 1850 testabatur
796 1816 812 1849 z
849 1812 967 1849 cum
986 1802 1281 1865 praesertim
1301 1803 1365 1852 ad
1390 1804 1548 1868 aequi-

474 1880 646 1925 tatem
675 1875 1044 1940 judicantium,
1080 1884 1325 1942 tanquam
1362 1880 1427 1930 ad
1463 1888 1546 1930 tu-

473 1951 738 2001 -tissimum
758 1953 1012 2003 adversus
1049 1955 1330 2006 maledicos
1369 1958 1547 2021 praesi-

478 2029 644 2091 dium,
678 2043 735 2078 se
755 2029 1164 2095 confuga-enon
1187 2033 1547 2098 perfunctorie

476 2106 676 2171 ‘ubique
693 2106 1046 2158 demonstran
1071 2109 1164 2158 sed
1184 2117 1243 2160 et
1281 2110 1404 2161 illud
1442 2127 1545 2162 non

484 2196 664 2247 parum
686 2182 751 2232 ad
787 2181 1015 2233 favorem
1038 2187 1430 2250 promerendum
1452 2204 1547 2253 po·

480 2261 588 2308 tuit
622 2276 637 2308 ε
685 2261 822 2324 qnod
860 2274 970 2309 *non
1012 2263 1137 2312 alias
1182 2278 1238 2312 se
1281 2266 1547 2316 scribendi

474 2350 695 2386 caussas
730 2337 940 2399 habere,
976 2353 1126 2403 qnam
1162 2347 1220 2389 nt
1253 2341 1548 2393 delectaret

476 2413 680 2477 pariter
690 2426 757 2462 ac
772 2414 1065 2479 prodesset,
1078 2430 1266 2482 magna
1281 2433 1396 2468 asse
1403 2433 1548 2469 vera-

483 2490 623 2540 tione
647 2491 942 2554 profitetur.
1011 2496 1148 2545 Nam
1166 2497 1389 2566 quodwde
1407 2498 1547 2549 fame

478 2570 536 2618 iu
575 2569 1146 2635 prolegoPhormionis
1179 2574 1444 2639 inseritur,
1479 2576 1546 2625 ad

477 2646 806 2712 propositum
826 2648 1125 2699 adversarii
1170 2645 1431 2715 pertinet,
1456 2652 1547 2717 qui

477 2721 810 2772 criminando
843 2723 1046 2774 fabulas
1068 2726 1308 2777 Terentii
1345 2728 1444 2777 hoc
1470 2727 1548 2779 οὗ

473 2798 645 2849 ficere
661 2800 955 2864 studebat,‘
973 2808 1030 2851 ut
1043 2817 1074 2852 a
1089 2802 1259 2853 studio
1274 2804 1339 2853 ad
1356 2803 1546 2855 famem

475 2876 786 2939 rejiceretur
803 2877 836 2926 ε’
869 2878 1026 2942 quod,
1063 2886 1264 2929 remota
1296 2881 1545 2932 orationis

474 2950 696 3015 invidia,
717 2953 824 3002 tale
846 2960 946 3016 est,
967 2955 1101 3005 sicut
1118 2954 1184 3004 de
1201 2956 1373 3006 Poeta
1395 2966 1545 3009 actor

480 3035 747 3079 testatur:
783 3029 1012 3081 futurum
1048 3034 1254 3084 scilicet
1287 3033 1467 3099 fuisse,
1494 3037 1545 3086 si

476 3105 1008 3159 eriminanadversarii
1028 3112 1334 3175 valuissent,
1355 3114 1372 3141 ‘
1393 3114 1470 3163 Ut
1491 3114 1545 3163 in

474 3183 597 3232 *otio
635 3190 776 3234 esset
812 3187 984 3248 potius
1022 3202 1174 3252 quam
1213 3188 1265 3237 in
1297 3190 1547 3253 negotio.'

482 3257 695 3309 Actoris
741 3262 898 3311 etiam
949 3262 1151 3325 laudes,
1191 3263 1376 3315 Poetae
1426 3281 1545 3330 pro·

476 3343 633 3386 sunt:
670 3339 961 3401 presertim
993 3341 1150 3404 senis,
1172 3341 1263 3391 diu
1291 3343 1356 3391 ad
1379 3355 1546 3408 popu-

475 3415 588 3464 *lum
614 3416 763 3479 clari,
787 3430 959 3482 quem,
972 3424 1034 3468 nt
1056 3420 1426 3471 anctoritatem
1447 3422 1545 3471 sibi

478 3491 533 3540 in
610 3508 769 3544 scena
844 3495 1103 3546 tribueret
1172 3496 1329 3561 (prol.
1380 3498 1546 3565 Hec.)

474 3583 584 3618 non
620 3570 902 3621 dedecuitt
957 3585 1072 3622 cum
1115 3569 1334 3624 Poetam
1373 3576 1544 3640 ipsum

474 3646 568 3694 vix
594 3649 868 3711 quicquam
902 3650 1085 3713 magis,
1118 3665 1270 3716 quam
1305 3652 1543 3704 dissimu-

475 3723 608 3773 latio
639 3725 986 3791 auctoritatis,
1027 3727 1218 3778 decere
1254 3730 1542 3784 videretur.

472 3801 773 3863 Caeterum,
841 3816 958 3867 quae
1021 3804 1226 3854 crimini
1268 3806 1544 3859 dabantur

480 3868 666 3927 Poetae
691 3878 756 3928 ab
779 3878 1108 3943 adversariis,
1125 3882 1238 3932 haec
1257 3882 1372 3934 fere
1391 3892 1541 3935 suntz

476 3956 670 4018 primo,
708 3956 863 4021 quod
900 3957 1121 4007 Graecis
1184 3957 1545 4024 suffuraretur,

481 4033 732 4098 quicquid
784 4035 1089 4099 scriberet3
1138 4037 1351 4103 deinde,
1402 4041 1545 4105 quod

480 4109 763 4160 amicorum
798 4114 970 4178 potius
1005 4114 1235 4180 iugenio,
1269 4131 1425 4180 quam
1450 4128 1544 4168 suo

480 4188 839 4253 adjutaretur3
862 4192 1083 4259 denique
1105 4194 1244 4259 quod
1260 4198 1405 4247 tenui
1430 4211 1544 4245 ora-

480 4267 622 4319 tione
641 4276 696 4320 et
716 4271 977 4336 scriptura
997 4271 1102 4323 levi
1124 4279 1377 4326 uteretur.
1411 4273 1545 4325 Haec

1182 341 1399 391 ⁸0¹1·AE
1447 339 1847 389 VARmRUM
1894 339 1978 388 IN
2058 346 2065 359 ³

1607 485 1858 549 dispersa
1892 500 1987 550 per
2021 484 2279 550 μώρως,
2303 484 2487 549 aptius
2521 484 2684 537 fuerit

1623 565 1775 615 simul
1812 564 1978 615 nosci.
2045 563 2108 613 In
2131 563 2300 626 primo
2315 562 2531 613 erimine
2553 563 2684 613 mul·

1622 649 1677 691 ta
1703 641 1916 705 egregia
1938 646 2245 690 occurrunt:
2278 639 2345 689 de
2365 640 2680 703 imitatione,

1620 734 1772 783 quam
1819 716 1944 766 furti
1977 717 2187 765 minime
2232 717 2468 767 accusari
2511 722 2684 780 posse,

1601 795 1829 844 -erudite
1873 793 2042 843 Poeta
2095 792 2346 845 ostendit.
2424 790 2683 856 Enemp‘la

1621 886 1871 936 ponemus
1896 879 2019 920 ante
2046 871 2274 921 rationes
2290 888 2306 921 ι
2343 871 2547 936 quibus,
2568 871 2684 920 siet

1621 950 1787 998 multa
1811 956 1866 999 et
1908 948 2123 1013 antiqua
2156 955 2294 1011 sunt,
2328 947 2484 998 facile
2511 960 2685 1012 popu-

1604 1028 1699 1075 ·lus
1720 1027 2022 1091 acquiescit.
2086 1026 2327 1076 Naevium
2355 1039 2503 1088 ergo,
2527 1025 2682 1075 Plau-

1622 1109 1750 1165 tum,
1792 1105 2033 1166 Ennium,
2070 1111 2277 1153 veteres
2324 1103 2547 1168 denique
2585 1101 2684 1150 Te·

1607 1181 1823 1231 mentius
1848 1182 1922 1231 ait
1943 1181 2043 1231 hoc
2075 1178 2366 1241 factitasse,
2389 1177 2528 1243 quod
2553 1176 2683 1227 vitio

1622 1259 1865 1308 Lavinius
1885 1259 1985 1322 ipsi
2007 1257 2247 1307 dederat.
2314 1256 2399 1306 Ita
2415 1255 2602 1306 Cicero
2625 1268 2683 1303 se

1611 1336 1903 1387 defendit:
1955 1336 2071 1402 (lib.
2109 1350 2148 1386 1.
2199 1335 2264 1384 de
2308 1333 2399 1383 fin.
2442 1348 2561 1397 cap.
2603 1330 2685 1395 θῶ)

1622 1416 1985 1481 ‘Quamquam
2026 1415 2068 1462 si
2111 1414 2264 1477 plane
2304 1413 2380 1462 sic
2424 1417 2682 1462 verterem

1610 1492 1898 1542 ’Platonem
1937 1498 1995 1541 et
2023 1490 2380 1553 Aristotelem,
2418 1495 2477 1538 ut
2510 1482 2682 1537 verte-

1623 1576 1747 1617 runt
1765 1569 1929 1618 nostri
1953 1566 2134 1617 Po‘e'tae
2154 1566 2359 1617 fabulas
2374 1582 2390 1626 3
2407 1579 2509 1617 uon
2529 1565 2685 1627 male,
2773 1595 2786 1609 μ

1623 1645 1805 1707 credo,
1826 1659 2057 1694 mererer
2078 1643 2147 1693 de
2184 1645 2313 1693 meis
2348 1643 2566 1702 civibus,
2587 1642 2682 1691 sed

1609 1724 1690 1773 ‘ad
1715 1735 1892 1773 eorum
1922 1722 2274 1787 cognitionem
2297 1721 2472 1771 divina
2491 1720 2585 1770 illa
2608 1719 2682 1769 in·

1621 1801 1773 1864 genia
1796 1798 2161 1850 transferrem:
2196 1799 2288 1848 sed
2313 1799 2364 1848 id
2386 1812 2557 1863 neque
2575 1796 2685 1848 feci

1621 1878 1810 1939 adhuc,
1830 1891 1928 1927 nec
1949 1877 2074 1926 mihi
2100 1884 2377 1939 tamen‚·ne
2397 1875 2585 1925 faciam
2610 1875 2685 1924 ie-

1623 1954 1906 2004 terdictum
1926 1961 2083 2019 puto:
2120 1954 2259 2004 locos
2293 1952 2501 2018 quidem
2535 1967 2687 2017 quos-

1609 2031 1762 2089 dam,
1809 2032 1857 2081 si
1918 2030 2198 2092 videbitur,
2253 2029 2583 2092 transferam,
2620 2036 2684 2081 et

1622 2109 1842 2158 maxime
1867 2109 1934 2159 ab
1958 2109 2037 2170 iis,
2060 2123 2188 2173 quos
2221 2107 2375 2157 modo
2402 2107 2683 2165 nominavi,

1625 2200 1741 2235 cum
1761 2185 2025 2248 inciderit,
2043 2193 2108 2234 ut
2133 2185 2183 2233 id
2206 2191 2330 2248 apte
2349 2183 2464 2232 fieri
2485 2185 2681 2247 possit:

1615 2267 1683 2310 nt
1726 2262 1790 2310 ab
1836 2261 2067 2311 Homero
2106 2261 2325 2322 EnniuS,
2366 2259 2616 2310 Afranius
2650 2274 2683 2311 a

1622 2337 1917 2388 Menandro
1936 2336 2104 2388 solet?
2170 2339 2240 2386 Et
2264 2337 2445 2402 quidni
2469 2339 2685 2402 liceret,

1613 2426 1690 2462 ex
1723 2415 1890 2464 aliena
1923 2415 2102 2479 'lingua
2140 2415 2193 2463 in
2229 2429 2369 2464 suam
2394 2414 2683 2464 transferre

1622 2491 1880 2557 quasdam,
1893 2491 2034 2557 (cum
2054 2493 2341 2555 praesertim
2357 2507 2459 2542 non
2471 2494 2681 2557 exiguae

1623 2569 1754 2619 artis
1782 2570 1882 2619 boc
1901 2569 2018 2633 sit,)
2045 2583 2161 2619 cum
2180 2569 2468 2619 Isocratem
2490 2568 2683 2631 ferant,

1623 2652 1762 2696 teste
1785 2647 2090 2708 Plutarcho,
2130 2648 2495 2711 panegyricum
2534 2647 2681 2697 suum

1624 2739 1654 2775 e
1688 2724 1903 2788 Gorgiae
1939 2732 1995 2775 et
2027 2724 2196 2789 Lysiae
2235 2724 2463 2787 scriptis,
2483 2725 2681 2773 -eadem

1613 2803 1798 2867 *lingua
1808 2802 2130 2868 compositis,
2145 2803 2497 2864 transtulisse?
2516 2802 2682 2851 Prox-

1621 2880 1781 2929 imum
1804 2886 1905 2942 est,
1938 2887 1996 2928 ut
2020 2879 2215 2929 animus
2235 2879 2508 2929 imitatoris
2532 2894 2685 2942 spec-

1613 2963 1799 3008 tetur:
1838 2956 2052 3021 agnosci
2096 2956 2221 3006 velit
2260 2971 2327 3005 an
2362 2955 2528 3006 latere
2561 2967 2681 3005 cum

1609 3036 1891 3086 imitatur:
1928 3035 1972 3084 si
1988 3031 2518 3095 dissimulantur-tum
2542 3033 2684 3082 vide-

1613 3114 1668 3163 ·ri
1688 3114 1867 3178 possit,
1887 3127 1987 3162 non
2003 3112 2256 3162 imitatioz
2283 3126 2340 3161 se
2359 3119 2533 3160 autem
2551 3125 2685 3160 nun-

1615 3203 1774 3257 quam
1811 3193 1907 3241 hoc
1930 3203 2034 3239 non
2055 3188 2314 3253 confiteri,
2334 3187 2565 3238 ostendit
2583 3189 2680 3237 '1¹0⁴-

1622 3268 1836 3319 rentius·
1887 3266 2161 3333 ¹Apposite
2185 3268 2382 3318 Cicero
2425 3266 2479 3315 iu
2513 3266 2685 3316 Bruto

1615 3343 1693 3410 (c.
1719 3344 1828 3410 19.)
1847 3345 1873 3374 ⁴‘
1890 3346 2008 3395 Nec
2050 3358 2173 3394 vero
2200 3343 2303 3393 tibi
2341 3343 2495 3393 aliter
2520 3341 2688 3392 videri

1617 3422 1783 3472 'debet
1807 3438 1833 3473 r2
1889 3422 1985 3488 qui·
2025 3437 2057 3472 a
2101 3421 2285 3473 Noevio
2309 3422 2412 3472 ινο]
2443 3419 2685 3470 sumsisti

1618 3501 1804 3565 multa,
1827 3501 1872 3551 si
1894 3500 2115 3563 fateris3
2145 3500 2256 3563 vel,
2294 3500 2337 3549 si
2370 3511 2549 3563 negas,
2567 3510 2687 3547 sar·

1613 3578 1849 3642 ripuisti.
1915 3580 1987 3628 Et
2015 3578 2103 3627 M.
2141 3577 2339 3627 Seneca
2362 3576 2593 3626 suasoria
2627 3579 2681 3624 ³.

1619 3654 1784 3707 ‘hoc’
1838 3653 2070 3722 (Nicetis
2107 3653 2401 3719 ingenium)
2438 3650 2686 3701 ‘dicebat

1613 3733 1814 3799 Gallio,
1842 3732 2040 3783 Nasoni
2069 3743 2163 3781 sno
2200 3730 2354 3780 valde
2389 3729 2685 3793 placuisse3

1618 3810 1798 3875 itaque
1835 3808 2047 3871 fecisse,
2091 3807 2229 3873 quod
2269 3808 2322 3856 in
2361 3807 2536 3856 multis
2568 3807 2684 3857 aliis

1614 3886 1853 3936 versibus
1888 3885 2140 3949 'Virgilius
2171 3883 2394 3945 fecerat,
2432 3898 2536 3933 non
2576 3898 2687 3933 sur·

1615 3962 1846 4025 ripiendi
1871 3974 2075 4022 caussa,
2097 3960 2192 4009 sed
2221 3958 2679 4024 palatu‘imltandiz

1618 4038 1717 4090 hoc
1762 4038 1931 4086 animo
1974 4044 2035 4086 ut
2067 4038 2229 4086 vellet
2256 4036 2512 4101 agnosci-²
2575 4033 2709 4087 ad„

1617 4115 1842 4165 scribam
1887 4120 1943 4163 et
1975 4113 2133 4163 Plinii
2180 4115 2339 4164 verba
2382 4128 2449 4163 ex
2493 4113 2685 4177 praefa-

1615 4194 1763 4243 tione
1789 4192 2077 4242 admirandi
2112 4194 2324 4257 operis:
2358 4194 2574 4258 ‘Scito‚'
2603 4196 2682 4245 in-

1621 4272 1757 4337 quit,
1789 4272 1805 4302 ‘
1821 4269 2200 4323 conferentem·
2225 4279 2463 4323 auctores
2482 4283 2566 4324 me
2586 4273 2682 4325 de‘·
