3035 4941
753 402 1115 451 TERENTH
1165 403 1449 452 PHORM.
1496 403 1666 451 Ac'r.
1713 401 1793 452 ΙΙ.
1838 404 1947 453 SC.
1997 404 2109 453 111.

334 543 589 594 mineillis
609 544 816 609 quidem
834 544 1130 605 detrahant,
1151 542 1247 593 sibi
1267 557 1389 592 vero

335 620 699 670 auctoritatem
729 621 1034 671 attribuant.
1102 621 1188 669 Sic
1219 621 1389 683 Virgi-

334 695 433 743 lius
456 711 469 741 z
523 694 604 745 ‘O
650 705 904 760 praestans
962 697 1116 745 animi
1160 696 1388 760 juvenis,

334 778 581 836 qnantum
605 772 716 835 ipse
746 772 911 823 feroci
935 773 1148 824 Virtute
1168 786 1391 838 exsupe-

331 846 451 896 ras.’
483 847 636 897 Idem.
1279 859 1288 871 ¹

342 941 345 944 ·
399 924 541 973 Bona
562 925 723 988 venia]
774 924 896 974 Sine
931 924 1027 988 ira,
1056 925 1169 976 sine
1196 925 1387 977 discor-

333 998 438 1050 dia.
474 1001 626 1053 Idem·

249 1139 259 1146 α
396 1077 679 1136 Adolescens
712 1079 920 1142 primum
954 1078 1035 1128 abs
1072 1084 1120 1128 te
1153 1080 1239 1128 hoc
1271 1079 1390 1129 bona

330 1155 467 1205 venia
502 1158 638 1221 peto]
690 1158 891 1207 Metnm
922 1158 1080 1219 senis,
1100 1158 1182 1207 cui
1207 1173 1387 1222 parum

330 1239 651 1281 successerat
673 1233 840 1296 prima
861 1232 926 1282 de
940 1234 1063 1297 jure
1087 1234 1390 1298 disputatio,

330 1306 551 1372 intelligi
574 1310 686 1359 vult
708 1309 895 1373 poeta3
925 1310 1063 1374 quod
1085 1313 1390 1382 commotior

328 1382 552 1447 ingenio,
576 1392 632 1435 et
653 1401 790 1436 nunc
812 1386 891 1435 ira
918 1401 1021 1436 non
1044 1388 1290 1438 mediocri
1312 1390 1385 1439 in·

328 1457 571 1522 stigatus,
615 1468 720 1510 tam
774 1461 980 1525 placide
1034 1462 1387 1514 adversarium

331 1533 625 1600 alloquitur,
647 1537 952 1603 veniamque
976 1537 1243 1602 praefatur.
1271 1541 1387 1590 13oe-

391 1693 458 1739 82
491 1690 551 1740 Si
570 1691 663 1740 tibi
688 1693 873 1755 plaeere
891 1693 1018 1757 potis
1046 1692 1144 1756 est]
1177 1692 1285 1744 Pro
1300 1709 1385 1758 po·

325 1771 441 1816 test.
477 1767 728 1819 Donatus,
966 1821 967 1824 ,

294 1896 301 1903 ,
393 1843 528 1893 Mihi
547 1849 603 1894 ut
620 1845 919 1909 respondeas]
951 1846 1100 1896 Bene
1121 1846 1271 1896 milii.-
1303 1853 1385 1898 nt·

329 1925 451 1982 pote
486 1921 622 1982 patri
658 1921 1020 1985 adolescentis,
1061 1925 1143 1973 vel
1179 1924 1385 1991 domino

329 1995 501 2055 Getoe,
525 1997 608 2045 vel
630 1998 784 2047 etiam
806 1998 934 2048 seni.
987 2000 1056 2049 Et
1078 2000 1284 2049 verbum
1303 2007 1386 2050 est

326 2073 626 2137 scrupulose
680 2074 870 2139 aliquid
936 2074 1382 2139 interrogantium.

326 2148 417 2198 Sic
435 2149 702 2213 Virgilius,
723 2152 738 2179 ‘
757 2150 992 2215 Mihique
1023 2152 1133 2200 haec
1159 2151 1385 2201 edissere

327 2237 454 2272 vera
474 2224 706 2287 roganti?
740 2226 828 2288 Et,
847 2228 863 2254 ‘
890 2226 990 2275 Dic
1013 2226 1152 2289 mibi,
1172 2225 1384 2277 Damoe-

326 2304 402 2359 ta,
424 2299 596 2364 cujum
621 2315 776 2364 pecus
796 2300 833 2348 ?’
868 2302 1019 2350 Idem.

389 2378 454 2424 33
515 2378 666 2433 Quem
700 2378 904 2426 amicum
939 2383 1071 2427 tuum
1106 2379 1180 2427 ais
1203 2378 1382 2444 fuisse]

324 2449 417 2502 Ais
436 2451 654 2503 dicimus
680 2453 744 2504 de
781 2455 862 2512 iis,
885 2456 973 2520 qui
1003 2470 1135 2505 vana
1170 2457 1385 2522 loquun-

326 2535 444 2579 tur:
479 2531 633 2580 dicere
654 2540 825 2582 autem
849 2533 1066 2583 dicimus
1099 2533 1166 2583 de
1189 2534 1272 2598 iis,
1297 2535 1384 2601 qni

324 2607 600 2657 validiora.
635 2610 786 2658 Idem.

392 2684 637 2748 Explana]
660 2684 962 2747 Manifesta,
984 2699 1206 2749 expone.
1227 2685 1381 2737 Idem.

330 2790 333 2795 -
385 2762 452 2809 84
488 2760 559 2809 Et
577 2761 657 2824 qui
674 2760 947 2825 cognatum]
974 2761 1091 2827 Qui,
1109 2763 1382 2827 quomodo,

325 2834 481 2885 unde.
518 2837 673 2885 Idem·

389 2916 453 2961 35
493 2912 700 2961 Proinde
727 2913 988 2977 expiscare,
1006 2914 1144 2977 quasi
1163 2930 1257 2965 non
1275 2930 1381 2965 nos-

319 2990 419 3053 ses]
452 2989 680 3052 Proinde,
712 2991 789 3040 ita
824 2990 1169 3040 similitudinis
1204 2992 1385 3043 adver-

325 3065 465 3114 bium
490 3073 572 3116 est
606 3067 775 3131 modo,
811 3081 914 3117 non
951 3068 1263 3131 conjunctio.
1302 3076 1381 3131 ut,

323 3143 339 3169 ‘
360 3143 589 3192 Proinde
614 3151 737 3193 tona
771 3144 977 3208 eloquio
1010 3145 1218 3194 solitum
1256 3146 1384 3196 tibi!

327 3220 605 3284 Εερίεοαᾶ,
623 3228 707 3270 est
721 3220 1108 3283 diligentissime
1124 3237 1382 3286 quaerere,

261 3300 265 3306 '
327 3297 533 3346 ubinam
570 3297 738 3361 pisces
760 3298 974 3346 lateant.
1007 3311 1133 3360 ergo
1166 3297 1380 3347 verbnm

321 3382 406 3424 est
426 3381 651 3424 tractum
674 3389 706 3423 a
727 3374 1087 3438 piscatoribus.
1122 3375 1273 3424 Idem.

388 3453 626 3517 Proinde]
648 3452 893 3503 Perinde.
915 3452 1043 3502 Mer.
1067 3453 1381 3502 Casaubonus.

396 3530 676 3594 Expiscare]
697 3530 994 3593 Diligenter
1013 3529 1380 3594 quaeris.Idm.

389 3611 454 3656 36
487 3609 594 3668 Ego
619 3621 689 3656 me
708 3622 847 3669 nego,
867 3611 923 3656 tu
944 3606 1023 3670 qui
1044 3604 1139 3670 ais]
1186 3606 1380 3655 Suban-

324 3684 466 3733 ditnr
487 3682 551 3731 ad
575 3684 760 3746 omnia,
779 3698 932 3734 nosse.
966 3683 1217 3732 Donatus.

305 3779 308 3781 “
389 3765 453 3810 87
489 3759 595 3809 Elio
616 3764 671 3808 tu
690 3760 929 3810 sobrinum
951 3761 1105 3824 tuum]
1129 3760 1381 3824 Populati

322 3840 545 3905 quadam
582 3838 885 3901 vulgarique
918 3836 1246 3901 fatigatione,
1298 3845 1380 3888 nt·

327 3922 452 3980 pote
473 3927 667 3970 scurra,
691 3913 979 3977 respondit.
1011 3914 1160 3965 Idem.
1232 3957 1238 3961 ,

391 3991 667 4055 Solu-inum]
703 3989 899 4039 Solm‘ni
928 3989 1041 4055 (qui
1065 3998 1118 4041 et
1147 3990 1380 4041 consobri-

323 4071 408 4121 ni.-
440 4082 731 4133 quanquam
765 4072 886 4115 sunt
917 4066 1004 4129 qui
1038 4066 1381 4134 distinguant)

327 4148 416 4213 qui
454 4160 520 4194 ex
558 4144 753 4193 duabus
790 4141 1090 4206 pluribusve
1122 4146 1380 4195 sororibus

316 4231 447 4273 sunt
469 4220 608 4270 nati:
644 4225 703 4269 nt
717 4220 973 4282 patrueles,
1007 4220 1095 4283 qui
1125 4234 1189 4268 ex
1210 4218 1382 4270 fratri-

326 4300 423 4349 bus
442 4296 670 4359 cognati.
703 4295 830 4347 Mer.
857 4295 1172 4347 Casaubonus.

2361 389 2535 455 1655

1465 541 1592 591 bent
1625 542 1955 594 memoriam:
1996 542 2080 594 bic
2096 556 2224 606 ergo
2257 542 2428 607 deest,
2447 560 2535 596 ne·

1463 619 1590 681 scio,
1612 619 1711 682 vel,
1735 619 2078 670 necessarium
2102 618 2213 671 est?
2249 622 2487 672 Donatus.

1532 694 1664 750 Quid
1682 710 1804 744 nunc
1819 695 1970 758 taces]
1994 696 2165 758 Urget
2182 710 2340 746 senex
2362 715 2376 746 ε
2405 698 2529 763 qnia

1459 768 1712 834 intelligit
1732 785 1851 821 eum
1873 777 2059 821 nomen
2084 772 2300 823 nescire.
2335 773 2486 824 Idem.

1530 849 1595 896 39
1628 846 1757 910 δια]
1781 848 2005 912 Egregia
2029 853 2143 897 arte
2158 847 2244 899 hic
2266 852 2528 913 parasitus

1461 924 1783 988 sycophanta
1805 926 1995 988 partim
2021 940 2254 975 seorsum
2279 941 2396 976 cnm
2417 942 2526 977 ser·-

1463 1014 1529 1048 vo
1550 999 1617 1048 de
1640 1002 1846 1051 nomine
1882 1000 2091 1066 quaerit,
2121 1001 2310 1065 partim
2344 1010 2529 1066 aperte

1462 1092 1655 1127 moram
1681 1077 1869 1129 fiducia
1901 1078 2092 1129 frontis
2122 1086 2177 1129 et
2201 1081 2398 1144 vulgari
2424 1089 2530 1131 ter·

1460 1154 1831 1217 giversantium
1844 1154 2103 1206 schemate
2121 1156 2387 1218 proetexit.
2412 1157 2527 1205 Boe·

1461 1230 1632 1278 clerus.

1525 1310 1591 1355 40
1624 1307 1837 1371 Salziice]
1868 1308 2118 1372 Suggere.
2152 1308 2395 1357 Donatus.

1524 1386 1587 1432 41
1625 1385 1736 1434 Non
1758 1386 1889 1434 dico.-
1913 1385 2047 1449 quasi
2068 1400 2158 1434 non
2173 1384 2331 1448 noris]
2353 1385 2491 1434 Mire
2515 1392 2529 1425 ἓ

1460 1473 1581 1508 nam
1604 1460 1813 1510 videtur
1846 1468 1960 1511 arte
1982 1462 2154 1511 celare
2187 1461 2262 1524 id,
2282 1461 2422 1527 quod
2448 1462 2526 1510 in·

1459 1536 1598 1585 vitus
1621 1538 1903 1589 nesciebat.
1938 1538 2090 1588 Idm.
2507 1594 2517 1606 ¹

1524 1616 1591 1662 42
1626 1612 1840 1677 Stilpho]
1884 1610 2143 1678 Σύλληψις.
2190 1627 2307 1662 nam
2349 1611 2527 1664 reddit

1461 1686 1529 1738 ad
1545 1690 1938 1754 nominativum,
1951 1695 2055 1750 est,·
2079 1691 2258 1755 utique
2284 1689 2489 1753 Stilpho
2513 1705 2531 1752 ς

1460 1770 1521 1813 nt
1566 1778 1743 1815 rursus
1787 1766 1852 1815 ad
1899 1765 2276 1829 accusativum,
2308 1780 2525 1828 novera,

1460 1840 1786 1904 Stilphonem
1810 1841 2030 1891 scilicet.
2063 1840 2216 1890 Idem.

1525 1925 1589 1970 43
1621 1920 1918 1984 Stilphonem
1951 1920 2142 1984 inquam
2176 1919 2393 1983 noveras]
2441 1920 2524 1969 Fi-

1459 2012 1591 2061 gura
1614 1996 1975 2062 ἐπιτροχασμός.
2026 1997 2123 2046 Est
2144 2003 2318 2046 autem
2342 1996 2524 2060 ἐπιτρο-

1456 2072 1647 2136 χασμὸς
1664 2074 1931 2124 verborum
1955 2088 2107 2138 super
2120 2088 2178 2123 se
2200 2074 2423 2123 invicem
2448 2073 2523 2123 ef-

1458 2150 1618 2213 fusio,
1647 2165 1762 2215 qnae
1796 2149 1858 2199 fit
1898 2148 2186 2198 adversarii
2226 2163 2384 2198 cansa
2417 2156 2523 2196 tur·

1458 2226 1634 2277 bandi.
1659 2226 1945 2289 Virgilius:
1969 2225 1984 2253 ‘
2005 2226 2120 2276 Nec
2141 2226 2296 2288 longe
2318 2225 2522 2277 scilicet

1455 2305 1634 2355 hostes
1669 2304 1953 2358 Quaerendi
1985 2304 2154 2368 nobis,
2185 2304 2524 2355 circumstant

1457 2382 1687 2447 undique
1710 2397 1899 2431 muros.
1968 2382 2110 2431 Imus
2150 2380 2203 2430 in
2239 2380 2519 2431 adversos?

1455 2460 1581 2526 quid
1605 2459 1811 2511 cessas?
1841 2475 1906 2509 an
1931 2458 2026 2510 tibi
2056 2459 2266 2510 Mavors
2288 2459 2523 2509 ventosa

1455 2536 1511 2585 in
1534 2536 1731 2601 lingna,
1755 2535 2077 2601 pedibusque
2100 2536 2371 2600 fugacibus
2405 2536 2520 2585 istis

1428 2665 1435 2669 ,
1453 2613 1674 2677 Semper
1693 2613 1820 2662 erit?
1833 2612 1847 2635 ’
1882 2612 2031 2662 Idem.

1519 2689 1815 2753 Stilphonem
1850 2689 2043 2752 inquam
2082 2686 2305 2751 nonnas]
2356 2687 2519 2740 Quasi

1455 2766 1619 2830 dicat,
1642 2765 1974 2827 Convincam,
1997 2765 2036 2813 si
2059 2778 2234 2829 neges.
2268 2764 2418 2814 Idem

1517 2846 1585 2892 46
1634 2842 1705 2891 At
1736 2842 1783 2891 si
1818 2843 2048 2890 talentum
2081 2854 2184 2889 rem
2225 2834 2516 2905 reliquisset]

1452 2915 1748 2980 Ἀξιόπιστον
1768 2916 1895 2966 illud
1918 2914 2061 2966 fecit.
2096 2915 2246 2965 Idem.

1454 3003 1458 3007 “
1516 2997 1589 3045 At
1608 2995 1653 3044 si
1676 2996 1905 3043 talentum
1924 3007 2023 3041 rem
2037 2991 2308 3055 reliquisset
2337 2991 2517 3055 decem]

1454 3071 1606 3120 More
1629 3071 1989 3125 Romanorum,
2005 3067 2145 3131 apud
2168 3081 2294 3131 quos
2315 3067 2518 3116 beredi-

1456 3153 1537 3196 tas
1574 3145 1808 3208 pecuniae
1853 3148 1988 3193 erat.
2056 3142 2304 3192 Talentum
2341 3151 2516 3193 antem

1454 3222 1592 3288 quod
1634 3221 1784 3283 dixit,
1804 3235 1947 3270 more
1990 3219 2291 3270 Graecorum
2327 3220 2517 3270 admis-

1454 3301 1583 3349 cuit.
1639 3298 1790 3348 Idem.
1856 3294 1940 3345 An
1984 3294 2131 3344 dedit
2173 3309 2405 3358 operam,
2447 3310 2514 3345 ne

1455 3390 1561 3425 non
1603 3372 1798 3439 aliquid
1854 3371 2084 3420 diceret?
2139 3369 2334 3421 frustra
2371 3378 2517 3421 certe

1454 3452 1692 3502 hocloco
1728 3450 1826 3499 ista
1870 3449 1953 3496 vel
1987 3446 2301 3510 cogitantur,
2325 3448 2408 3496 vel
2437 3446 2514 3496 di-

1455 3535 1664 3592 cuntur,
1700 3527 1767 3577 de
1811 3523 2089 3588 conjuncto
2140 3537 2283 3573 more
2324 3522 2514 3573 Graeco

1455 3606 1805 3668 Romanoque.
1838 3601 2094 3650 Boeclerus.

1525 3679 1667 3743 Rern]
1722 3676 2105 3736 Hereditatem,
2149 3672 2330 3726 οὐσίαν.
2383 3674 2516 3725 Mer.

1458 3756 1774 3808 Casaubonus.

1519 3838 1583 3884 48
1616 3829 1900 3894 Proferens]
1933 3831 2075 3879 Esses
2101 3829 2365 3892 proferens,
2399 3841 2514 3891 pro,

1456 3910 1749 3977 proferres:
1820 3905 2180 3956 Graecismus:
2238 3911 2296 3953 ut
2345 3902 2512 3953 Andr.

1456 3995 1563 4039 act.
1585 4001 1663 4038 iv.
1702 4000 1778 4034 sc.
1801 3990 1851 4035 5.
1915 3982 2021 4032 ‘Ut
2058 3988 2115 4031 tu
2137 3980 2206 4030 sis
2242 3980 2437 4032 sciens.⁸
2470 3981 2507 4032 i.

1454 4073 1514 4117 nt
1537 4065 1686 4115 scias.
1717 4062 1869 4111 Idem.
2155 4058 2160 4069 “

1517 4146 1586 4192 49
1618 4140 1701 4189 Ita
1720 4144 1775 4187 ut
1794 4135 1937 4199 dicis]
1971 4134 2055 4184 Ita
2091 4147 2222 4195 sum,
2242 4131 2432 4195 inquit,
2455 4139 2517 4185 ut

1456 4218 1608 4281 dicis,
1640 4228 1825 4266 avarus
1866 4219 1924 4262 et
1958 4207 2246 4285 superbusg
2287 4209 2364 4258 Et
2396 4208 2515 4259 vide

1456 4308 1633 4366 senem
1679 4291 1747 4339 de
1780 4287 1972 4353 injuria
2012 4299 2116 4335 non
2155 4297 2339 4348 agere:
2392 4285 2513 4349 quia

390 4378 457 4426 38
492 4373 709 4426 Nomen?
738 4370 968 4435 maxime]
1001 4373 1153 4424 Falsa
1174 4387 1275 4424 non
1295 4373 1381 4425 ha·
1446 4371 1609 4436 justae
1631 4365 1850 4420 confidit
1870 4370 1928 4417 et
1953 4362 2139 4418 nititur
2160 4376 2347 4415 causta.
2389 4360 2510 4416 Ple-
