3035 4941
543 388 716 488 1648

545 558 675 611 tum,
696 547 902 614 quando
923 546 1178 598 obaeratua
1215 548 1284 598 ait
1306 547 1401 598 sub
1425 547 1509 611 huj
1519 561 1600 596 us-

543 626 682 677 modi
728 640 913 689 poena=
960 638 1058 674 nec
1111 624 1341 675 accusari
1394 626 1461 674 ab
1507 624 1600 672 ali-

543 718 647 770 quo
669 717 726 754 se
750 702 1001 769 queritur,
1021 713 1190 766 neque
1210 700 1465 752 damnari.
1497 701 1598 750 D·-

541 785 700 831 natas.

608 857 863 906 Hominem
884 854 1094 918 eddom]
1113 855 1183 905 Se
1209 853 1481 919 significat.
1519 854 1597 905 Id.

528 979 531 986 .
608 933 838 997 sapiant]
857 933 970 983 Sibi
989 933 1281 983 consulunt.
1314 933 1467 982 Idem.

528 1045 541 1050 -
605 1015 671 1060 22
708 1012 810 1060 Pro
844 1010 1072 1075 maleficio
1108 1010 1154 1059 ei
1184 1009 1600 1074 beneficiantur·-

541 1103 667 1139 ωιτη
689 1089 851 1137 nolant
871 1087 1088 1150 reddere]
1116 1087 1404 1136 Parasitice
1425 1086 1598 1151 benefi-

540 1166 666 1215 ciam
685 1179 914 1214 umnam
936 1163 1231 1214 dixitalere.
1265 1163 1431 1214 Idem.
1502 1189 1507 1198 -

607 1243 709 1291 Pro
729 1239 982 1304 nualqfieio]
1003 1240 1109 1289 Pro
1128 1241 1331 1303 injuria.
1362 1240 1515 1290 Idem·
1575 1265 1580 1272 ·

532 1351 537 1356 ·
609 1318 849 1381 Reddere]
873 1313 1202 1379 Retribuere,
1223 1329 1493 1380 reponere.
1516 1318 1596 1365 Id.

607 1401 672 1447 23
709 1396 822 1445 Noa
848 1398 1006 1458 potest
1038 1395 1161 1444 satis
1200 1410 1287 1458 pro
1328 1395 1496 1446 merito
1538 1394 1598 1444 ab

540 1476 624 1525 illo
657 1474 745 1523 ribi
784 1472 956 1531 referri
987 1473 1176 1537 gratia]
1217 1472 1438 1522 Multum
1483 1486 1600 1537 pro·

541 1550 707 1600 mittit
727 1549 866 1599 Geta
887 1548 1131 1612 parasito,
1162 1563 1318 1613 quum
1340 1548 1503 1610 dicat,
1523 1548 1596 1597 ni-

539 1627 614 1676 hil
635 1624 888 1687 futurum,
919 1624 1055 1690 quod
1091 1639 1187 1689 pro
1217 1625 1403 1675 merito
1433 1624 1601 1689 possit

542 1704 803 1767 accipere.
838 1703 986 1752 Idem·
1099 1745 1107 1755 .

606 1782 891 1844 Nonpomt
922 1781 1044 1832 satis
1077 1796 1164 1844 pro
1199 1780 1369 1831 unito
1400 1780 1460 1831 ab
1489 1779 1596 1845 illo]

541 1857 853 1922 Hujusmodi
892 1857 1177 1907 sententias
1214 1857 1447 1907 inferunt
1465 1857 1598 1907 Poe·

526 1942 612 1985 >tm
651 1934 968 1999 parenthesi,
1006 1948 1122 1984 cum
1154 1934 1232 1983 his
1268 1948 1384 1999 qum
1423 1934 1599 1983 volunt

538 2010 751 2061 inferre.
788 2012 936 2060 Idem.

604 2085 681 2135 Ab
720 2087 803 2135 illo
839 2086 930 2136 tibi
962 2084 1137 2145 referri
1171 2085 1360 2149 gratia]
1384 2086 1506 2136 Non
1530 2085 1596 2136 ab

540 2176 625 2224 eo,
663 2162 749 2227 qui
787 2168 843 2211 te
875 2162 1171 2213 damnatum
1213 2162 1462 2213 duxerit:
1500 2163 1596 2213 sed

541 2240 864 2303 Antiphone,
877 2239 945 2288 de
966 2254 1068 2304 quo
1090 2254 1258 2290 sermo
1280 2247 1378 2290 est.
1412 2240 1562 2289 Idem.

500 2361 501 2370 ,
603 2315 725 2378 luo]
758 2314 1072 2379 Antiphone.
1106 2318 1236 2367 Mer.
1257 2317 1578 2368 Cambonum

602 2397 670 2444 24
703 2393 809 2442 Iaso
846 2393 972 2442 enim
1000 2408 1134 2443 nemo
1168 2394 1290 2443 sat-is
1318 2409 1406 2458 pro
1427 2393 1597 2444 merito

535 2469 749 2534 gratiam
784 2470 891 2531 regi
923 2469 1097 2533 refert]
1136 2472 1282 2521 Beue
1322 2470 1597 2535 parasitus,

538 2545 788 2610 quidquid
833 2552 1066 2609 praestat,
1108 2546 1303 2596 debere
1346 2561 1404 2597 se
1446 2547 1593 2598 dicit.

539 2623 612 2672 Et
649 2628 733 2671 est
755 2622 1019 2685 proprium
1054 2637 1286 2685 personae
1324 2622 1596 2674 inferioris.

537 2698 808 2763 Virgilius,
843 2699 956 2747 ‘Tu
977 2699 1098 2748 mihi
1131 2700 1471 2765 quodcunque
1496 2701 1595 2750 hoc

536 2776 707 2840 regni,
740 2781 799 2825 tu
829 2781 1042 2838 sceptra
1076 2776 1364 2841 Jovemque
1410 2777 1595 2827 Conci·

536 2852 651 2915 lias,
671 2858 727 2900 tu
751 2850 844 2900 das
864 2850 1031 2916 epulis
1051 2852 1360 2903 accumbere
1382 2852 1596 2903 divum?

536 2930 774 2981 Donatus.

606 3005 856 3069 Gratiam]
884 3006 1083 3057 Vicem.
1116 3007 1268 3057 Idem.

604 3084 761 3133 Nemo
797 3084 918 3133 satis
946 3098 1034 3147 pro
1062 3084 1232 3134 merito
1249 3086 1466 3146 gratiam
1484 3082 1592 3146 reg-i

532 3156 705 3224 refert]
741 3160 851 3209 Rex
881 3159 1008 3208 alias
1045 3168 1311 3224 regnator,
1341 3160 1468 3210 alias
1500 3161 1591 3211 do·-

533 3237 723 3300 minus,
772 3235 900 3285 alias
942 3235 1089 3286 dives
1129 3235 1405 3300 significat.
1482 3237 1590 3287 Sed

533 3328 674 3364 nuno
695 3313 949 3363 rationem
983 3313 1138 3365 babet
1170 3314 1388 3364 nominis
1410 3313 1476 3364 ad
1496 3313 1590 3364 ali-

535 3390 660 3456 quid
682 3390 830 3452 dieti,
867 3391 934 3441 ad
969 3391 1359 3455 significandum
1403 3391 1591 3456 parasi-

535 3475 666 3519 tum.
699 3477 760 3518 ut
793 3469 930 3519 euim
970 3468 1225 3534 parasitus
1249 3470 1385 3534 regis
1408 3476 1513 3532 est,
1533 3474 1590 3518 et

533 3544 751 3595 libertus
790 3544 992 3608 patroni
1011 3563 1027 3607 ς
1061 3547 1136 3596 sie
1159 3560 1190 3596 e
1211 3546 1470 3595 contrario
1493 3560 1590 3596 rex

533 3620 752 3685 parasiti
769 3628 872 3682 est,
886 3629 943 3671 et
963 3629 1213 3685 patronus
1233 3621 1425 3672 liberti.
1447 3622 1587 3686 quod

535 3699 582 3748 si
612 3712 715 3749 nou
745 3705 899 3761 esset,
931 3713 1031 3749 nou
1059 3713 1190 3748 nemo
1214 3700 1588 3762 tantummodo,

533 3775 631 3825 sed
652 3775 668 3802 ‘
690 3774 858 3824 Nemo
876 3774 1162 3839 parasitus’
1186 3775 1399 3825 diceret.
1422 3776 1573 3827 Ida».

599 3852 750 3902 Immo
769 3851 895 3902 enim
923 3851 1080 3914 nemo]
1114 3852 1214 3902 Vel
1237 3866 1303 3901 ex
1320 3852 1482 3914 immo,
1504 3853 1587 3902 vel

534 3942 602 3980 ex
642 3930 784 3993 enim,
828 3929 1056 3980 elidetur
1092 3943 1173 3980 m:
1223 3929 1391 3994 primo
1435 3931 1587 3981 modo

534 4012 829 4071 auapaestus
851 4007 904 4057 in
924 4007 1091 4073 prima
1105 4013 1203 4072 est,
1222 4007 1450 4058 secundo
1466 4008 1588 4059 dac·

534 4085 688 4149 tylus.
723 4086 954 4136 Fae’rnas.

598 4161 749 4212 Immo
769 4163 894 4212 enirn
912 4177 1045 4213 mmo
1065 4162 1326 4226 ramma]
1350 4164 1586 4228 Conque-

531 4238 662 4287 ritur
684 4238 750 4288 de
770 4240 997 4304 quinque
1030 4241 1211 4290 horum
1235 4254 1471 4290 versuum
1493 4239 1586 4290 ob-

526 4315 783 4367 scuritate
804 4317 1036 4382 Scaliger
1055 4317 1259 4369 Poetis.
1278 4331 1354 4367 ιν.
1373 4321 1419 4367 1.
1441 4315 1585 4380 Guy-

530 4395 649 4442 etus
689 4392 964 4444 animosius
1001 4393 1187 4445 recidit
1228 4401 1335 4445 tres
1369 4409 1586 4445 versus:

1251 401 1461 451 NOTAE
1511 402 1602 450 vA
1617 401 1907 452 monum
1960 404 2039 453 m

1673 548 1906 612 duosque
1947 549 2283 612 insequentes
2332 560 2430 611 pro
2485 546 2745 610 suspectis

1673 625 1845 674 habet.
1911 626 2013 674 Sed
2038 627 2273 675 Donatus
2295 625 2503 674 monuit
2536 639 2606 674 ex
2640 626 2746 674 En-

1674 703 1746 750 nii
1767 703 1882 752 loco
1902 703 2116 753 notabili
2139 703 2275 751 huuc
2291 716 2415 750 esse
2430 702 2745 751 desumtum.

1673 779 1868 828 Versus
1893 779 2046 828 Ennii
2082 779 2343 844 quomodo
2377 776 2640 827 in.Variia
2664 791 2745 826 or-

1672 854 1817 904 dinet
1849 856 2089 906 Muretus
2111 856 2249 905 vide.
2316 857 2494 907 Quam
2514 869 2746 905 commo·

1673 931 1794 980 dum
1833 933 1903 981 sit
1938 932 2107 983 aiiena
2151 931 2355 999 quadra
2398 932 2604 992 vivere,
2647 932 2744 980 hac

1670 1007 1801 1071 ῥήσει
1824 1009 2038 1073 parasiti
2059 1009 2374 1058 declaratur.
2396 1023 2516 1071 cur,
2530 1007 2746 1072 asymbo-

1670 1086 1766 1134 lum
1788 1085 1927 1135 inter
1942 1086 2198 1148 parasitos
2219 1084 2504 1135 confictum
2532 1090 2745 1148 putaret

1671 1162 1929 1226 Donatus,
1968 1163 2094 1212 nihil
2124 1177 2300 1213 causae
2319 1161 2526 1212 habuit.
2551 1163 2641 1227 qui
2666 1176 2742 1212 re·

1671 1238 1813 1302 liqna
1851 1240 1978 1289 satis
2019 1240 2151 1289 bene
2181 1239 2449 1304 explieat3
2475 1239 2582 1290 nisi
2608 1239 2744 1303 qaod

1672 1315 1739 1364 de
1777 1316 2101 1380 procacitate
2146 1317 2516 1382 parasitorum,
2564 1318 2745 1366 idac·

1671 1393 1982 1456 cumbeudo,
2016 1394 2196 1444 itidem
2231 1393 2430 1445 frustra
2464 1394 2743 1458 cogitavit.

1671 1468 1746 1518 At
1769 1470 2053 1534 Eugraphii
2091 1470 2213 1520 nihil
2236 1475 2328 1522 ,αἱ
2366 1470 2648 1520 annotatio
2679 1470 2744 1520 ad

1671 1545 1779 1608 illa,
1812 1546 2000 1595 ‘Prior
2036 1545 2205 1608 bibas,
2242 1545 2387 1610 prior
2421 1545 2742 1596 decumbas:

1669 1623 1787 1674 lma
1830 1623 2010 1687 utique
2052 1638 2320 1673 servorum
2364 1630 2458 1673 est
2499 1621 2744 1688 quaedam

1672 1699 1907 1761 libertas,
1929 1706 1988 1750 ut
2008 1700 2108 1750 ista
2129 1701 2271 1764 prius
2303 1699 2402 1749 sibi
2446 1700 2746 1762 praestent?

1673 1775 1820 1828 Nihil
1841 1776 1925 1826 hie
1949 1775 2017 1826 de
2042 1777 2226 1827 servis.
2263 1783 2319 1826 et
2354 1775 2623 1839 parasitus
2646 1790 2747 1825 non

1675 1860 1871 1904 tantum
1896 1854 2048 1913 liber,
2074 1854 2168 1905 sed
2201 1859 2261 1904 ut
2295 1852 2522 1904 conviva
2541 1853 2744 1903 descri-

1673 1930 1828 1980 bitur.
1865 1932 2122 1981 Boeclerm.
2592 1969 2618 1980 ..
2725 1973 2736 1982 .

1738 2007 1892 2072 Regi]
1929 2008 2013 2058 Ita
2051 2009 2309 2059 vocabant
2332 2009 2561 2073 parasiti
2585 2010 2742 2059 bene-

1668 2085 1900 2136 factores
1919 2092 1976 2136 et
1998 2087 2233 2136 alumnos
2252 2100 2392 2135 suos.
2409 2086 2581 2138 Mart.
2602 2088 2624 2134 ‘v
2640 2087 2745 2138 Qui

1671 2176 1763 2212 rex
1810 2168 1910 2226 est,
1953 2176 2148 2228 regem,
2193 2162 2446 2226 Maxime,
2487 2177 2597 2212 non
2652 2163 2743 2213 ha-

1672 2237 1832 2288 beat?
1912 2239 2087 2289 Plaut.
2137 2238 2154 2266 ‘
2188 2238 2481 2298 Parasitus,
2525 2239 2619 2304 qui
2660 2252 2744 2287 me

1671 2316 1952 2379 complevit
1972 2313 2155 2381 flagitii
2177 2320 2232 2365 et
2253 2316 2570 2379 formidinis,
2592 2316 2745 2366 Meus

1671 2393 1904 2456 ulysses,
1928 2408 2021 2443 sno
2042 2394 2129 2460 qui
2149 2393 2260 2457 regi
2282 2400 2485 2445 tantum
2505 2394 2744 2444 concivit

1665 2468 1823 2519 mali!
1857 2472 1990 2521 Mer.
2017 2470 2338 2522 casaubonus.
2445 2526 2450 2531 ,
2532 2512 2542 2521 .
2733 2518 2736 2521 ,

1732 2551 1795 2595 ’λδ
1837 2547 1960 2597 Tene
1993 2549 2280 2611 asymbolum
2310 2548 2495 2611 venire,
2526 2554 2747 2611 uotum,

1668 2628 1809 2687 atque
1846 2625 2074 2674 lemme
2106 2625 2310 2688 balneis]
2343 2626 2476 2675 Haec
2524 2641 2635 2676 nou
2680 2626 2743 2674 ab

1672 2697 2014 2763 Apollodoro,
2053 2701 2145 2750 sed
2187 2715 2217 2750 e
2257 2707 2409 2752 sexto
2441 2708 2740 2766 satyrarum

1670 2777 1827 2826 Ennii
1848 2778 2099 2827 translata
2120 2784 2242 2829 sunt
2258 2779 2430 2829 omnia
2450 2795 2467 2830 ε
2494 2780 2741 2844 ‘Quippe

1671 2852 1784 2903 siue
1806 2867 1951 2916 eura,
1970 2855 2143 2919 laetus,
2166 2856 2357 2919 lautus,
2385 2870 2551 2921 quum
2583 2858 2738 2908 adve-

1667 2932 1772 2993 nis,
1793 2930 2012 2982 Infertis
2033 2924 2204 2996 malis,
2234 2940 2295 2984 et
2324 2933 2590 2998 expedito
2624 2935 2738 2985 bra-

1670 3008 1803 3064 chio,
1828 3009 2038 3071 Alaeer,
2062 3011 2251 3074 celsus,
2291 3010 2472 3074 lupino
2518 3025 2736 3074 exspec-

1670 3092 1788 3135 tans
1811 3085 2031 3150 impetu,
2072 3088 2202 3137 Mox
2242 3086 2369 3136 dum
2406 3087 2626 3138 alterius
2649 3089 2736 3138 ab·

1669 3163 1882 3227 ligurias
1917 3163 2080 3215 bona:
2116 3164 2243 3229 quid
2283 3165 2484 3214 Censes
2512 3164 2733 3215 dominis

1668 3252 1783 3289 asse
1817 3240 2011 3289 animi?
2057 3255 2153 3305 pro
2189 3240 2365 3290 divum
2406 3239 2601 3291 fidem!
2637 3242 2734 3291 Ille

1669 3317 1834 3367 tristis
1862 3316 2038 3367 eibum
2073 3317 2195 3368 dum
2231 3326 2426 3382 servat,
2460 3326 2519 3368 tu
2560 3318 2735 3368 ridens

1668 3391 1852 3443 voras!
1882 3394 2120 3444 Donatus.

1733 3470 1856 3521 Tene
1873 3470 2158 3535 asymbolum
2190 3470 2374 3535 venire]
2414 3472 2486 3521 Et
2519 3471 2624 3523 hoe
2644 3483 2733 3522 no·

1667 3561 1785 3596 men
1820 3555 2027 3599 constat
2068 3548 2203 3598 iuter
2246 3549 2504 3611 parasitos
2543 3547 2735 3599 confic-

1667 3629 1777 3674 tum
1800 3633 1959 3690 atque
1998 3625 2341 3688 compositum
2375 3640 2510 3676 esse.
2598 3626 2732 3675 Con-

1665 3710 1749 3752 tra
1768 3703 1895 3753 illud
1934 3703 1983 3754 in
2023 3701 2243 3764 Andria,
2274 3704 2289 3731 ‘
2310 3702 2611 3767 symbolam
2644 3701 2732 3751 de·

1661 3779 1762 3837 dit,
1781 3779 2041 3831 coenavit.’
2075 3780 2227 3830 Idem.

1729 3855 2060 3920 asymbolum]
2116 3856 2240 3907 Sine
2293 3854 2567 3920 symbola:
2620 3856 2730 3906 sine

1666 3940 1892 3996 sumptu.
1933 3932 2051 3982 vide
2080 3932 2220 3983 And.
2260 3939 2366 3983 act.
2388 3947 2434 3982 ι.
2464 3947 2539 3982 sc.
2573 3936 2620 3983 l.
2642 3933 2730 3996 ad,

1662 4009 1875 4062 ‘euim
1911 4009 2198 4074 symbolam
2236 4008 2417 4064 dedit:
2466 4002 2733 4059 caenavit!

1664 4087 1793 4137 Mer.
1821 4085 2142 4137 camoenas.

1709 4158 1797 4212 'ao
1833 4163 2055 4213 Otiosum
2091 4163 2152 4212 ab
2182 4161 2364 4225 anm]
2403 4162 2727 4226 mmmm.

1665 4241 1802 4299 Nam
1825 4240 2126 4301 addiditab,
2160 4256 2322 4307 quum
2339 4239 2611 4293 sufficeret
2623 4241 2727 4292 ani·

1665 4334 1755 4369 mo.
1778 4319 2035 4370 Donatus.
2151 4362 2155 4366 .

1734 4397 1895 4452 Quam
1915 4397 1995 4447 ille
2013 4411 2128 4447 eura
2148 4402 2194 4446 et
2215 4401 2404 4460 samia
2436 4395 2726 4459 absumitur]
