3035 4941
660 360 669 363 ⁴
724 401 1091 451 rnnssnru
1143 391 1422 453 nuova.
1468 407 1637 456 Aer.
1684 409 1752 457 v.
1799 409 1905 461 sc.
1951 412 2003 459 1.
2057 398 2060 403 ’

264 520 456 597 furiam.
493 541 755 594 Donatus.

275 619 398 736 ”12
420 616 682 670 Factus-uve
690 618 765 684 es]
785 619 1003 672 Etiamsi
1020 636 1125 672 non
1141 600 1321 675 facies.

328 695 506 742 enatus.
831 705 842 716 ‘

334 758 680 834 lsslnscitnm]
727 773 821 823 Me
852 773 1069 836 scilicet,
1108 775 1151 822 si
1183 774 1319 839 inju-

273 842 390 894 riam
405 843 607 898 faciam.
644 849 794 898 Idem.

330 920 578 985 Inscitum,
617 927 724 990 ξω]
759 926 847 977 Sic
886 926 1124 977 distinxit
1160 927 1318 978 Faer-

269 1011 356 1046 nus
382 1012 396 1045 t
449 1000 677 1051 Inscitum
726 1003 902 1068 offerre
933 1005 1162 1066 injurium
1206 1005 1318 1064 tibi,

266 1074 524 1127 istro-erenei
538 1079 747 1142 iniquom
769 1085 854 1131 est.
887 1080 1078 1130 Faber.

327 1151 579 1218 Inscitum]
615 1154 913 1220 Inelegans‚
957 1170 1059 1206 non
1102 1156 1315 1208 bonnm.

267 1228 333 1278 Et
363 1228 493 1281 bene
530 1247 636 1282 non
676 1233 808 1283 dixit
850 1237 1039 1296 durum,
1067 1240 1156 1281 ant
1191 1232 1314 1297 quid

265 1302 383 1368 tale,
402 1306 493 1357 sed
511 1310 732 1360 inscitum
746 1327 763 1360 .-
783 1324 884 1376 qno
902 1310 1064 1360 verbo
1088 1311 1321 1361 maxime

262 1382 495 1434 mulieres
518 1393 574 1436 et
592 1388 894 1437 meretrices
919 1395 1150 1438 utuntur.
1204 1387 1315 1437 Sci-

261 1459 356 1506 tum
378 1460 512 1510 enim
545 1461 729 1513 dieunt
761 1464 897 1528 qnod
923 1463 1122 1528 placet:
1164 1465 1310 1515 insci·

261 1537 356 1583 tum
389 1539 525 1602 quod
563 1539 827 1604 displicet.
849 1548 909 1592 nt
943 1541 1311 1592 ‘Per·ecastor

259 1609 414 1678 scitus
452 1629 584 1678 puer
621 1623 772 1666 natus
812 1623 895 1666 est
926 1632 957 1666 e
1000 1616 1311 1681 Pamphilo!

259 1686 373 1739 Hoc
407 1693 513 1742 tale
546 1699 629 1742 est
655 1694 794 1759 quod
828 1693 962 1744 dixit
997 1694 1219 1744 inscitum
1241 1710 1307 1744 ex

259 1764 537 1820 abundanti
554 1787 569 1820 z
596 1771 748 1835 quale
764 1775 846 1820 est
860 1770 996 1835 apud
1009 1769 1307 1834 Virgilium,

259 1846 272 1870 ⁸
291 1842 403 1894 Nec
434 1855 555 1912 post
587 1863 728 1897 arma
750 1848 859 1897 ulla
879 1846 1100 1898 rebelles
1121 1848 1308 1898 AEnea-

257 1917 334 1969 ‹1ae
355 1918 624 1974 referent!
659 1924 900 1973 Donatus.

320 1997 510 2064 Offerre
536 2001 786 2065 irritu-iam]
822 2000 1088 2066 offerimus
1128 2001 1315 2069 injus-iq

257 2088 332 2123 am
356 2090 453 2128 non
480 2079 730 2128 merenti:
764 2078 1007 2128 reddimus
1021 2078 1071 2127 ei
1093 2078 1182 2142 qui
1202 2092 1308 2128 me-

255 2157 412 2204 retur.
448 2153 598 2204 Idem.

316 2227 535 2293 Iniqimm
557 2231 653 2295 est]
676 2232 798 2282 Non
819 2231 1061 2283 inscitum
1087 2238 1309 2299 tantum,

252 2302 334 2367 (ill
351 2318 444 2357 vos
467 2310 712 2359 mulieres
733 2310 917 2361 amatis
937 2309 1126 2377 loqui,)
1156 2317 1212 2361 et
1233 2311 1308 2360 in·

254 2382 492 2450 elegans3
532 2386 627 2436 sed
651 2388 821 2452 palam
845 2389 1113 2453 injustum.
1179 2386 1307 2452 Alii,

251 2455 1308 2533 iniquumfuerit,inscitum‚(i.insulsum,)

251 2549 330 2585 me
377 2539 588 2605 offerre,
621 2547 720 2593 «Sec.
759 2550 816 2595 ut
852 2545 922 2595 sit
959 2546 1307 2599 accusativus.

251 2610 349 2662 Alii
371 2630 488 2666 cnm
509 2617 941 2685 Faernoleguntt
979 2623 1213 2675 Inscitum
1234 2626 1304 2685 of·

239 2686 370 2745 stne
387 2694 619 2755 injuriam
639 2695 731 2745 tibi
745 2712 766 2755 ,·
791 2696 1057 2766 (mulieri)
1082 2702 1195 2753 scil.
1215 2702 1304 2751 im-

251 2770 461 2831 merenti,
480 2771 711 2834 iniquum.
747 2774 782 2823 i.
801 2789 847 2824 e.
888 2776 1179 2826 immerenti
1215 2792 1306 2827 au·

254 2851 374 2910 tem,
394 2855 448 2898 et
467 2848 756 2914 innocenti,
775 2850 930 2901 etiam
948 2852 1183 2918 iniquum
1206 2859 1304 2904 est.

250 2920 375 2972 Mer.
401 2916 722 2977 Caso'ubonus.
1231 2968 1236 2974 -

313 3001 372 3048 15
399 3002 494 3052 Est
510 3009 689 3066 magna
715 3009 898 3054 ecastor
925 3005 1110 3068 gratim
1130 3009 1190 3057 de
1208 3006 1306 3057 ista

249 3085 316 3140 re,
339 3093 480 3142 quam
499 3081 592 3131 tibi
614 3081 833 3146 habeam]
855 3082 1105 3133 Imitatur
1135 3083 1221 3134 hic
1247 3091 1305 3135 et

250 3155 406 3206 senile
455 3166 513 3210 et
558 3158 856 3209 foemineum
905 3162 1304 3227 tardeloquium.

249 3228 536 3285 Suffecerat
568 3235 724 3299 enim,
755 3251 848 3299 ago
869 3237 1076 3301 gratias.
1110 3238 1302 3290 Donat.

313 3309 404 3359 Est
422 3325 600 3375 magno
619 3318 800 3363 ecastor
817 3314 1004 3377 grat-m]
1019 3316 1262 3365 Donatus
1287 3334 1302 3369 ε

247 3382 473 3437 Imitatur
491 3389 570 3438 hic
597 3394 646 3439 et
680 3389 828 3440 senice
855 3390 930 3455 (in
954 3390 1303 3455 praecedenti-

248 3457 338 3511 bus
355 3463 454 3530 sc.)
466 3470 515 3515 et
523 3465 806 3527 foemineum
815 3466 1156 3531 tardiloquium
1168 3484 1185 3518 .-
1208 3468 1301 3518 sed

249 3550 338 3587 cur
358 3539 424 3590 ad
445 3557 623 3592 sexum
660 3548 718 3592 et
751 3549 966 3593 aetatem
1008 3542 1301 3608 referimus,

248 3615 379 3679 quod
402 3616 562 3669 habet
585 3619 852 3684 propiores
882 3619 935 3668 in
969 3617 1083 3683 ipsa
1124 3606 1302 3670 οἷκονό·

246 3691 325 3757 μῑᾳ
345 3696 561 3745 causas?
605 3709 723 3745 nam
752 3702 810 3745 et
831 3695 1028 3747 Laches
1051 3695 1300 3747 decreve-

248 3778 349 3834 rat,
382 3780 629 3823 accurate
669 3787 824 3838 agere
857 3788 918 3824 ac
949 3773 1204 3837 comiter-3
1247 3781 1302 3826 et

247 3844 465 3899 Bacchis
488 3848 689 3899 blandae
713 3847 963 3900 orationis
986 3849 1213 3900 subsidio
1236 3850 1302 3901 ad

247 3936 437 3988 senem,
460 3941 612 3993 quem
643 3926 743 3976 sibi
764 3925 1033 3976 adversum
1048 3928 1162 3992 jam
1182 3932 1327 3977 ‘sns·*

246 3998 992 4068 picabatur,uticonstituerat.
1008 4004 1146 4054 unde
1161 4011 1304 4069 post-

2284 384 2472 467 1587'

1345 573 1357 581 ‘
1392 558 1532 612 ‘Imm
1549 551 1642 602 tibi
1658 552 1879 620 habeam]
1912 551 2177 608 Incitatur
2196 556 2281 609 bic
2302 568 2359 610 et
2374 574 2452 610 se·

1393 626 1497 676 uile
1522 635 1575 678 et
1597 628 1893 681 foemineum
1911 633 2294 700 tardiloquinm.
2332 636 2454 686 Suf-

1392 703 1595 757 fflcerat
1632 708 1789 772 enim,
1821 723 1915 771 ago
1946 711 2157 772 gratias.
2194 710 2331 761 Mer.
2352 713 2453 761 Cir-⁴

1392 781 1671 833 saubonns.

1459 862 1523 907 16
1561 861 1685 910 Nam
1704 861 1785 925 qni
1798 866 1908 925 post
1919 861 2106 923 factam
2142 848 2370 923 iniuriam
2400 879 2453 915 se

1390 936 1652 999 expurget]
1687 937 1772 986 Sic
1803 938 1856 987 in
1894 935 2148 1002 Adelphis
2187 941 2296 990 aits
2333 941 2451 990 ‘In-

1391 1008 1602 1073 dignum
1643 1018 1699 1061 te
1736 1027 1848 1063 esse
1878 1014 2068 1078 injuria
2084 1015 2202 1077 hac,
2225 1015 2453 1081 indignis

1393 1096 1549 1147 quum
1589 1096 1796 1152 egomet
1832 1090 1929 1139 sim
1971 1097 2219 1155 acceptus
2252 1093 2474 1142 modis.’‘

1390 1160 1629 1213 Domus.

1454 1239 1637 1288 Parnm
1659 1241 1779 1290 milti
1806 1240 1985 1305 prosit]
2018 1243 2071 1291 Si
2109 1243 2186 1292 sic
2223 1245 2452 1309 accipia-

1388 1318 1491 1375 tur,
1524 1318 1583 1364 nt
1610 1317 1864 1381 scriptum
1898 1324 1995 1383 est,
2022 1317 2218 1380 λιτότης
2253 1328 2335 1370 est
2358 1328 2450 1371 aut

1383 1390 1677 1452 ταπείνωσις,
1696 1404 1749 1443 et
1772 1396 1848 1446 ita
1867 1396 2280 1463 intelligendum,
2301 1401 2450 1464 quasi

1385 1467 1598 1531 dixerit,
1643 1472 1855 1521 multum
1889 1472 2015 1522 mihi
2054 1475 2311 1538 nocuerit,
2348 1476 2450 1524 imo

1381 1559 1466 1594 me
1490 1549 1756 1600 everterit.
1779 1548 1929 1600 Idem.

1446 1622 1580 1672 Mihi
1618 1640 1789 1688 parum
1824 1627 2006 1691 prosit]
2064 1626 2283 1690 Λιτότης,
2327 1643 2446 1692 pro,

1382 1699 1600 1748 multum
1623 1703 1883 1753 nocuerit.
1914 1705 2043 1755 Mer.
2070 1705 2392 1754 Cusaubonus.

1449 1779 1513 1824 lo
1546 1775 1642 1826 Sed
1658 1778 1771 1840 quid
1793 1779 1917 1829 istuc
1936 1780 2031 1845 est]
2066 1782 2222 1832 Nunc
2238 1781 2446 1831 demum

1383 1851 1449 1901 ad
1475 1865 1584 1900 rem
1609 1855 1763 1905 redit.
1799 1856 2039 1907 Donatus.

1448 1929 1614 1980 Meum
1644 1938 1856 1995 receptas
1870 1933 2058 1999 filium]
2091 1933 2446 1983 intensio-eri-

1383 2006 1554 2056 minis.
1613 2009 1681 2058 Et
1716 2024 1818 2058 non
1850 2011 2044 2073 recipis,
2079 2011 2171 2060 sed
2214 2016 2446 2081 receptas.

1383 2085 1453 2134 Et
1473 2098 1539 2133 ne
1554 2085 1776 2148 diceret,
1791 2086 1931 2139 Quid
1954 2087 2080 2136 tua?
2110 2086 2444 2152 meumfilium.

1381 2159 1548 2210 Idenx

1447 2239 1613 2287 Meum
1631 2243 1845 2303 receptas
1864 2240 2031 2306 filium
2066 2240 2130 2289 ad
2163 2238 2235 2302 te]
2267 2239 2442 2290 Status

1380 2314 1772 2378 conjecturalis,
1808 2332 1924 2382 quae
1963 2316 2266 2381 conjectura
2288 2315 2444 2365 dilui-

1382 2394 1465 2438 tur
1480 2404 1577 2454 per
1592 2389 1795 2453 ἄτεχνον
1808 2391 1988 2456 πίστιν,
2003 2392 2054 2442 id
2072 2399 2170 2450 est,
2181 2391 2444 2456 jusjuran-

1380 2465 1523 2529 dum,
1545 2484 1607 2519 ac
1631 2475 1890 2520 tormenta
1911 2485 2193 2520 servornm.
2225 2468 2376 2519 Idem

1443 2546 1548 2609 Ah]
1582 2547 1735 2598 Quod
1773 2542 1959 2597 'falsum
1998 2554 2102 2610 est,
2138 2547 2444 2596 reclamavit

1381 2623 1630 2672 meretrix
1667 2624 1877 2673 statim:
1934 2630 1993 2674 et
2030 2623 2195 2673 voluit
2234 2630 2474 2677 (τουπ-ω,
2543 2656 2547 2660 «

1381 2699 1581 2763 dicere,
1603 2701 1645 2750 si
1669 2701 2002 2765 permitteret
2023 2714 2199 2750 senex.
2231 2698 2386 2749 Idem.

1444 2781 1506 2827 17
1542 2776 1659 2827 Siue
1677 2778 1858 2842 dicam]
1891 2776 2164 2840 Virgilius,
2185 2774 2334 2825 ‘Sine
2357 2789 2441 2824 me
2535 2811 2541 2816 .

1378 2854 1492 2905 haec
1529 2855 1668 2904 haud
1706 2854 1896 2909 mollia,
1916 2852 2028 2904 fatu
2058 2852 2285 2903 Sublatis
2318 2867 2444 2916 ape·

1379 2929 1482 2978 rire
1507 2927 1676 2979 dolis?
1706 2930 1861 2978 Idem.

1447 3006 1659 3055 Uxorem
1678 3006 1941 3069 hancprius
1953 3003 2269 3069 quamdam-it]
2284 3003 2440 3053 Hane

1377 3083 1527 3147 qnasi
1571 3084 1868 3146 molestam,
1907 3087 1962 3133 et
2001 3096 2116 3146 quae
2155 3080 2269 3130 haee
2308 3079 2439 3130 nolit

1377 3160 1504 3223 pati.
1537 3159 1687 3210 Idem.

1448 3235 1656 3285 Uxorem
1699 3236 1819 3285 hono
1851 3235 1988 3299 prius
2019 3232 2182 3297 quam]
2227 3230 2275 3281 A
2320 3247 2436 3296 per-

1377 3313 1503 3362 sona
1546 3327 1654 3371 sna,
1694 3312 1849 3362 Prius
1899 3326 2050 3377 quam
2089 3309 2221 3360 hanc
2269 3308 2440 3372 duxit,

1376 3395 1606 3437 vestrum
1655 3402 1882 3438 amorem
1929 3385 2135 3451 pertuli.
2208 3387 2279 3436 Et
2320 3387 2439 3452 quia

1375 3464 1593 3514 multum
1606 3463 1800 3529 diuque
1812 3464 2083 3527 amaverit,
2097 3464 2273 3527 pertuli
2285 3462 2436 3525 dixit,

1378 3553 1493 3603 quae
1528 3548 1613 3590 est
1647 3540 1790 3604 longi
1822 3539 2073 3604 temporis
2107 3537 2437 3602 significatio.

1377 3616 1409 3689 ζ
1442 3693 1591 3743 Hanc
1605 3693 1743 3758 prins
1760 3708 1899 3758 quum
1917 3690 2083 3755 duxit]
2114 3689 2255 3741 Ante
2289 3705 2431 3742 rem:

1376 3785 1407 3820 a
1424 3770 1712 3835 praeteritis
1734 3778 1790 3820 et
1811 3777 1933 3820 ante
1950 3769 2100 3819 actis.
2134 3768 2287 3818 Ideni.

1448 3848 1668 3899 Vestrum
1688 3862 1894 3899 amorem
1905 3846 2109 3913 pertuli]
2140 3845 2435 3904 Ἀποσιῶπη-

1377 3937 1469 3982 «ns,
1489 3932 1550 3976 ut
1571 3926 1623 3974 in
1646 3925 2003 3976 Heautontim.
2060 3925 2076 3953 ‘
2102 3921 2176 3973 At
2195 3937 2278 3971 nae
2304 3918 2438 3972 illud

1375 4002 1512 4052 haud
1538 4001 1776 4064 inultum,
1812 4002 1856 4051 si
1889 4001 2028 4062 vivo,
2063 3998 2251 4049 ferent.
2312 4002 2433 4051 Non

246 4083 308 4123 ea
358 4091 549 4128 senex:
601 4080 618 4107 ‘
642 4079 873 4129 Facilem
911 4079 1306 4146 benivolnmque
1365 4078 1496 4142 jam,
1519 4093 1622 4128 non
1642 4087 1757 4128 tute
1779 4077 1988 4128 cohibes
2008 4074 2047 4126 ?’
2085 4076 2237 4126 Idem.

246 4149 421 4274 lilngua
444 4162 539 4205 tua
548 4156 660 4220 jam
682 4156 776 4206 tibi
800 4170 882 4205 me
903 4155 1166 4207 reddidit:
1187 4157 1302 4207 Βω-

241 4239 267 4275 e
284 4243 408 4357 Ἔζι
439 4321 615 4370 magna
635 4314 817 4358 ecastor
836 4308 1015 4370 ’ςταὲία
1044 4308 1101 4358 de
1133 4306 1220 4359 hac
1249 4325 1303 4360 re

1412 4167 1430 4209 ·,
1449 4155 1692 4220 Veemm]
1716 4155 1854 4218 Non,
1867 4154 2028 4218 ipsius
2044 4151 2318 4216 Pamphili.
2338 4153 2435 4202 Er-

1374 4239 1442 4297 go
1477 4232 1667 4294 blande
1705 4239 1762 4282 et
1792 4229 2090 4282 honorifice.
2140 4230 2262 4280 Non
2295 4229 2432 4280 enim

1373 4307 1509 4360 illins
1555 4323 1802 4373 amorem,
1842 4316 1898 4359 et
1943 4316 2087 4359 tuum
2137 4307 2456 4376 questurus
