3035 4941
583 388 761 455 1426

587 553 765 600 menta
786 545 984 596 locas?'
1016 545 1169 595 Idem.

655 624 785 680 Quid
805 637 891 684 ego
909 637 1034 671 nune
1049 626 1099 672 te
1115 617 1322 680 mutim]
1354 618 1491 672 Quia
1506 619 1644 681 laus,

586 714 749 764 genus
770 714 941 750 causae
965 705 1063 762 est,
1091 697 1226 763 quod
1249 712 1351 747 non
1375 697 1646 746 adbibere·

589 784 692 837 tur,
715 777 815 825 nisi
837 776 1011 826 dubiae
1027 775 1120 826 rei.
1156 776 1306 825 Idem.

655 852 786 909 Quid
830 868 918 916 ego
948 868 1073 903 nune
1115 857 1163 903 te
1210 852 1415 916 laudm]
1451 851 1647 901 Distin-

588 929 868 993 guendum.
904 931 919 958 ‘
942 930 1106 983 Quid’
1150 937 1358 980 autem.
1406 943 1499 992 pro
1537 927 1645 978 ‘ad

588 998 748 1071 quid!
783 1007 934 1057 Idem.

608 1087 684 1133 4
721 1084 989 1148 Numquam
1031 1084 1104 1134 ita
1147 1065 1421 1150 magnifice]
1475 1085 1646 1134 Deest

584 1160 817 1225 ι-ιιιιο<1·’
860 1168 917 1211 ιιι
961 1160 1049 1219 sit,
1082 1163 1220 1226 quod
1262 1175 1524 1227 nunquam
1569 1162 1647 1209 ita

586 1237 876 1300 magnifice.
955 1238 1166 1301 Duplex
1205 1251 1365 1287 causa
1401 1236 1645 1286 omitten-

590 1313 673 1363 dae
717 1313 902 1375 laudis,
944 1315 987 1363 si
1028 1328 1111 1364 res
1144 1322 1235 1364 aut
1265 1314 1475 1364 nimium
1510 1315 1646 1362 mala

590 1397 691 1453 est,
714 1399 804 1442 aut
827 1392 1037 1441 nimium
1052 1392 1202 1442 bona.
1235 1393 1387 1441 Idem.

654 1468 717 1516 Id
758 1468 914 1518 virtus
955 1468 1070 1531 quin
1110 1472 1297 1531 saperet
1332 1466 1440 1530 tas]
1496 1467 1649 1515 Bona

587 1544 871 1609 περίφρασις.
903 1550 920 1575 ‘
942 1546 1127 1596 Virtus
1144 1544 1261 1595 tua’
1282 1544 1474 1609 potius,
1492 1559 1648 1610 quant

588 1624 604 1651 ‘
627 1622 724 1672 tu.’
758 1623 912 1672 Idem.

653 1705 685 1748 5
722 1698 894 1762 Itaque
929 1714 1070 1748 anam
1091 1699 1212 1749 hane
1235 1712 1335 1748 rein
1357 1712 1429 1748 me
1450 1696 1646 1760 habere]

585 1776 603 1804 ‘
623 1774 836 1841 Itaque’
879 1784 935 1826 et
956 1776 1339 1840 subjunctivum
1371 1782 1547 1841 potest
1570 1789 1646 1825 es-

589 1865 664 1917 se,
698 1852 869 1903 media
891 1854 1086 1918 syllaba
1115 1858 1383 1916 correpta,
1418 1860 1473 1903 et
1511 1865 1644 1915 prte-

587 1930 882 1993 positivum,
926 1929 1181 1993 producta
1212 1930 1391 1980 eadem
1416 1929 1646 1995 syllaba,

589 2013 650 2056 ιιι
671 2006 741 2055 sit
761 2007 777 2035 ‘
799 2006 1014 2071 itaque!
1056 2007 1206 2057 Idem.

653 2088 686 2133 6
726 2084 963 2147 Fratrem]
989 2085 1140 2134 Nove
1156 2084 1290 2134 dixit
1314 2085 1328 2112 ‘
1349 2098 1502 2135 unam
1520 2081 1647 2132 rem’

588 2158 826 2212 fratrem.
906 2160 1012 2211 Sed
1054 2176 1151 2225 ego
1170 2165 1174 2170 ⁴
1196 2170 1324 2225 puto
1368 2159 1649 2212 ‘fratrem’

589 2252 691 2286 non
715 2237 1248 2302 subdistinguendum,
1259 2239 1349 2288 sed
1369 2237 1647 2303 legendum

588 2320 838 2363 contexte
861 2329 1025 2378 usque
1042 2314 1106 2363 ad
1128 2316 1142 2343 ‘
1161 2314 1483 2379 principem.’
1510 2316 1647 2365 Nam

588 2392 632 2439 si
655 2389 954 2440 distinxeris
992 2389 1275 2454 ‘fratrem,’
1318 2393 1421 2441 erit
1458 2391 1561 2454 bis,
1588 2397 1657 2441 ιιι.

591 2466 832 2530 arbitror,
855 2467 1279 2534 subaudiendum,
1311 2475 1368 2520 et
1398 2483 1573 2535 supra,
1595 2477 1651 2520 et

586 2543 741 2594 infra.
806 2545 960 2596 Quod
1003 2546 1047 2594 si
1077 2545 1352 2596 ‘fratrem'
1397 2546 1651 2597 inferiori·

590 2623 688 2674 bus
730 2622 988 2686 junxeris,
1036 2629 1091 2673 et
1126 2638 1258 2673 ,cum
1304 2624 1649 2675 admiratione

591 2699 1032 2766 pronuntiabitur,
1045 2707 1099 2750 et
1112 2700 1448 2751 subaudietur
1463 2702 1479 2730 ‘
1492 2717 1652 2767 quam

590 2777 752 2828 mihi!
815 2777 968 2827 Hanc
1005 2791 1132 2828 sane
1168 2779 1480 2828 locutionem
1517 2779 1650 2829 scire

592 2854 857 2916 debemus,
879 2862 1094 2918 propter
1115 2868 1387 2918 personam
1411 2855 1649 2905 elabora-

593 2937 715 2982 tam.
748 2946 865 2981 nam
887 2931 1101 2980 nimium
1124 2930 1334 2995 gaudet,
1352 2939 1408 2982 et
1428 2934 1652 2983 rusticus

590 3004 892 3059 adolescens
926 3015 1027 3071 est,
1061 3009 1149 3073 qui
1185 3007 1397 3058 laudare
1429 3015 1650 3059 conatur

591 3086 922 3135 AEschinumz
959 3085 1104 3149 quasi
1144 3084 1392 3148 titubans,
1429 3093 1485 3136 et
1513 3099 1680 3150 pene

591 3162 903 3212 balbutiens,
938 3162 1087 3211 Idem.
1468 3226 1470 3229 ι

655 3239 862 3289 Komaiai
878 3238 1081 3302 nemini]
1129 3238 1278 3289 Nove
1303 3237 1511 3288 auribus
1535 3254 1649 3289 nos·

592 3316 707 3374 tris,
745 3315 834 3364 sed
858 3321 1090 3364 veterum
1114 3315 1486 3365 consuetudine
1509 3317 1648 3366 locu·

589 3398 674 3441 tus
707 3399 806 3443 est.
840 3407 957 3442 nam
992 3408 1150 3459 quum
1188 3393 1456 3456 ‘nemini,’
1488 3394 1648 3444 homi·

591 3483 708 3518 nem
728 3469 1002 3532 significet,
1029 3470 1152 3535 quid
1172 3485 1302 3534 opus
1325 3469 1427 3520 fuit
1448 3470 1646 3536 dicere,

588 3544 813 3593 ‘homini
857 3545 1109 3594 nemini?
1156 3545 1282 3610 Sed,
1318 3554 1376 3596 ut
1409 3546 1651 3612 diximus,

587 3618 756 3683 figura
778 3627 858 3669 est
878 3620 1154 3683 ἀρχαϊσμός.
1186 3622 1335 3672 Idem·

658 3697 881 3746 Fratrem
902 3697 1080 3748 homini
1099 3700 1326 3750 nennium
1337 3699 1460 3762 esse]
1485 3701 1646 3764 Lego,

591 3777 651 3821 ιιι
703 3771 756 3821 ἱιι
817 3773 949 3823 libro
997 3775 1251 3825 Bembino
1296 3782 1351 3825 et
1393 3777 1647 3841 aliquibus

588 3847 723 3910 aliis,
746 3849 925 3899 Ιιοηιέιιί
945 3851 1137 3901 acarini.
1214 3851 1302 3902 Ita
1324 3853 1478 3902 etiam
1502 3855 1648 3904 vide·

588 3929 674 3974 tar
707 3926 894 3990 legisse
925 3928 1183 3990 Donatus,
1204 3929 1350 3979 ‘licet
1383 3930 1537 3979 aliter
1558 3931 1646 3980 ha·
1651 3962 1652 3965 =

478 4002 482 4009 '
588 4001 745 4051 beant
769 4004 1043 4067 ejuslibri.
1081 4018 1198 4056 nam
1237 4021 1352 4057 cum
1377 4021 1646 4077 compara-

589 4077 694 4125 tive
711 4079 873 4141 legat,
888 4078 1066 4130 dicens
1083 4082 1493 4133 subandiendum
1513 4098 1645 4149 esse,

586 4166 737 4216 quam
777 4155 916 4218 mihi,
948 4159 1129 4221 procul
1167 4159 1326 4210 dubio
1348 4161 1508 4211 debet
1530 4176 1646 4213 esse

586 4230 668 4278 cui
693 4241 1038 4297 comparetur,
1064 4235 1115 4284 id
1136 4241 1218 4317 est
1239 4236 1418 4287 homini
1449 4236 1646 4291 murini.

588 4298 837 4359 Faernus.
1315 4336 1320 4341 ·
1563 4326 1574 4340 ·

1288 402 1500 452 NOTAE
1551 399 1950 448 VAmoRUM
2004 399 2081 447 IN

1777 541 2014 591 Fran-em
2048 540 2180 591 hom:
2202 554 2327 591 nem.
2355 539 2482 605 ξω]
2523 539 2605 591 De
2642 539 2764 588 Mu:

1717 617 1907 668 nostris
1931 618 2042 681 jam
2066 619 2211 679 dixi3
2243 627 2302 667 et
2322 617 2570 667 dixerunt
2600 617 2683 665 alii
2702 614 2766 664 de

1719 694 1841 744 suis.
1916 697 2156 744 Donatus
2175 710 2376 760 quoque
2400 696 2476 745 sic
2499 696 2656 758 legit:
2677 694 2766 741 sic·-

1717 778 2013 823 ntveteres
2058 771 2264 821 codices
2297 774 2443 837 (nam
2480 771 2664 835 reliqui
2686 771 2767 818 im·

1717 857 1982 899 mutarunt
2025 849 2099 911 in,
2137 848 2316 898 homini
2348 846 2552 911 neaniai)
2589 853 2770 897 testan-

1722 931 1840 986 tur,
1860 925 1983 987 imo,
2000 925 2137 974 sicut
2159 938 2241 973 res
2262 925 2378 988 ipsa
2397 925 2614 974 evincit.
2668 923 2773 972 Nisi

1719 1003 1853 1051 enim
1877 1003 1952 1052 ita
1975 1004 2206 1067 legisset,
2241 1004 2379 1052 nulla
2401 1010 2541 1052 esset
2567 1008 2772 1051 annota-

1718 1079 1978 1145 tio,quam
2001 1080 2262 1144 opposuit.
2291 1119 2307 1133 .
2328 1079 2434 1128 Sed
2459 1077 2598 1143 quod
2623 1092 2774 1141 expe·
2796 1089 2801 1094 ·

1720 1153 1831 1204 dire
1853 1170 1956 1205 non
1982 1156 2173 1220 potnit,
2205 1156 2330 1220 quid
2356 1155 2496 1205 aliud
2520 1170 2672 1219 quam
2697 1169 2776 1204 co·

1719 1232 1854 1281 mice
1875 1231 1942 1281 ad
1975 1233 2328 1283 rusticitatem
2358 1234 2619 1298 loquentis
2646 1240 2773 1283 retu·

1720 1309 1784 1358 lit
1807 1308 1826 1356 ?
1863 1325 1910 1358 v.
1935 1311 2025 1361 Fr.
2046 1311 2273 1361 Fabricii
2298 1319 2410 1361 not.
2434 1318 2491 1361 et
2517 1311 2632 1361 Riv.
2667 1308 2774 1360 Bo·-

1722 1387 1888 1435 clerus.

1783 1468 1816 1513 7
1854 1466 1900 1513 0
1928 1465 2177 1529 Ctesipho]
2221 1465 2370 1516 ‘Mire
2402 1465 2583 1530 coepit,
2608 1464 2774 1529 gaudi-

1722 1557 1804 1592 um
1821 1541 2138 1605 significans,
2151 1546 2168 1571 ‘
2186 1559 2218 1594 o
2236 1542 2525 1608 Ctesipho?
2549 1544 2774 1594 Donatus.

1791 1619 1837 1667 0
1860 1618 2009 1683 Syre]
2046 1620 2163 1681 Ille,
2206 1628 2264 1670 ut
2304 1620 2555 1685 gaudens,
2591 1619 2776 1682 hit-,ut

1721 1697 1807 1759 qui
1828 1710 1928 1745 non
1951 1696 2272 1759 praeviderit,
2290 1713 2317 1746 o
2339 1698 2486 1748 dicit.
2520 1698 2672 1747 Idem.

1789 1774 1835 1822 O
1873 1773 2041 1839 Syre!
2081 1769 2338 1825 AExhinus
2379 1775 2463 1824 ubi
2500 1774 2597 1837 est]
2637 1776 2769 1824 Bene

1722 1853 1896 1902 statim
1916 1852 1984 1903 de
2006 1854 2113 1917 illo,
2147 1853 2230 1904 cui
2258 1853 2451 1919 agebat
2475 1854 2691 1919 gratias,
2709 1854 2773 1902 lo-

1722 1930 2009 1995 quicoepit.
2045 1931 2195 1982 laem.

1786 2005 1971 2070 Ellam]
2007 2008 2149 2057 Ecce
2175 2008 2353 2059 illum:
2393 2009 2474 2057 vel
2501 2009 2773 2072 pronomen

1721 2089 1821 2142 est,
1863 2084 1944 2131 vel
1998 2083 2303 2134 adverbium
2356 2084 2773 2134 demonstrantis.

1721 2156 1826 2207 Alii
1861 2158 2234 2224 interrogative
2263 2161 2475 2225 legunt:
2520 2167 2581 2212 ut
2602 2162 2688 2224 sit,
2713 2160 2773 2209 el·

1681 2237 1686 2238 ⁷
1720 2237 1816 2284 lam
1857 2236 2013 2286 dicis?
2049 2243 2100 2287 te
2137 2244 2355 2302 expectat
2388 2238 2533 2287 domi.
2601 2238 2677 2288 Ut
2714 2237 2775 2285 sit

1720 2312 1860 2362 enum
1892 2328 2197 2378 pronomen,
2232 2315 2285 2364 id
2308 2322 2410 2377 est,
2427 2316 2581 2366 illum.
2649 2315 2772 2364 Nam

1723 2396 1778 2438 et
1819 2390 1973 2454 illam,
2018 2398 2076 2442 et
2108 2394 2266 2455 ellum,
2305 2400 2362 2443 et
2395 2394 2541 2442 ouum
2582 2400 2773 2442 veteres

1724 2466 1987 2520 dixerunt.
2028 2473 2176 2523 Idem.

1799 2548 1964 2611 Domi]
1987 2547 2307 2600 Adverbinm
2329 2549 2480 2598 estin
2508 2551 2641 2598 loco.
2676 2549 2768 2598 Ia..

1789 2625 1939 2689 Hem]
1974 2625 2285 2693 Interjectio
2319 2633 2398 2676 est
2422 2625 2672 2676 laetantis.
2705 2625 2773 2674 Id.

1788 2707 1819 2752 8
1872 2703 2002 2759 Quid
2039 2701 2132 2765 sit]
2188 2702 2380 2765 Deest,
2422 2699 2650 2765 qua-ris?
2694 2699 2775 2750 sed

1721 2787 1802 2831 est
1838 2779 2144 2830 admirantis
2162 2779 2348 2844 magis,
2374 2794 2531 2845 quam
2567 2779 2776 2834 interro·

1722 2858 1914 2922 gantis.
1949 2857 2101 2906 Idem.

1790 2935 1931 2985 Illius
1974 2933 2137 2998 opera]
2169 2932 2467 2983 Dicendo‘
2495 2939 2693 2996 opera:
2730 2936 2778 2981 et

1720 3026 2027 3076 corporeum
2047 3011 2273 3060 laborem
2292 3010 2523 3061 AEschini
2539 3010 2779 3069 ostendit,

1722 3094 1779 3140 et
1820 3089 2138 3152 religionem.
2203 3087 2298 3150 Ut,
2330 3088 2526 3138 ‘Hunc
2562 3090 2687 3138 mihi
2718 3086 2778 3136 da

1720 3165 2007 3231 proprium,
2046 3165 2191 3228 virgo
2245 3172 2362 3215 sata
2417 3175 2601 3229 nocte,
2653 3167 2781 3216 labo·

1721 3256 1847 3299 rem,
1885 3241 2037 3290 Hanc
2075 3254 2303 3306 operam.
2308 3240 2324 3264 '
2392 3241 2548 3293 Hanc
2587 3242 2781 3316 religio-

1722 3333 1837 3369 nem
1878 3318 1987 3368 ait:
2024 3323 2103 3379 ut,
2138 3318 2341 3368 ‘annua
2376 3334 2586 3408 magnae
2629 3319 2782 3371 Sacra

1720 3395 1860 3446 refer
1882 3394 2064 3446 Cereri
2085 3396 2219 3445 laetis
2240 3403 2490 3480 operatus
2509 3396 2563 3447 in
2578 3396 2767 3449 herbis.
2767 3393 2783 3417 ’

1784 3551 1923 3601 Illius
1944 3566 2106 3615 opera,
2128 3550 2270 3616 Syre,
2304 3565 2429 3600 nune
2447 3550 2585 3615 vivo]
2621 3552 2671 3603 0
2695 3552 2779 3601 mi-

1719 3618 1826 3677 ram
1849 3625 2302 3690 amplificationem
2339 3625 2598 3677 beneficii.
2668 3627 2782 3676 Non

1719 3702 2057 3759 dixitslllius
2101 3717 2261 3766 opera
2317 3702 2537 3752 amicam
2576 3705 2781 3755 habeo:

1718 3779 1812 3829 sed
1851 3779 1987 3844 quod
2028 3780 2154 3829 satis
2185 3794 2363 3842 grave,
2395 3789 2450 3831 et
2483 3782 2618 3832 satis
2652 3794 2781 3832 ama·

1720 3859 1926 3921 torium,
1946 3858 2077 3907 illius
2110 3873 2251 3921 opera
2287 3872 2413 3908 nane
2442 3860 2571 3918 vivo,
2596 3860 2779 3927 inquit.
2851 3906 2854 3911 ,

1719 3930 1873 3985 Idem.

1739 4011 2031 4062 ·Festivam
2087 4010 2251 4075 eaput]
2305 4011 2446 4060 Huic
2493 4014 2771 4064 contrarius

1716 4101 1896 4138 sensus
1933 4095 2036 4152 est,
2073 4088 2388 4138 ‘ridiculum
2414 4089 2615 4153 caput!
2675 4088 2773 4140 Alii

1718 4173 1925 4228 putant,
1949 4165 2225 4217 ‘festivum
2248 4165 2444 4230 caput,’
2468 4182 2574 4218 non
2593 4167 2767 4218 AEschi·

1717 4242 1769 4291 ni
1792 4243 2203 4308 intelligendum,
2218 4243 2313 4293 sed
2337 4245 2606 4309 orationis,
2627 4237 2772 4307 quani

1718 4318 1876 4370 nabet
1898 4320 2167 4384 Ctesipho,
2203 4333 2360 4385 agens
2391 4322 2588 4384 gratias
2607 4317 2763 4371 fratri.
