<?xml version="1.0" encoding="UTF-8"?>
<!DOCTYPE html PUBLIC "-//W3C//DTD XHTML 1.0 Transitional//EN"
    "http://www.w3.org/TR/xhtml1/DTD/xhtml1-transitional.dtd">
<html xmlns="http://www.w3.org/1999/xhtml" xml:lang="en" lang="en">
 <head>
  <title>
</title>
<meta http-equiv="Content-Type" content="text/html;charset=utf-8" />
  <meta name='ocr-system' content='tesseract 3.04.00' />
  <meta name='ocr-capabilities' content='ocr_page ocr_carea ocr_par ocr_line ocrx_word'/>
</head>
<body>
  <div class='ocr_page' id='page_1' title='image "./comoedisexvolum00westgoog_0172.png"; bbox 0 0 3035 4941; ppageno 0'>
   <div class='ocr_carea' id='block_1_1' title="bbox 586 306 761 431">
    <p class='ocr_par' dir='ltr' id='par_1_1' title="bbox 586 306 761 431">
     <span class='ocr_line' id='line_1_1' title="bbox 586 306 761 431; baseline -0.006 -1"><span class='ocrx_word' id='word_1_1' title='bbox 586 306 761 431; x_wconf 45' lang='lat'>1382</span> 
     </span>
    </p>
   </div>
   <div class='ocr_carea' id='block_1_2' title="bbox 553 524 1641 3876">
    <p class='ocr_par' dir='ltr' id='par_1_2' title="bbox 553 524 1641 969">
     <span class='ocr_line' id='line_1_2' title="bbox 586 524 1641 589; baseline -0.002 -13"><span class='ocrx_word' id='word_1_2' title='bbox 586 524 902 576; x_wconf 78' lang='lat' dir='ltr'>Debuerant</span> <span class='ocrx_word' id='word_1_3' title='bbox 935 526 1046 577; x_wconf 78' lang='lat' dir='ltr'>haec</span> <span class='ocrx_word' id='word_1_4' title='bbox 1080 527 1261 589; x_wconf 82' lang='lat' dir='ltr'>gravia</span> <span class='ocrx_word' id='word_1_5' title='bbox 1296 540 1428 585; x_wconf 83' lang='lat' dir='ltr'>esse,</span> <span class='ocrx_word' id='word_1_6' title='bbox 1449 533 1509 575; x_wconf 88' lang='lat' dir='ltr'>ut</span> <span class='ocrx_word' id='word_1_7' title='bbox 1531 539 1641 574; x_wconf 67' lang='lat' dir='ltr'>uio-‘-</span> 
     </span>
     <span class='ocr_line' id='line_1_3' title="bbox 586 602 1638 665; baseline -0.002 -14"><span class='ocrx_word' id='word_1_8' title='bbox 586 602 706 651; x_wconf 83' lang='lat' dir='ltr'>bilis</span> <span class='ocrx_word' id='word_1_9' title='bbox 730 602 970 652; x_wconf 87' lang='lat' dir='ltr'>amatoris</span> <span class='ocrx_word' id='word_1_10' title='bbox 989 602 1332 651; x_wconf 77' lang='lat' dir='ltr'>inconstantia</span> <span class='ocrx_word' id='word_1_11' title='bbox 1350 602 1502 664; x_wconf 82' lang='lat' dir='ltr'>paulo</span> <span class='ocrx_word' id='word_1_12' title='bbox 1521 607 1638 665; x_wconf 87' lang='lat' dir='ltr'>post</span> 
     </span>
     <span class='ocr_line' id='line_1_4' title="bbox 553 679 1640 742; baseline -0.003 -15"><span class='ocrx_word' id='word_1_13' title='bbox 553 717 554 720; x_wconf 16' lang='grc' dir='ltr'>η</span> <span class='ocrx_word' id='word_1_14' title='bbox 586 680 749 729; x_wconf 76' lang='lat' dir='ltr'>veluti</span> <span class='ocrx_word' id='word_1_15' title='bbox 769 679 1108 728; x_wconf 82' lang='lat' dir='ltr'>exadversum</span> <span class='ocrx_word' id='word_1_16' title='bbox 1126 685 1471 742; x_wconf 79' lang='lat' dir='ltr'><strong>spectaretur,</strong></span> <span class='ocrx_word' id='word_1_17' title='bbox 1487 691 1640 741; x_wconf 87' lang='lat' dir='ltr'>quan·</span> 
     </span>
     <span class='ocr_line' id='line_1_5' title="bbox 587 751 1637 814; baseline 0.001 -13"><span class='ocrx_word' id='word_1_18' title='bbox 587 753 657 803; x_wconf 91' lang='lat' dir='ltr'>do</span> <span class='ocrx_word' id='word_1_19' title='bbox 681 761 826 804; x_wconf 89' lang='lat' dir='ltr'>tanta</span> <span class='ocrx_word' id='word_1_20' title='bbox 864 754 1083 814; x_wconf 86' lang='lat' dir='ltr'>ratione,</span> <span class='ocrx_word' id='word_1_21' title='bbox 1125 761 1267 802; x_wconf 85' lang='lat' dir='ltr'>tanto</span> <span class='ocrx_word' id='word_1_22' title='bbox 1307 751 1497 801; x_wconf 82' lang='lat' dir='ltr'>affectu</span> <span class='ocrx_word' id='word_1_23' title='bbox 1539 753 1637 802; x_wconf 83' lang='lat' dir='ltr'>hue</span> 
     </span>
     <span class='ocr_line' id='line_1_6' title="bbox 583 821 1636 892; baseline 0 -15"><span class='ocrx_word' id='word_1_24' title='bbox 583 836 882 891; x_wconf 81' lang='lat' dir='ltr'>provectus,</span> <span class='ocrx_word' id='word_1_25' title='bbox 911 821 1073 877; x_wconf 86' lang='lat' dir='ltr'>unico</span> <span class='ocrx_word' id='word_1_26' title='bbox 1089 888 1093 892; x_wconf 86' lang='lat'>.</span> <span class='ocrx_word' id='word_1_27' title='bbox 1108 829 1266 878; x_wconf 81' lang='lat' dir='ltr'>verbo</span> <span class='ocrx_word' id='word_1_28' title='bbox 1286 829 1519 892; x_wconf 79' lang='lat' dir='ltr'><strong>labascit,</strong></span> <span class='ocrx_word' id='word_1_29' title='bbox 1550 844 1636 878; x_wconf 80' lang='lat' dir='ltr'>ex-</span> 
     </span>
     <span class='ocr_line' id='line_1_7' title="bbox 586 905 1474 969; baseline -0.001 -15"><span class='ocrx_word' id='word_1_30' title='bbox 586 911 864 969; x_wconf 75' lang='lat' dir='ltr'>pugnatur,</span> <span class='ocrx_word' id='word_1_31' title='bbox 887 905 1189 953; x_wconf 89' lang='lat' dir='ltr'>succumbit.</span> <span class='ocrx_word' id='word_1_32' title='bbox 1215 906 1474 953; x_wconf 82' lang='lat' dir='ltr'>Boeclerus.</span> 
     </span>
    </p>

    <p class='ocr_par' dir='ltr' id='par_1_3' title="bbox 583 980 1641 1271">
     <span class='ocr_line' id='line_1_8' title="bbox 650 980 1641 1045; baseline 0 -15"><span class='ocrx_word' id='word_1_33' title='bbox 650 980 871 1030; x_wconf 80' lang='lat' dir='ltr'>Nuncubi</span> <span class='ocrx_word' id='word_1_34' title='bbox 883 994 1028 1029; x_wconf 87' lang='lat' dir='ltr'>meam</span> <span class='ocrx_word' id='word_1_35' title='bbox 1041 981 1399 1045; x_wconf 77' lang='lat' dir='ltr'>benignitatem]</span> <span class='ocrx_word' id='word_1_36' title='bbox 1414 982 1641 1030; x_wconf 77' lang='lat' dir='ltr'>Possunt</span> 
     </span>
     <span class='ocr_line' id='line_1_9' title="bbox 587 1056 1638 1121; baseline -0.003 -13"><span class='ocrx_word' id='word_1_37' title='bbox 587 1057 725 1108; x_wconf 85' lang='lat' dir='ltr'>enim</span> <span class='ocrx_word' id='word_1_38' title='bbox 739 1056 874 1105; x_wconf 87' lang='lat' dir='ltr'>dona</span> <span class='ocrx_word' id='word_1_39' title='bbox 900 1057 1026 1118; x_wconf 85' lang='lat' dir='ltr'>dari,</span> <span class='ocrx_word' id='word_1_40' title='bbox 1046 1058 1134 1106; x_wconf 86' lang='lat' dir='ltr'>sed</span> <span class='ocrx_word' id='word_1_41' title='bbox 1152 1058 1352 1121; x_wconf 83' lang='lat' dir='ltr'>exigua,</span> <span class='ocrx_word' id='word_1_42' title='bbox 1374 1063 1460 1106; x_wconf 86' lang='lat' dir='ltr'>aut</span> <span class='ocrx_word' id='word_1_43' title='bbox 1476 1058 1638 1105; x_wconf 84' lang='lat' dir='ltr'>minus</span> 
     </span>
     <span class='ocr_line' id='line_1_10' title="bbox 583 1132 1637 1184; baseline -0.001 -2"><span class='ocrx_word' id='word_1_44' title='bbox 583 1134 904 1184; x_wconf 77' lang='lat' dir='ltr'>liberaliter:</span> <span class='ocrx_word' id='word_1_45' title='bbox 962 1139 1018 1182; x_wconf 87' lang='lat' dir='ltr'>et</span> <span class='ocrx_word' id='word_1_46' title='bbox 1053 1133 1169 1182; x_wconf 88' lang='lat' dir='ltr'>ideo</span> <span class='ocrx_word' id='word_1_47' title='bbox 1204 1134 1516 1182; x_wconf 82' lang='lat' dir='ltr'>mentionem</span> <span class='ocrx_word' id='word_1_48' title='bbox 1553 1132 1637 1181; x_wconf 88' lang='lat' dir='ltr'>be·</span> 
     </span>
     <span class='ocr_line' id='line_1_11' title="bbox 587 1208 1483 1271; baseline 0.006 -14"><span class='ocrx_word' id='word_1_49' title='bbox 587 1209 857 1271; x_wconf 83' lang='lat' dir='ltr'>nignitatis</span> <span class='ocrx_word' id='word_1_50' title='bbox 884 1208 1093 1271; x_wconf 86' lang='lat' dir='ltr'>adjecit.</span> <span class='ocrx_word' id='word_1_51' title='bbox 1127 1211 1367 1258; x_wconf 81' lang='lat' dir='ltr'>Donatus.</span> <span class='ocrx_word' id='word_1_52' title='bbox 1479 1257 1483 1262; x_wconf 86' lang='grc'><em>,</em></span> 
     </span>
    </p>

    <p class='ocr_par' dir='ltr' id='par_1_4' title="bbox 583 1284 1637 1657">
     <span class='ocr_line' id='line_1_12' title="bbox 653 1284 1635 1348; baseline 0.002 -16"><span class='ocrx_word' id='word_1_53' title='bbox 653 1284 877 1333; x_wconf 84' lang='lat' dir='ltr'>Nuncubi</span> <span class='ocrx_word' id='word_1_54' title='bbox 915 1300 1065 1335; x_wconf 86' lang='lat' dir='ltr'>meam</span> <span class='ocrx_word' id='word_1_55' title='bbox 1117 1285 1477 1348; x_wconf 70' lang='lat' dir='ltr'>benignitatem]</span> <span class='ocrx_word' id='word_1_56' title='bbox 1531 1286 1635 1335; x_wconf 86' lang='lat' dir='ltr'>Sed</span> 
     </span>
     <span class='ocr_line' id='line_1_13' title="bbox 583 1362 1635 1430; baseline 0.004 -19"><span class='ocrx_word' id='word_1_57' title='bbox 583 1362 670 1411; x_wconf 84' lang='lat' dir='ltr'>ille</span> <span class='ocrx_word' id='word_1_58' title='bbox 688 1363 935 1427; x_wconf 80' lang='lat' dir='ltr'>benignus</span> <span class='ocrx_word' id='word_1_59' title='bbox 960 1373 1057 1414; x_wconf 90' lang='lat' dir='ltr'>est.</span> <span class='ocrx_word' id='word_1_60' title='bbox 1127 1368 1261 1415; x_wconf 84' lang='lat' dir='ltr'>Nunc</span> <span class='ocrx_word' id='word_1_61' title='bbox 1276 1367 1373 1428; x_wconf 83' lang='lat' dir='ltr'>ubi,</span> <span class='ocrx_word' id='word_1_62' title='bbox 1391 1366 1635 1430; x_wconf 86' lang='lat' dir='ltr'>numquid</span> 
     </span>
     <span class='ocr_line' id='line_1_14' title="bbox 585 1440 1637 1507; baseline 0.002 -19"><span class='ocrx_word' id='word_1_63' title='bbox 585 1440 793 1490; x_wconf 79' lang='lat' dir='ltr'>alicubi.</span> <span class='ocrx_word' id='word_1_64' title='bbox 880 1442 987 1491; x_wconf 88' lang='lat' dir='ltr'>Aut</span> <span class='ocrx_word' id='word_1_65' title='bbox 1032 1442 1093 1505; x_wconf 90' lang='lat' dir='ltr'>si,</span> <span class='ocrx_word' id='word_1_66' title='bbox 1134 1443 1351 1507; x_wconf 76' lang='lat' dir='ltr'>nuncubi,</span> <span class='ocrx_word' id='word_1_67' title='bbox 1402 1443 1637 1505; x_wconf 86' lang='lat' dir='ltr'>legimus,</span> 
     </span>
     <span class='ocr_line' id='line_1_15' title="bbox 587 1516 1636 1581; baseline 0.001 -16"><span class='ocrx_word' id='word_1_68' title='bbox 587 1517 692 1566; x_wconf 82' lang='lat' dir='ltr'>erit</span> <span class='ocrx_word' id='word_1_69' title='bbox 708 1516 1008 1567; x_wconf 77' lang='lat' dir='ltr'>adverbium</span> <span class='ocrx_word' id='word_1_70' title='bbox 1031 1520 1305 1581; x_wconf 85' lang='lat' dir='ltr'>temporis:</span> <span class='ocrx_word' id='word_1_71' title='bbox 1342 1526 1401 1568; x_wconf 89' lang='lat' dir='ltr'>ut</span> <span class='ocrx_word' id='word_1_72' title='bbox 1437 1519 1504 1568; x_wconf 93' lang='lat' dir='ltr'>sit</span> <span class='ocrx_word' id='word_1_73' title='bbox 1527 1519 1636 1581; x_wconf 89' lang='lat' dir='ltr'>ubi,</span> 
     </span>
     <span class='ocr_line' id='line_1_16' title="bbox 586 1592 1389 1657; baseline 0.005 -16"><span class='ocrx_word' id='word_1_74' title='bbox 586 1608 686 1657; x_wconf 90' lang='lat' dir='ltr'>quo</span> <span class='ocrx_word' id='word_1_75' title='bbox 708 1594 758 1642; x_wconf 92' lang='lat' dir='ltr'>in</span> <span class='ocrx_word' id='word_1_76' title='bbox 783 1592 916 1653; x_wconf 90' lang='lat' dir='ltr'>loco,</span> <span class='ocrx_word' id='word_1_77' title='bbox 940 1596 1106 1657; x_wconf 87' lang='lat' dir='ltr'>quain</span> <span class='ocrx_word' id='word_1_78' title='bbox 1131 1612 1207 1645; x_wconf 87' lang='lat' dir='ltr'>re.</span> <span class='ocrx_word' id='word_1_79' title='bbox 1239 1597 1389 1647; x_wconf 84' lang='lat' dir='ltr'>Idem.</span> 
     </span>
    </p>

    <p class='ocr_par' dir='ltr' id='par_1_5' title="bbox 582 1668 1638 2175">
     <span class='ocr_line' id='line_1_17' title="bbox 650 1668 1637 1733; baseline 0.003 -16"><span class='ocrx_word' id='word_1_80' title='bbox 650 1668 872 1718; x_wconf 86' lang='lat' dir='ltr'>Nuncubi</span> <span class='ocrx_word' id='word_1_81' title='bbox 892 1685 1038 1719; x_wconf 89' lang='lat' dir='ltr'>meam</span> <span class='ocrx_word' id='word_1_82' title='bbox 1078 1670 1435 1733; x_wconf 74' lang='lat' dir='ltr'>benignitatem]</span> <span class='ocrx_word' id='word_1_83' title='bbox 1472 1670 1637 1720; x_wconf 87' lang='lat' dir='ltr'>Intel-</span> 
     </span>
     <span class='ocr_line' id='line_1_18' title="bbox 584 1745 1638 1810; baseline 0.002 -16"><span class='ocrx_word' id='word_1_84' title='bbox 584 1745 700 1809; x_wconf 83' lang='lat' dir='ltr'>ligit</span> <span class='ocrx_word' id='word_1_85' title='bbox 716 1760 776 1795; x_wconf 86' lang='lat' dir='ltr'>se</span> <span class='ocrx_word' id='word_1_86' title='bbox 796 1751 850 1795; x_wconf 86' lang='lat' dir='ltr'>et</span> <span class='ocrx_word' id='word_1_87' title='bbox 869 1746 1003 1795; x_wconf 88' lang='lat' dir='ltr'>dona</span> <span class='ocrx_word' id='word_1_88' title='bbox 1020 1747 1282 1810; x_wconf 86' lang='lat' dir='ltr'>obtulisse,</span> <span class='ocrx_word' id='word_1_89' title='bbox 1300 1754 1355 1795; x_wconf 92' lang='lat' dir='ltr'>et</span> <span class='ocrx_word' id='word_1_90' title='bbox 1379 1747 1431 1795; x_wconf 91' lang='lat' dir='ltr'>id</span> <span class='ocrx_word' id='word_1_91' title='bbox 1458 1747 1638 1809; x_wconf 75' lang='lat' dir='ltr'>benig-</span> 
     </span>
     <span class='ocr_line' id='line_1_19' title="bbox 582 1820 1636 1886; baseline 0.003 -18"><span class='ocrx_word' id='word_1_92' title='bbox 582 1834 648 1869; x_wconf 91' lang='lat' dir='ltr'>ne</span> <span class='ocrx_word' id='word_1_93' title='bbox 674 1834 814 1883; x_wconf 80' lang='lat' dir='ltr'>saepe</span> <span class='ocrx_word' id='word_1_94' title='bbox 846 1820 1050 1871; x_wconf 83' lang='lat' dir='ltr'>fecisse.</span> <span class='ocrx_word' id='word_1_95' title='bbox 1077 1837 1193 1870; x_wconf 90' lang='lat' dir='ltr'>nam</span> <span class='ocrx_word' id='word_1_96' title='bbox 1228 1823 1528 1886; x_wconf 89' lang='lat' dir='ltr'>plerumque</span> <span class='ocrx_word' id='word_1_97' title='bbox 1561 1823 1636 1871; x_wconf 92' lang='lat' dir='ltr'>in-</span> 
     </span>
     <span class='ocr_line' id='line_1_20' title="bbox 583 1895 1636 1962; baseline 0.002 -18"><span class='ocrx_word' id='word_1_98' title='bbox 583 1903 736 1959; x_wconf 81' lang='lat' dir='ltr'>grata</span> <span class='ocrx_word' id='word_1_99' title='bbox 754 1895 887 1952; x_wconf 81' lang='lat' dir='ltr'>dona</span> <span class='ocrx_word' id='word_1_100' title='bbox 904 1904 1041 1961; x_wconf 89' lang='lat' dir='ltr'>sunt,</span> <span class='ocrx_word' id='word_1_101' title='bbox 1063 1898 1114 1946; x_wconf 91' lang='lat' dir='ltr'>in</span> <span class='ocrx_word' id='word_1_102' title='bbox 1140 1899 1323 1962; x_wconf 89' lang='lat' dir='ltr'>quibus</span> <span class='ocrx_word' id='word_1_103' title='bbox 1347 1897 1636 1961; x_wconf 82' lang='lat' dir='ltr'>benignitas</span> 
     </span>
     <span class='ocr_line' id='line_1_21' title="bbox 582 1976 1635 2039; baseline 0.003 -18"><span class='ocrx_word' id='word_1_104' title='bbox 582 1986 685 2024; x_wconf 84' lang='lat' dir='ltr'>non</span> <span class='ocrx_word' id='word_1_105' title='bbox 708 1982 956 2036; x_wconf 82' lang='lat' dir='ltr'>apparet:</span> <span class='ocrx_word' id='word_1_106' title='bbox 993 1989 1108 2039; x_wconf 83' lang='lat' dir='ltr'>quae</span> <span class='ocrx_word' id='word_1_107' title='bbox 1144 1982 1237 2023; x_wconf 84' lang='lat' dir='ltr'>aut</span> <span class='ocrx_word' id='word_1_108' title='bbox 1274 1976 1323 2025; x_wconf 90' lang='lat' dir='ltr'>in</span> <span class='ocrx_word' id='word_1_109' title='bbox 1346 1976 1635 2039; x_wconf 86' lang='lat' dir='ltr'>quantitate</span> 
     </span>
     <span class='ocr_line' id='line_1_22' title="bbox 583 2041 1636 2115; baseline 0.002 -18"><span class='ocrx_word' id='word_1_110' title='bbox 583 2063 754 2098; x_wconf 82' lang='lat' dir='ltr'>rerum</span> <span class='ocrx_word' id='word_1_111' title='bbox 770 2057 868 2113; x_wconf 87' lang='lat' dir='ltr'>est,</span> <span class='ocrx_word' id='word_1_112' title='bbox 883 2052 1039 2099; x_wconf 90' lang='lat' dir='ltr'>autin</span> <span class='ocrx_word' id='word_1_113' title='bbox 1052 2049 1307 2101; x_wconf 77' lang='lat' dir='ltr'>facilitate</span> <span class='ocrx_word' id='word_1_114' title='bbox 1324 2041 1636 2115; x_wconf 73' lang='lat' dir='ltr'>praestantis.</span> 
     </span>
     <span class='ocr_line' id='line_1_23' title="bbox 582 2124 735 2175; baseline 0 -2"><span class='ocrx_word' id='word_1_115' title='bbox 582 2124 735 2175; x_wconf 79' lang='lat' dir='ltr'>Idem.</span> 
     </span>
    </p>

    <p class='ocr_par' dir='ltr' id='par_1_6' title="bbox 578 2202 1635 2483">
     <span class='ocr_line' id='line_1_24' title="bbox 645 2202 1631 2266; baseline 0 -14"><span class='ocrx_word' id='word_1_116' title='bbox 645 2206 711 2252; x_wconf 76' lang='grc'>84</span> <span class='ocrx_word' id='word_1_117' title='bbox 737 2203 983 2266; x_wconf 79' lang='lat' dir='ltr'>Claudier]</span> <span class='ocrx_word' id='word_1_118' title='bbox 1009 2204 1201 2266; x_wconf 78' lang='lat' dir='ltr'>Claudi,</span> <span class='ocrx_word' id='word_1_119' title='bbox 1218 2208 1307 2252; x_wconf 91' lang='lat' dir='ltr'>aut</span> <span class='ocrx_word' id='word_1_120' title='bbox 1328 2202 1631 2252; x_wconf 79' lang='lat' dir='ltr'>claudicare.</span> 
     </span>
     <span class='ocr_line' id='line_1_25' title="bbox 578 2276 1635 2344; baseline 0.004 -20"><span class='ocrx_word' id='word_1_121' title='bbox 578 2276 872 2339; x_wconf 68' lang='lat' dir='ltr'>Sallustium,</span> <span class='ocrx_word' id='word_1_122' title='bbox 903 2280 1121 2344; x_wconf 89' lang='lat' dir='ltr'>‘Neque</span> <span class='ocrx_word' id='word_1_123' title='bbox 1166 2280 1300 2327; x_wconf 86' lang='lat' dir='ltr'>enim</span> <span class='ocrx_word' id='word_1_124' title='bbox 1343 2279 1635 2341; x_wconf 82' lang='lat' dir='ltr'>ignorantia</span> 
     </span>
     <span class='ocr_line' id='line_1_26' title="bbox 579 2353 1632 2417; baseline 0.004 -16"><span class='ocrx_word' id='word_1_125' title='bbox 579 2353 781 2405; x_wconf 88' lang='lat' dir='ltr'>claudit</span> <span class='ocrx_word' id='word_1_126' title='bbox 803 2355 921 2405; x_wconf 89' lang='lat' dir='ltr'>res.&#39;</span> <span class='ocrx_word' id='word_1_127' title='bbox 939 2362 1012 2417; x_wconf 91' lang='lat' dir='ltr'>et,</span> <span class='ocrx_word' id='word_1_128' title='bbox 1036 2357 1051 2384; x_wconf 89' lang='lat'>‘</span> <span class='ocrx_word' id='word_1_129' title='bbox 1074 2356 1219 2405; x_wconf 81' lang='lat' dir='ltr'>Nihil</span> <span class='ocrx_word' id='word_1_130' title='bbox 1241 2354 1473 2405; x_wconf 86' lang='lat' dir='ltr'>socordia</span> <span class='ocrx_word' id='word_1_131' title='bbox 1493 2356 1632 2405; x_wconf 86' lang='lat' dir='ltr'>clau·</span> 
     </span>
     <span class='ocr_line' id='line_1_27' title="bbox 581 2427 1045 2483; baseline 0.015 -7"><span class='ocrx_word' id='word_1_132' title='bbox 581 2427 777 2479; x_wconf 81' lang='lat' dir='ltr'>debat.&#39;</span> <span class='ocrx_word' id='word_1_133' title='bbox 807 2431 1045 2483; x_wconf 81' lang='lat' dir='ltr'>Donatus.</span> 
     </span>
    </p>

    <p class='ocr_par' dir='ltr' id='par_1_7' title="bbox 576 2504 1632 2788">
     <span class='ocr_line' id='line_1_28' title="bbox 647 2504 1632 2570; baseline 0.005 -17"><span class='ocrx_word' id='word_1_134' title='bbox 647 2504 710 2553; x_wconf 89' lang='lat' dir='ltr'>In</span> <span class='ocrx_word' id='word_1_135' title='bbox 751 2509 799 2554; x_wconf 76' lang='lat' dir='ltr'>te</span> <span class='ocrx_word' id='word_1_136' title='bbox 838 2507 1069 2570; x_wconf 78' lang='lat' dir='ltr'>claudier]</span> <span class='ocrx_word' id='word_1_137' title='bbox 1101 2508 1189 2557; x_wconf 84' lang='lat' dir='ltr'>Ita</span> <span class='ocrx_word' id='word_1_138' title='bbox 1227 2507 1532 2570; x_wconf 89' lang='lat' dir='ltr'>Bembinus,</span> <span class='ocrx_word' id='word_1_139' title='bbox 1576 2515 1632 2558; x_wconf 90' lang='lat' dir='ltr'>et</span> 
     </span>
     <span class='ocr_line' id='line_1_29' title="bbox 580 2585 1631 2637; baseline 0.009 -9"><span class='ocrx_word' id='word_1_140' title='bbox 580 2593 758 2630; x_wconf 87' lang='lat' dir='ltr'>omnes</span> <span class='ocrx_word' id='word_1_141' title='bbox 794 2592 1033 2633; x_wconf 84' lang='lat' dir='ltr'>recentes</span> <span class='ocrx_word' id='word_1_142' title='bbox 1059 2585 1172 2634; x_wconf 89' lang='lat' dir='ltr'>libri</span> <span class='ocrx_word' id='word_1_143' title='bbox 1197 2600 1258 2634; x_wconf 84' lang='lat' dir='ltr'>ac</span> <span class='ocrx_word' id='word_1_144' title='bbox 1281 2586 1533 2636; x_wconf 80' lang='lat' dir='ltr'>Donatus.</span> <span class='ocrx_word' id='word_1_145' title='bbox 1575 2595 1631 2637; x_wconf 85' lang='lat' dir='ltr'>at</span> 
     </span>
     <span class='ocr_line' id='line_1_30' title="bbox 576 2657 1630 2726; baseline 0.008 -22"><span class='ocrx_word' id='word_1_146' title='bbox 576 2670 645 2705; x_wconf 80' lang='lat' dir='ltr'>ex</span> <span class='ocrx_word' id='word_1_147' title='bbox 667 2657 886 2721; x_wconf 80' lang='lat' dir='ltr'>antiquis</span> <span class='ocrx_word' id='word_1_148' title='bbox 918 2662 1001 2709; x_wconf 87' lang='lat' dir='ltr'>alii</span> <span class='ocrx_word' id='word_1_149' title='bbox 1022 2662 1453 2726; x_wconf 59' lang='lat' dir='ltr'>interdimus-,alii</span> <span class='ocrx_word' id='word_1_150' title='bbox 1481 2662 1630 2713; x_wconf 78' lang='lat' dir='ltr'>inter-</span> 
     </span>
     <span class='ocr_line' id='line_1_31' title="bbox 577 2733 1084 2788; baseline 0.018 -9"><span class='ocrx_word' id='word_1_151' title='bbox 577 2733 803 2781; x_wconf 79' lang='lat' dir='ltr'>claudier.</span> <span class='ocrx_word' id='word_1_152' title='bbox 841 2736 1084 2788; x_wconf 63' lang='lat' dir='ltr'>Faernus.</span> 
     </span>
    </p>

    <p class='ocr_par' dir='ltr' id='par_1_8' title="bbox 563 2807 1630 3711">
     <span class='ocr_line' id='line_1_32' title="bbox 632 2807 1630 2879; baseline 0.009 -23"><span class='ocrx_word' id='word_1_153' title='bbox 632 2807 880 2872; x_wconf 81' lang='lat' dir='ltr'>Claudier]</span> <span class='ocrx_word' id='word_1_154' title='bbox 899 2812 1001 2862; x_wconf 89' lang='lat' dir='ltr'>Qui</span> <span class='ocrx_word' id='word_1_155' title='bbox 1018 2813 1291 2863; x_wconf 87' lang='lat' dir='ltr'>lectionem</span> <span class='ocrx_word' id='word_1_156' title='bbox 1309 2816 1501 2879; x_wconf 76' lang='lat' dir='ltr'>calvier,</span> <span class='ocrx_word' id='word_1_157' title='bbox 1513 2830 1630 2864; x_wconf 83' lang='lat' dir='ltr'>vet·-</span> 
     </span>
     <span class='ocr_line' id='line_1_33' title="bbox 574 2880 1629 2956; baseline 0.013 -26"><span class='ocrx_word' id='word_1_158' title='bbox 574 2880 644 2931; x_wconf 87' lang='lat' dir='ltr'>bo</span> <span class='ocrx_word' id='word_1_159' title='bbox 667 2883 902 2935; x_wconf 88' lang='lat' dir='ltr'>obsoleto</span> <span class='ocrx_word' id='word_1_160' title='bbox 924 2888 1243 2951; x_wconf 86' lang='lat' dir='ltr'>significante</span> <span class='ocrx_word' id='word_1_161' title='bbox 1251 2892 1629 2956; x_wconf 69' lang='lat' dir='ltr'>frustror-,snus-</span> 
     </span>
     <span class='ocr_line' id='line_1_34' title="bbox 575 2959 1626 3035; baseline 0.013 -29"><span class='ocrx_word' id='word_1_162' title='bbox 575 2959 729 3007; x_wconf 73' lang='lat' dir='ltr'>tratui</span> <span class='ocrx_word' id='word_1_163' title='bbox 750 2960 912 3026; x_wconf 78' lang='lat' dir='ltr'>habeo,</span> <span class='ocrx_word' id='word_1_164' title='bbox 954 2962 1150 3016; x_wconf 85' lang='lat' dir='ltr'>frustra</span> <span class='ocrx_word' id='word_1_165' title='bbox 1184 2976 1321 3030; x_wconf 87' lang='lat' dir='ltr'>sunt,</span> <span class='ocrx_word' id='word_1_166' title='bbox 1365 2976 1424 3018; x_wconf 87' lang='lat' dir='ltr'>ut</span> <span class='ocrx_word' id='word_1_167' title='bbox 1458 2977 1512 3019; x_wconf 90' lang='lat' dir='ltr'>et</span> <span class='ocrx_word' id='word_1_168' title='bbox 1539 2971 1626 3035; x_wconf 85' lang='lat' dir='ltr'>qui</span> 
     </span>
     <span class='ocr_line' id='line_1_35' title="bbox 574 3035 1624 3110; baseline 0.01 -26"><span class='ocrx_word' id='word_1_169' title='bbox 574 3035 788 3086; x_wconf 79' lang='lat' dir='ltr'>claudier</span> <span class='ocrx_word' id='word_1_170' title='bbox 806 3053 900 3101; x_wconf 83' lang='lat' dir='ltr'>pro</span> <span class='ocrx_word' id='word_1_171' title='bbox 919 3043 1198 3094; x_wconf 76' lang='lat' dir='ltr'>claudicare.</span> <span class='ocrx_word' id='word_1_172' title='bbox 1231 3060 1327 3094; x_wconf 87' lang='lat' dir='ltr'>nec</span> <span class='ocrx_word' id='word_1_173' title='bbox 1353 3047 1514 3095; x_wconf 88' lang='lat' dir='ltr'>minus</span> <span class='ocrx_word' id='word_1_174' title='bbox 1537 3047 1624 3110; x_wconf 81' lang='lat' dir='ltr'>qui</span> 
     </span>
     <span class='ocr_line' id='line_1_36' title="bbox 570 3110 1626 3184; baseline 0.011 -24"><span class='ocrx_word' id='word_1_175' title='bbox 570 3110 919 3165; x_wconf 76' lang='lat' dir='ltr'>interclaudier.</span> <span class='ocrx_word' id='word_1_176' title='bbox 964 3119 1195 3184; x_wconf 80' lang='lat' dir='ltr'>Namque</span> <span class='ocrx_word' id='word_1_177' title='bbox 1219 3122 1486 3171; x_wconf 82' lang='lat' dir='ltr'>Ciceronis</span> <span class='ocrx_word' id='word_1_178' title='bbox 1505 3135 1626 3172; x_wconf 86' lang='lat' dir='ltr'>auc·</span> 
     </span>
     <span class='ocr_line' id='line_1_37' title="bbox 571 3189 1627 3260; baseline 0.012 -22"><span class='ocrx_word' id='word_1_179' title='bbox 571 3189 789 3241; x_wconf 77' lang='lat' dir='ltr'>ton-itate</span> <span class='ocrx_word' id='word_1_180' title='bbox 837 3194 1122 3260; x_wconf 88' lang='lat' dir='ltr'>nitendum,</span> <span class='ocrx_word' id='word_1_181' title='bbox 1171 3200 1257 3247; x_wconf 85' lang='lat' dir='ltr'>cui</span> <span class='ocrx_word' id='word_1_182' title='bbox 1307 3200 1486 3250; x_wconf 74' lang='lat' dir='ltr'>eudem</span> <span class='ocrx_word' id='word_1_183' title='bbox 1545 3208 1627 3252; x_wconf 90' lang='lat' dir='ltr'>est</span> 
     </span>
     <span class='ocr_line' id='line_1_38' title="bbox 563 3266 1625 3335; baseline 0.014 -21"><span class='ocrx_word' id='word_1_184' title='bbox 563 3266 959 3335; x_wconf 36' lang='lat' dir='ltr'>metaphora&amp;</span> <span class='ocrx_word' id='word_1_185' title='bbox 982 3286 1048 3323; x_wconf 92' lang='lat'>11.</span> <span class='ocrx_word' id='word_1_186' title='bbox 1083 3272 1148 3322; x_wconf 87' lang='lat' dir='ltr'>de</span> <span class='ocrx_word' id='word_1_187' title='bbox 1186 3273 1403 3324; x_wconf 77' lang='lat' dir='ltr'>Officiis.</span> <span class='ocrx_word' id='word_1_188' title='bbox 1468 3277 1485 3306; x_wconf 89' lang='lat'>‘</span> <span class='ocrx_word' id='word_1_189' title='bbox 1508 3278 1625 3328; x_wconf 86' lang='lat' dir='ltr'>Nec</span> 
     </span>
     <span class='ocr_line' id='line_1_39' title="bbox 569 3343 1626 3416; baseline 0.012 -25"><span class='ocrx_word' id='word_1_190' title='bbox 569 3343 649 3391; x_wconf 81' lang='lat' dir='ltr'>ita</span> <span class='ocrx_word' id='word_1_191' title='bbox 681 3345 973 3396; x_wconf 87' lang='lat' dir='ltr'>claudenda</span> <span class='ocrx_word' id='word_1_192' title='bbox 1010 3356 1092 3398; x_wconf 88' lang='lat' dir='ltr'>est</span> <span class='ocrx_word' id='word_1_193' title='bbox 1126 3358 1216 3399; x_wconf 77' lang='lat' dir='ltr'>res‘</span> <span class='ocrx_word' id='word_1_194' title='bbox 1246 3350 1532 3416; x_wconf 85' lang='lat' dir='ltr'>familiaris,</span> <span class='ocrx_word' id='word_1_195' title='bbox 1567 3360 1626 3404; x_wconf 87' lang='lat' dir='ltr'>ut</span> 
     </span>
     <span class='ocr_line' id='line_1_40' title="bbox 571 3420 1620 3493; baseline 0.012 -26"><span class='ocrx_word' id='word_1_196' title='bbox 571 3433 687 3468; x_wconf 83' lang='lat' dir='ltr'>eam</span> <span class='ocrx_word' id='word_1_197' title='bbox 721 3420 1013 3485; x_wconf 79' lang='lat' dir='ltr'>benignitas</span> <span class='ocrx_word' id='word_1_198' title='bbox 1056 3426 1261 3488; x_wconf 85' lang='lat' dir='ltr'>aperire</span> <span class='ocrx_word' id='word_1_199' title='bbox 1294 3442 1396 3477; x_wconf 79' lang='lat' dir='ltr'>non</span> <span class='ocrx_word' id='word_1_200' title='bbox 1433 3431 1620 3493; x_wconf 82' lang='lat' dir='ltr'>possit:</span> 
     </span>
     <span class='ocr_line' id='line_1_41' title="bbox 567 3495 1624 3566; baseline 0.011 -23"><span class='ocrx_word' id='word_1_201' title='bbox 567 3508 667 3545; x_wconf 86' lang='lat' dir='ltr'>nec</span> <span class='ocrx_word' id='word_1_202' title='bbox 706 3495 779 3546; x_wconf 85' lang='lat' dir='ltr'>ita</span> <span class='ocrx_word' id='word_1_203' title='bbox 818 3500 1117 3561; x_wconf 81' lang='lat' dir='ltr'>reseranda,</span> <span class='ocrx_word' id='word_1_204' title='bbox 1154 3508 1213 3552; x_wconf 88' lang='lat' dir='ltr'>ut</span> <span class='ocrx_word' id='word_1_205' title='bbox 1251 3510 1430 3566; x_wconf 85' lang='lat' dir='ltr'>pateat</span> <span class='ocrx_word' id='word_1_206' title='bbox 1465 3507 1624 3555; x_wconf 87' lang='lat' dir='ltr'>omni-</span> 
     </span>
     <span class='ocr_line' id='line_1_42' title="bbox 569 3569 1623 3644; baseline 0.013 -25"><span class='ocrx_word' id='word_1_207' title='bbox 569 3569 717 3622; x_wconf 58' lang='lat' dir='ltr'>bus?</span> <span class='ocrx_word' id='word_1_208' title='bbox 755 3572 875 3621; x_wconf 87' lang='lat' dir='ltr'>libri</span> <span class='ocrx_word' id='word_1_209' title='bbox 911 3576 1105 3637; x_wconf 82' lang='lat' dir='ltr'>vulgati</span> <span class='ocrx_word' id='word_1_210' title='bbox 1139 3578 1333 3628; x_wconf 85' lang='lat' dir='ltr'>habeut</span> <span class='ocrx_word' id='word_1_211' title='bbox 1358 3579 1623 3644; x_wconf 79' lang='lat' dir='ltr'>reserenda,</span> 
     </span>
     <span class='ocr_line' id='line_1_43' title="bbox 567 3645 1301 3711; baseline 0.011 -16"><span class='ocrx_word' id='word_1_212' title='bbox 567 3645 659 3695; x_wconf 84' lang='lat' dir='ltr'>sed</span> <span class='ocrx_word' id='word_1_213' title='bbox 684 3660 978 3711; x_wconf 83' lang='lat' dir='ltr'>perperam.</span> <span class='ocrx_word' id='word_1_214' title='bbox 1016 3652 1301 3703; x_wconf 82' lang='lat' dir='ltr'>Farnabius.</span> 
     </span>
    </p>

    <p class='ocr_par' dir='ltr' id='par_1_9' title="bbox 566 3722 1620 3876">
     <span class='ocr_line' id='line_1_44' title="bbox 635 3722 1620 3799; baseline 0.015 -30"><span class='ocrx_word' id='word_1_215' title='bbox 635 3725 696 3771; x_wconf 82' lang='lat'>85</span> <span class='ocrx_word' id='word_1_216' title='bbox 734 3722 904 3774; x_wconf 85' lang='lat' dir='ltr'>Nonne</span> <span class='ocrx_word' id='word_1_217' title='bbox 924 3726 1005 3774; x_wconf 79' lang='lat' dir='ltr'>ubi</span> <span class='ocrx_word' id='word_1_218' title='bbox 1036 3728 1154 3777; x_wconf 79' lang='lat' dir='ltr'>mihi</span> <span class='ocrx_word' id='word_1_219' title='bbox 1188 3731 1317 3780; x_wconf 80' lang='lat' dir='ltr'>dixti</span> <span class='ocrx_word' id='word_1_220' title='bbox 1352 3747 1517 3797; x_wconf 71' lang='lat' dir='ltr'>mopere</span> <span class='ocrx_word' id='word_1_221' title='bbox 1550 3735 1620 3799; x_wconf 77' lang='lat' dir='ltr'>te]</span> 
     </span>
     <span class='ocr_line' id='line_1_45' title="bbox 566 3795 1617 3876; baseline 0.018 -32"><span class='ocrx_word' id='word_1_222' title='bbox 566 3795 697 3846; x_wconf 86' lang='lat' dir='ltr'>Plus</span> <span class='ocrx_word' id='word_1_223' title='bbox 728 3797 880 3862; x_wconf 87' lang='lat' dir='ltr'>dixit,</span> <span class='ocrx_word' id='word_1_224' title='bbox 908 3803 989 3852; x_wconf 88' lang='lat' dir='ltr'>ubi</span> <span class='ocrx_word' id='word_1_225' title='bbox 1009 3805 1139 3855; x_wconf 84' lang='lat' dir='ltr'>dixti</span> <span class='ocrx_word' id='word_1_226' title='bbox 1173 3824 1340 3872; x_wconf 83' lang='lat' dir='ltr'>cupere</span> <span class='ocrx_word' id='word_1_227' title='bbox 1359 3816 1433 3861; x_wconf 82' lang='lat' dir='ltr'>te.-</span> <span class='ocrx_word' id='word_1_228' title='bbox 1465 3827 1617 3876; x_wconf 87' lang='lat' dir='ltr'>quam</span> 
     </span>
    </p>
   </div>
   <div class='ocr_carea' id='block_1_3' title="bbox 564 3873 1662 3939">
    <p class='ocr_par' dir='ltr' id='par_1_10' title="bbox 564 3873 1662 3939">
     <span class='ocr_line' id='line_1_46' title="bbox 564 3873 1662 3939; baseline 0.018 -19"><span class='ocrx_word' id='word_1_229' title='bbox 564 3873 613 3921; x_wconf 88' lang='lat' dir='ltr'>si</span> <span class='ocrx_word' id='word_1_230' title='bbox 640 3873 863 3938; x_wconf 86' lang='lat' dir='ltr'>diceret,</span> <span class='ocrx_word' id='word_1_231' title='bbox 896 3876 1066 3930; x_wconf 84' lang='lat' dir='ltr'>fecisti</span> <span class='ocrx_word' id='word_1_232' title='bbox 1092 3891 1150 3932; x_wconf 89' lang='lat' dir='ltr'>ut</span> <span class='ocrx_word' id='word_1_233' title='bbox 1180 3899 1420 3939; x_wconf 84' lang='lat' dir='ltr'>emerem.</span> <span class='ocrx_word' id='word_1_234' title='bbox 1488 3889 1616 3939; x_wconf 88' lang='lat' dir='ltr'>Plus</span> <span class='ocrx_word' id='word_1_235' title='bbox 1653 3898 1662 3907; x_wconf 84' lang='lat'><strong>·</strong></span> 
     </span>
    </p>
   </div>
   <div class='ocr_carea' id='block_1_4' title="bbox 565 3950 1617 4103">
    <p class='ocr_par' dir='ltr' id='par_1_11' title="bbox 565 3950 1617 4103">
     <span class='ocr_line' id='line_1_47' title="bbox 565 3950 1617 4028; baseline 0.018 -32"><span class='ocrx_word' id='word_1_236' title='bbox 565 3955 650 3998; x_wconf 87' lang='lat' dir='ltr'>est</span> <span class='ocrx_word' id='word_1_237' title='bbox 672 3950 805 4000; x_wconf 89' lang='lat' dir='ltr'>enim</span> <span class='ocrx_word' id='word_1_238' title='bbox 829 3952 881 4001; x_wconf 92' lang='lat' dir='ltr'>id</span> <span class='ocrx_word' id='word_1_239' title='bbox 905 3958 1231 4022; x_wconf 84' lang='lat' dir='ltr'>praestitisse,</span> <span class='ocrx_word' id='word_1_240' title='bbox 1267 3964 1403 4026; x_wconf 92' lang='lat' dir='ltr'>quod</span> <span class='ocrx_word' id='word_1_241' title='bbox 1427 3965 1511 4028; x_wconf 87' lang='lat' dir='ltr'>qui</span> <span class='ocrx_word' id='word_1_242' title='bbox 1537 3979 1617 4014; x_wconf 88' lang='lat' dir='ltr'>ac-</span> 
     </span>
     <span class='ocr_line' id='line_1_48' title="bbox 566 4028 1611 4103; baseline 0.016 -29"><span class='ocrx_word' id='word_1_243' title='bbox 566 4028 789 4092; x_wconf 84' lang='lat' dir='ltr'>ceperit,</span> <span class='ocrx_word' id='word_1_244' title='bbox 814 4045 917 4080; x_wconf 87' lang='lat' dir='ltr'>non</span> <span class='ocrx_word' id='word_1_245' title='bbox 949 4047 1102 4084; x_wconf 83' lang='lat' dir='ltr'>ausus</span> <span class='ocrx_word' id='word_1_246' title='bbox 1130 4034 1294 4087; x_wconf 77' lang='lat' dir='ltr'>fuerit</span> <span class='ocrx_word' id='word_1_247' title='bbox 1328 4041 1611 4103; x_wconf 84' lang='lat' dir='ltr'>postulare.</span> 
     </span>
    </p>
   </div>
   <div class='ocr_carea' id='block_1_5' title="bbox 479 4103 802 4158">
    <p class='ocr_par' dir='ltr' id='par_1_12' title="bbox 479 4103 802 4158">
     <span class='ocr_line' id='line_1_49' title="bbox 479 4103 802 4158; baseline 0.015 -5"><span class='ocrx_word' id='word_1_248' title='bbox 479 4106 482 4109; x_wconf 75' lang='grc'>’</span> <span class='ocrx_word' id='word_1_249' title='bbox 562 4103 802 4158; x_wconf 82' lang='lat' dir='ltr'>Donatus.</span> 
     </span>
    </p>
   </div>
   <div class='ocr_carea' id='block_1_6' title="bbox 631 4180 1612 4257">
    <p class='ocr_par' dir='ltr' id='par_1_13' title="bbox 631 4180 1612 4257">
     <span class='ocr_line' id='line_1_50' title="bbox 631 4180 1612 4257; baseline 0.019 -30"><span class='ocrx_word' id='word_1_250' title='bbox 631 4180 813 4245; x_wconf 83' lang='lat' dir='ltr'>Cupere</span> <span class='ocrx_word' id='word_1_251' title='bbox 833 4185 905 4248; x_wconf 83' lang='lat' dir='ltr'>te]</span> <span class='ocrx_word' id='word_1_252' title='bbox 924 4188 1050 4238; x_wconf 83' lang='lat' dir='ltr'>Vult</span> <span class='ocrx_word' id='word_1_253' title='bbox 1074 4204 1178 4239; x_wconf 87' lang='lat' dir='ltr'>rem</span> <span class='ocrx_word' id='word_1_254' title='bbox 1203 4192 1351 4254; x_wconf 83' lang='lat' dir='ltr'>parvi</span> <span class='ocrx_word' id='word_1_255' title='bbox 1367 4195 1521 4257; x_wconf 81' lang='lat' dir='ltr'>pretii</span> <span class='ocrx_word' id='word_1_256' title='bbox 1547 4210 1612 4246; x_wconf 83' lang='lat' dir='ltr'>ex</span> 
     </span>
    </p>
   </div>
   <div class='ocr_carea' id='block_1_7' title="bbox 556 4253 1612 4384">
    <p class='ocr_par' dir='ltr' id='par_1_14' title="bbox 556 4253 1612 4384">
     <span class='ocr_line' id='line_1_51' title="bbox 561 4253 1612 4337; baseline 0.021 -36"><span class='ocrx_word' id='word_1_257' title='bbox 561 4253 699 4304; x_wconf 86' lang='lat' dir='ltr'>illius</span> <span class='ocrx_word' id='word_1_258' title='bbox 713 4261 1001 4323; x_wconf 86' lang='lat' dir='ltr'>cupiditate</span> <span class='ocrx_word' id='word_1_259' title='bbox 1019 4272 1072 4316; x_wconf 82' lang='lat' dir='ltr'>et</span> <span class='ocrx_word' id='word_1_260' title='bbox 1089 4280 1183 4316; x_wconf 86' lang='lat' dir='ltr'>sno</span> <span class='ocrx_word' id='word_1_261' title='bbox 1196 4268 1371 4320; x_wconf 86' lang='lat' dir='ltr'>labore</span> <span class='ocrx_word' id='word_1_262' title='bbox 1395 4286 1612 4337; x_wconf 79' lang='lat' dir='ltr'>perpen-</span> 
     </span>
     <span class='ocr_line' id='line_1_52' title="bbox 556 4329 810 4384; baseline 0.02 -5"><span class='ocrx_word' id='word_1_263' title='bbox 556 4329 629 4381; x_wconf 79' lang='lat' dir='ltr'>di.</span> <span class='ocrx_word' id='word_1_264' title='bbox 665 4332 810 4384; x_wconf 87' lang='lat' dir='ltr'>Idem.</span> 
     </span>
    </p>
   </div>
   <div class='ocr_carea' id='block_1_8' title="bbox 1284 379 2080 457">
    <p class='ocr_par' dir='ltr' id='par_1_15' title="bbox 1284 379 2080 457">
     <span class='ocr_line' id='line_1_53' title="bbox 1284 379 2080 457; baseline 0.001 -28"><span class='ocrx_word' id='word_1_265' title='bbox 1284 380 1498 429; x_wconf 56' lang='grc' dir='ltr'>ΝοίηιῑΙ</span> <span class='ocrx_word' id='word_1_266' title='bbox 1547 379 1949 457; x_wconf 64' lang='lat' dir='ltr'>vammum</span> <span class='ocrx_word' id='word_1_267' title='bbox 2000 381 2080 430; x_wconf 78' lang='lat' dir='ltr'>1N</span> 
     </span>
    </p>
   </div>
   <div class='ocr_carea' id='block_1_9' title="bbox 1711 523 2781 1579">
    <p class='ocr_par' dir='ltr' id='par_1_16' title="bbox 1713 523 2780 664">
     <span class='ocr_line' id='line_1_54' title="bbox 1786 523 2780 589; baseline 0.001 -15"><span class='ocrx_word' id='word_1_268' title='bbox 1786 526 1869 575; x_wconf 79' lang='lat' dir='ltr'>Ex</span> <span class='ocrx_word' id='word_1_269' title='bbox 1906 523 2191 589; x_wconf 72' lang='lat' dir='ltr'>AEtliiopiaj·</span> <span class='ocrx_word' id='word_1_270' title='bbox 2219 524 2341 574; x_wconf 87' lang='lat' dir='ltr'>Non</span> <span class='ocrx_word' id='word_1_271' title='bbox 2387 523 2780 589; x_wconf 69' lang='lat' dir='ltr'>AEtaioptssam,</span> 
     </span>
     <span class='ocr_line' id='line_1_55' title="bbox 1713 600 2663 664; baseline 0.001 -14"><span class='ocrx_word' id='word_1_272' title='bbox 1713 600 1803 651; x_wconf 87' lang='lat' dir='ltr'>sed</span> <span class='ocrx_word' id='word_1_273' title='bbox 1821 603 2084 653; x_wconf 82' lang='lat' dir='ltr'>honestius</span> <span class='ocrx_word' id='word_1_274' title='bbox 2108 617 2170 650; x_wconf 77' lang='lat' dir='ltr'>ex</span> <span class='ocrx_word' id='word_1_275' title='bbox 2188 602 2455 664; x_wconf 78' lang='lat' dir='ltr'>AEthiopia.</span> <span class='ocrx_word' id='word_1_276' title='bbox 2491 601 2663 651; x_wconf 83' lang='lat' dir='ltr'>Idem.</span> 
     </span>
    </p>

    <p class='ocr_par' dir='ltr' id='par_1_17' title="bbox 1712 678 2780 1044">
     <span class='ocr_line' id='line_1_56' title="bbox 1776 678 2779 743; baseline 0 -16"><span class='ocrx_word' id='word_1_277' title='bbox 1776 678 1862 727; x_wconf 77' lang='lat' dir='ltr'>Ex</span> <span class='ocrx_word' id='word_1_278' title='bbox 1903 678 2169 743; x_wconf 74' lang='lat' dir='ltr'>AEtbiopia]</span> <span class='ocrx_word' id='word_1_279' title='bbox 2216 678 2651 741; x_wconf 81' lang='lat' dir='ltr'>AEtbiopissarum</span> <span class='ocrx_word' id='word_1_280' title='bbox 2681 679 2779 727; x_wconf 85' lang='lat' dir='ltr'>mi-</span> 
     </span>
     <span class='ocr_line' id='line_1_57' title="bbox 1712 753 2780 804; baseline 0 -2"><span class='ocrx_word' id='word_1_281' title='bbox 1712 754 1925 804; x_wconf 88' lang='lat' dir='ltr'>nisterio</span> <span class='ocrx_word' id='word_1_282' title='bbox 1967 755 2250 804; x_wconf 86' lang='lat' dir='ltr'>utebantur</span> <span class='ocrx_word' id='word_1_283' title='bbox 2289 762 2534 803; x_wconf 81' lang='lat' dir='ltr'>matrouae</span> <span class='ocrx_word' id='word_1_284' title='bbox 2572 753 2780 803; x_wconf 81' lang='lat' dir='ltr'>nobiles</span> 
     </span>
     <span class='ocr_line' id='line_1_58' title="bbox 1713 831 2776 892; baseline 0.001 -13"><span class='ocrx_word' id='word_1_285' title='bbox 1713 840 1771 880; x_wconf 91' lang='lat' dir='ltr'>et</span> <span class='ocrx_word' id='word_1_286' title='bbox 1824 832 2028 881; x_wconf 86' lang='lat' dir='ltr'>divites.</span> <span class='ocrx_word' id='word_1_287' title='bbox 2070 839 2128 880; x_wconf 89' lang='lat' dir='ltr'>ut</span> <span class='ocrx_word' id='word_1_288' title='bbox 2173 838 2227 881; x_wconf 87' lang='lat' dir='ltr'>et</span> <span class='ocrx_word' id='word_1_289' title='bbox 2270 832 2659 892; x_wconf 76' lang='lat' dir='ltr'>Eunucborum‚</span> <span class='ocrx_word' id='word_1_290' title='bbox 2708 831 2776 881; x_wconf 85' lang='lat' dir='ltr'>ad</span> 
     </span>
     <span class='ocr_line' id='line_1_59' title="bbox 1713 901 2778 958; baseline 0.001 -2"><span class='ocrx_word' id='word_1_291' title='bbox 1713 907 1963 956; x_wconf 85' lang='lat' dir='ltr'>lectorum</span> <span class='ocrx_word' id='word_1_292' title='bbox 1988 908 2298 958; x_wconf 79' lang='lat' dir='ltr'>custodiam:</span> <span class='ocrx_word' id='word_1_293' title='bbox 2335 907 2474 957; x_wconf 90' lang='lat' dir='ltr'>unde</span> <span class='ocrx_word' id='word_1_294' title='bbox 2491 908 2554 957; x_wconf 87' lang='lat' dir='ltr'>iis</span> <span class='ocrx_word' id='word_1_295' title='bbox 2579 901 2778 957; x_wconf 84' lang='lat' dir='ltr'>nomen</span> 
     </span>
     <span class='ocr_line' id='line_1_60' title="bbox 1713 977 2705 1044; baseline 0.004 -14"><span class='ocrx_word' id='word_1_296' title='bbox 1713 977 1779 1030; x_wconf 76' lang='lat' dir='ltr'>ex</span> <span class='ocrx_word' id='word_1_297' title='bbox 1793 982 1901 1041; x_wconf 72' lang='grc' dir='ltr'>εὐνὴ</span> <span class='ocrx_word' id='word_1_298' title='bbox 1917 990 1972 1031; x_wconf 79' lang='lat' dir='ltr'>et</span> <span class='ocrx_word' id='word_1_299' title='bbox 1988 981 2102 1044; x_wconf 78' lang='grc' dir='ltr'><strong><em>ἔχω.</em></strong></span> <span class='ocrx_word' id='word_1_300' title='bbox 2128 983 2411 1033; x_wconf 74' lang='lat' dir='ltr'>Famabt&#39;us.</span> <span class='ocrx_word' id='word_1_301' title='bbox 2700 1013 2705 1020; x_wconf 79' lang='lat'><em>·</em></span> 
     </span>
    </p>

    <p class='ocr_par' dir='ltr' id='par_1_18' title="bbox 1711 1059 2781 1579">
     <span class='ocr_line' id='line_1_61' title="bbox 1777 1059 2755 1122; baseline 0 -13"><span class='ocrx_word' id='word_1_302' title='bbox 1777 1064 1842 1109; x_wconf 78' lang='lat'>86</span> <span class='ocrx_word' id='word_1_303' title='bbox 1881 1061 2083 1109; x_wconf 78' lang='lat' dir='ltr'>Relictis</span> <span class='ocrx_word' id='word_1_304' title='bbox 2111 1061 2248 1110; x_wconf 84' lang='lat' dir='ltr'>rebus</span> <span class='ocrx_word' id='word_1_305' title='bbox 2288 1059 2517 1120; x_wconf 84' lang='lat' dir='ltr'>omnibus,</span> <span class='ocrx_word' id='word_1_306' title='bbox 2549 1059 2755 1122; x_wconf 73' lang='lat' dir='ltr'>quoesivs</span> 
     </span>
     <span class='ocr_line' id='line_1_62' title="bbox 1712 1134 2781 1198; baseline -0.001 -14"><span class='ocrx_word' id='word_1_307' title='bbox 1712 1134 1844 1184; x_wconf 82' lang='lat' dir='ltr'>Haec</span> <span class='ocrx_word' id='word_1_308' title='bbox 1866 1135 1973 1198; x_wconf 87' lang='lat' dir='ltr'>jam</span> <span class='ocrx_word' id='word_1_309' title='bbox 2009 1136 2180 1183; x_wconf 87' lang='lat' dir='ltr'>omnia</span> <span class='ocrx_word' id='word_1_310' title='bbox 2216 1136 2268 1183; x_wconf 89' lang='lat' dir='ltr'>in</span> <span class='ocrx_word' id='word_1_311' title='bbox 2303 1134 2576 1185; x_wconf 85' lang='lat' dir='ltr'>beneficiis</span> <span class='ocrx_word' id='word_1_312' title='bbox 2609 1134 2781 1186; x_wconf 83' lang='lat' dir='ltr'>consi·</span> 
     </span>
     <span class='ocr_line' id='line_1_63' title="bbox 1713 1209 2364 1263; baseline 0.003 -3"><span class='ocrx_word' id='word_1_313' title='bbox 1713 1209 1883 1262; x_wconf 75' lang='lat' dir='ltr'>den-ari</span> <span class='ocrx_word' id='word_1_314' title='bbox 1907 1213 2090 1263; x_wconf 86' lang='lat' dir='ltr'>solent.</span> <span class='ocrx_word' id='word_1_315' title='bbox 2124 1213 2364 1262; x_wconf 78' lang='lat' dir='ltr'>Donatus.</span> 
     </span>
     <span class='ocr_line' id='line_1_64' title="bbox 1720 1279 2781 1351; baseline 0.001 -15"><span class='ocrx_word' id='word_1_316' title='bbox 1720 1309 1723 1312; x_wconf 53' lang='lat'><strong>&gt;</strong></span> <span class='ocrx_word' id='word_1_317' title='bbox 1776 1291 1837 1336; x_wconf 86' lang='grc'>87</span> <span class='ocrx_word' id='word_1_318' title='bbox 1875 1288 2106 1351; x_wconf 64' lang='lat' dir='ltr'>Quaesivi]</span> <span class='ocrx_word' id='word_1_319' title='bbox 2154 1279 2311 1337; x_wconf 47' lang='lat' dir='ltr'>Vide*</span> <span class='ocrx_word' id='word_1_320' title='bbox 2335 1287 2781 1351; x_wconf 86' lang='lat' dir='ltr'>quemadmodum</span> 
     </span>
     <span class='ocr_line' id='line_1_65' title="bbox 1713 1362 2779 1427; baseline 0.001 -16"><span class='ocrx_word' id='word_1_321' title='bbox 1713 1364 1977 1427; x_wconf 78' lang='lat' dir='ltr'>exhibeat,</span> <span class='ocrx_word' id='word_1_322' title='bbox 1997 1372 2154 1427; x_wconf 87' lang='lat' dir='ltr'>atque</span> <span class='ocrx_word' id='word_1_323' title='bbox 2174 1378 2426 1418; x_wconf 60' lang='lat' dir='ltr'>autumnas</span> <span class='ocrx_word' id='word_1_324' title='bbox 2451 1363 2547 1412; x_wconf 89' lang='lat' dir='ltr'>sibi</span> <span class='ocrx_word' id='word_1_325' title='bbox 2585 1362 2779 1414; x_wconf 85' lang='lat' dir='ltr'>diffici-</span> 
     </span>
     <span class='ocr_line' id='line_1_66' title="bbox 1711 1437 2778 1503; baseline 0.003 -17"><span class='ocrx_word' id='word_1_326' title='bbox 1711 1437 1833 1487; x_wconf 88' lang='lat' dir='ltr'>lium</span> <span class='ocrx_word' id='word_1_327' title='bbox 1857 1452 2125 1488; x_wconf 87' lang='lat' dir='ltr'>munerum</span> <span class='ocrx_word' id='word_1_328' title='bbox 2157 1439 2299 1489; x_wconf 89' lang='lat' dir='ltr'>dicat</span> <span class='ocrx_word' id='word_1_329' title='bbox 2334 1440 2641 1503; x_wconf 87' lang='lat' dir='ltr'>imposuisse</span> <span class='ocrx_word' id='word_1_330' title='bbox 2670 1455 2778 1489; x_wconf 89' lang='lat' dir='ltr'>me·</span> 
     </span>
     <span class='ocr_line' id='line_1_67' title="bbox 1711 1515 2777 1579; baseline 0.004 -17"><span class='ocrx_word' id='word_1_331' title='bbox 1711 1515 1969 1564; x_wconf 73' lang='lat' dir='ltr'>reti-icem.</span> <span class='ocrx_word' id='word_1_332' title='bbox 2034 1516 2116 1565; x_wconf 86' lang='lat' dir='ltr'>Ex</span> <span class='ocrx_word' id='word_1_333' title='bbox 2154 1515 2417 1579; x_wconf 84' lang='lat' dir='ltr'>AEthiopia</span> <span class='ocrx_word' id='word_1_334' title='bbox 2451 1517 2777 1579; x_wconf 79' lang='lat' dir='ltr'>ancillulam,</span> 
     </span>
    </p>
   </div>
   <div class='ocr_carea' id='block_1_10' title="bbox 1627 1592 2777 1668">
    <p class='ocr_par' dir='ltr' id='par_1_19' title="bbox 1627 1592 2777 1668">
     <span class='ocr_line' id='line_1_68' title="bbox 1627 1592 2777 1668; baseline 0.001 -28"><span class='ocrx_word' id='word_1_335' title='bbox 1627 1619 1633 1625; x_wconf 91' lang='lat'><strong>·</strong></span> <span class='ocrx_word' id='word_1_336' title='bbox 1710 1592 1898 1656; x_wconf 87' lang='lat' dir='ltr'>iuquit,</span> <span class='ocrx_word' id='word_1_337' title='bbox 1937 1592 2068 1642; x_wconf 84' lang='lat' dir='ltr'>dixti</span> <span class='ocrx_word' id='word_1_338' title='bbox 2107 1599 2161 1642; x_wconf 92' lang='lat' dir='ltr'>te</span> <span class='ocrx_word' id='word_1_339' title='bbox 2206 1606 2418 1668; x_wconf 76' lang='lat' dir='ltr'>cupere.</span> <span class='ocrx_word' id='word_1_340' title='bbox 2485 1592 2628 1645; x_wconf 83' lang='lat' dir='ltr'>Quid</span> <span class='ocrx_word' id='word_1_341' title='bbox 2676 1605 2777 1655; x_wconf 81' lang='lat' dir='ltr'>ego</span> 
     </span>
    </p>
   </div>
   <div class='ocr_carea' id='block_1_11' title="bbox 1687 1667 2780 4417">
    <p class='ocr_par' dir='ltr' id='par_1_20' title="bbox 1708 1667 2780 2343">
     <span class='ocr_line' id='line_1_69' title="bbox 1710 1667 2778 1732; baseline 0.003 -17"><span class='ocrx_word' id='word_1_342' title='bbox 1710 1667 1811 1718; x_wconf 85' lang='lat' dir='ltr'>feci</span> <span class='ocrx_word' id='word_1_343' title='bbox 1835 1669 1885 1717; x_wconf 93' lang='lat' dir='ltr'>in</span> <span class='ocrx_word' id='word_1_344' title='bbox 1920 1683 1978 1717; x_wconf 86' lang='lat' dir='ltr'>re</span> <span class='ocrx_word' id='word_1_345' title='bbox 2013 1670 2149 1731; x_wconf 87' lang='lat' dir='ltr'>coeli,</span> <span class='ocrx_word' id='word_1_346' title='bbox 2182 1678 2238 1719; x_wconf 88' lang='lat' dir='ltr'>et</span> <span class='ocrx_word' id='word_1_347' title='bbox 2260 1669 2400 1731; x_wconf 85' lang='lat' dir='ltr'>solis,</span> <span class='ocrx_word' id='word_1_348' title='bbox 2435 1683 2497 1717; x_wconf 85' lang='lat' dir='ltr'>ae</span> <span class='ocrx_word' id='word_1_349' title='bbox 2519 1683 2661 1732; x_wconf 85' lang='lat' dir='ltr'>pene</span> <span class='ocrx_word' id='word_1_350' title='bbox 2693 1684 2778 1719; x_wconf 85' lang='lat' dir='ltr'>or-</span> 
     </span>
     <span class='ocr_line' id='line_1_70' title="bbox 1711 1745 2777 1814; baseline 0.003 -20"><span class='ocrx_word' id='word_1_351' title='bbox 1711 1745 1789 1795; x_wconf 89' lang='lat' dir='ltr'>bis</span> <span class='ocrx_word' id='word_1_352' title='bbox 1827 1748 2085 1797; x_wconf 79' lang='lat' dir='ltr'>alterius?</span> <span class='ocrx_word' id='word_1_353' title='bbox 2137 1749 2368 1814; x_wconf 82' lang='lat' dir='ltr'>quaesivi.</span> <span class='ocrx_word' id='word_1_354' title='bbox 2400 1762 2499 1798; x_wconf 91' lang='lat' dir='ltr'>non</span> <span class='ocrx_word' id='word_1_355' title='bbox 2538 1750 2682 1797; x_wconf 85' lang='lat' dir='ltr'>enim</span> <span class='ocrx_word' id='word_1_356' title='bbox 2724 1749 2777 1797; x_wconf 90' lang='lat' dir='ltr'>in</span> 
     </span>
     <span class='ocr_line' id='line_1_71' title="bbox 1712 1825 2780 1889; baseline 0.005 -18"><span class='ocrx_word' id='word_1_357' title='bbox 1712 1830 1956 1887; x_wconf 85' lang='lat' dir='ltr'>promptu</span> <span class='ocrx_word' id='word_1_358' title='bbox 1979 1833 2111 1876; x_wconf 88' lang='lat' dir='ltr'>erat.</span> <span class='ocrx_word' id='word_1_359' title='bbox 2178 1825 2405 1885; x_wconf 86' lang='lat' dir='ltr'>Deinde,</span> <span class='ocrx_word' id='word_1_360' title='bbox 2444 1839 2545 1873; x_wconf 89' lang='lat' dir='ltr'>non</span> <span class='ocrx_word' id='word_1_361' title='bbox 2570 1826 2780 1889; x_wconf 73' lang='lat' dir='ltr'>petisti,</span> 
     </span>
     <span class='ocr_line' id='line_1_72' title="bbox 1711 1899 2772 1966; baseline 0.005 -18"><span class='ocrx_word' id='word_1_362' title='bbox 1711 1899 1802 1949; x_wconf 86' lang='lat' dir='ltr'>sed</span> <span class='ocrx_word' id='word_1_363' title='bbox 1822 1901 1995 1951; x_wconf 84' lang='lat' dir='ltr'>dixisti</span> <span class='ocrx_word' id='word_1_364' title='bbox 2017 1918 2031 1951; x_wconf 71' lang='grc' dir='ltr'><em>ε</em></span> <span class='ocrx_word' id='word_1_365' title='bbox 2059 1916 2154 1951; x_wconf 87' lang='lat' dir='ltr'>nec</span> <span class='ocrx_word' id='word_1_366' title='bbox 2172 1903 2306 1950; x_wconf 82' lang='lat' dir='ltr'>velle</span> <span class='ocrx_word' id='word_1_367' title='bbox 2330 1909 2400 1961; x_wconf 89' lang='lat' dir='ltr'>te,</span> <span class='ocrx_word' id='word_1_368' title='bbox 2422 1902 2514 1950; x_wconf 91' lang='lat' dir='ltr'>sed</span> <span class='ocrx_word' id='word_1_369' title='bbox 2533 1917 2772 1966; x_wconf 84' lang='lat' dir='ltr'>cupere:</span> 
     </span>
     <span class='ocr_line' id='line_1_73' title="bbox 1709 1977 2776 2041; baseline 0.006 -17"><span class='ocrx_word' id='word_1_370' title='bbox 1709 1990 1810 2024; x_wconf 86' lang='lat' dir='ltr'>non</span> <span class='ocrx_word' id='word_1_371' title='bbox 1844 1979 2065 2041; x_wconf 81' lang='lat' dir='ltr'>nigram,</span> <span class='ocrx_word' id='word_1_372' title='bbox 2100 1978 2188 2027; x_wconf 87' lang='lat' dir='ltr'>sed</span> <span class='ocrx_word' id='word_1_373' title='bbox 2225 1992 2289 2026; x_wconf 88' lang='lat' dir='ltr'>ex</span> <span class='ocrx_word' id='word_1_374' title='bbox 2334 1977 2635 2041; x_wconf 59' lang='lat' dir='ltr'>aethiopia:</span> <span class='ocrx_word' id='word_1_375' title='bbox 2675 1994 2776 2030; x_wconf 85' lang='lat' dir='ltr'>nec</span> 
     </span>
     <span class='ocr_line' id='line_1_74' title="bbox 1710 2051 2775 2120; baseline 0.004 -20"><span class='ocrx_word' id='word_1_376' title='bbox 1710 2051 1850 2115; x_wconf 86' lang='lat' dir='ltr'>dedi,</span> <span class='ocrx_word' id='word_1_377' title='bbox 1874 2055 1960 2102; x_wconf 88' lang='lat' dir='ltr'>sed</span> <span class='ocrx_word' id='word_1_378' title='bbox 1980 2054 2175 2103; x_wconf 86' lang='lat' dir='ltr'>relictis</span> <span class='ocrx_word' id='word_1_379' title='bbox 2193 2053 2342 2103; x_wconf 84' lang='lat' dir='ltr'>rebus</span> <span class='ocrx_word' id='word_1_380' title='bbox 2361 2054 2599 2103; x_wconf 85' lang='lat' dir='ltr'>omnibus</span> <span class='ocrx_word' id='word_1_381' title='bbox 2624 2069 2775 2120; x_wconf 65' lang='lat' dir='ltr'>quae-</span> 
     </span>
     <span class='ocr_line' id='line_1_75' title="bbox 1709 2128 2774 2195; baseline 0.005 -19"><span class='ocrx_word' id='word_1_382' title='bbox 1709 2128 1821 2178; x_wconf 82' lang='lat' dir='ltr'>sivi.</span> <span class='ocrx_word' id='word_1_383' title='bbox 1903 2130 2045 2183; x_wconf 83' lang='lat' dir='ltr'>Quid</span> <span class='ocrx_word' id='word_1_384' title='bbox 2109 2131 2190 2180; x_wconf 89' lang='lat' dir='ltr'>bic</span> <span class='ocrx_word' id='word_1_385' title='bbox 2251 2145 2351 2179; x_wconf 92' lang='lat' dir='ltr'>non</span> <span class='ocrx_word' id='word_1_386' title='bbox 2408 2132 2774 2195; x_wconf 86' lang='lat' dir='ltr'>exquisitum?</span> 
     </span>
     <span class='ocr_line' id='line_1_76' title="bbox 1709 2205 2775 2270; baseline 0.005 -17"><span class='ocrx_word' id='word_1_387' title='bbox 1709 2205 1831 2268; x_wconf 91' lang='lat' dir='ltr'>quid</span> <span class='ocrx_word' id='word_1_388' title='bbox 1847 2220 1949 2255; x_wconf 90' lang='lat' dir='ltr'>non</span> <span class='ocrx_word' id='word_1_389' title='bbox 1971 2206 2046 2257; x_wconf 86' lang='lat' dir='ltr'>ita</span> <span class='ocrx_word' id='word_1_390' title='bbox 2069 2221 2393 2270; x_wconf 84' lang='lat' dir='ltr'>expressum,</span> <span class='ocrx_word' id='word_1_391' title='bbox 2414 2216 2472 2256; x_wconf 92' lang='lat' dir='ltr'>ut</span> <span class='ocrx_word' id='word_1_392' title='bbox 2493 2207 2621 2258; x_wconf 87' lang='lat' dir='ltr'>nihil</span> <span class='ocrx_word' id='word_1_393' title='bbox 2648 2208 2775 2258; x_wconf 82' lang='lat' dir='ltr'>addi</span> 
     </span>
     <span class='ocr_line' id='line_1_77' title="bbox 1708 2282 2079 2343; baseline 0.008 -14"><span class='ocrx_word' id='word_1_394' title='bbox 1708 2283 1906 2343; x_wconf 82' lang='lat' dir='ltr'>possit?</span> <span class='ocrx_word' id='word_1_395' title='bbox 1931 2282 2079 2333; x_wconf 85' lang='lat' dir='ltr'>Idem.</span> 
     </span>
    </p>

    <p class='ocr_par' dir='ltr' id='par_1_21' title="bbox 1706 2359 2772 2642">
     <span class='ocr_line' id='line_1_78' title="bbox 1710 2359 2772 2423; baseline 0.005 -18"><span class='ocrx_word' id='word_1_396' title='bbox 1710 2385 1715 2390; x_wconf 90' lang='lat'><em>·</em></span> <span class='ocrx_word' id='word_1_397' title='bbox 1774 2359 2052 2409; x_wconf 72' lang='lat' dir='ltr'>Eunuchum</span> <span class='ocrx_word' id='word_1_398' title='bbox 2069 2375 2212 2423; x_wconf 80' lang='lat' dir='ltr'>porro</span> <span class='ocrx_word' id='word_1_399' title='bbox 2239 2360 2380 2423; x_wconf 81' lang='lat' dir='ltr'>velle]</span> <span class='ocrx_word' id='word_1_400' title='bbox 2413 2360 2700 2412; x_wconf 83' lang='lat' dir='ltr'>Eunuchos</span> <span class='ocrx_word' id='word_1_401' title='bbox 2741 2377 2772 2410; x_wconf 87' lang='lat' dir='ltr'>a</span> 
     </span>
     <span class='ocr_line' id='line_1_79' title="bbox 1708 2433 2769 2502; baseline 0.005 -18"><span class='ocrx_word' id='word_1_402' title='bbox 1708 2433 1886 2486; x_wconf 83' lang='lat' dir='ltr'>Persis</span> <span class='ocrx_word' id='word_1_403' title='bbox 1907 2437 2171 2488; x_wconf 85' lang='lat' dir='ltr'>institutos</span> <span class='ocrx_word' id='word_1_404' title='bbox 2212 2445 2397 2502; x_wconf 84' lang='lat' dir='ltr'>putant</span> <span class='ocrx_word' id='word_1_405' title='bbox 2430 2453 2496 2488; x_wconf 82' lang='lat' dir='ltr'>ex</span> <span class='ocrx_word' id='word_1_406' title='bbox 2519 2439 2769 2502; x_wconf 81' lang='lat' dir='ltr'>captivis.</span> 
     </span>
     <span class='ocr_line' id='line_1_80' title="bbox 1706 2510 2770 2577; baseline 0.007 -17"><span class='ocrx_word' id='word_1_407' title='bbox 1706 2510 1752 2560; x_wconf 87' lang='grc' dir='ltr'><strong>Α</strong></span> <span class='ocrx_word' id='word_1_408' title='bbox 1772 2513 2074 2577; x_wconf 80' lang='lat' dir='ltr'>Babyloniis</span> <span class='ocrx_word' id='word_1_409' title='bbox 2107 2517 2244 2564; x_wconf 88' lang='lat' dir='ltr'>enim</span> <span class='ocrx_word' id='word_1_410' title='bbox 2280 2515 2585 2565; x_wconf 85' lang='lat' dir='ltr'>Hellanicus</span> <span class='ocrx_word' id='word_1_411' title='bbox 2643 2531 2770 2566; x_wconf 81' lang='lat' dir='ltr'>auc·</span> 
     </span>
     <span class='ocr_line' id='line_1_81' title="bbox 1706 2591 2419 2642; baseline 0.006 -5"><span class='ocrx_word' id='word_1_412' title='bbox 1706 2595 1787 2638; x_wconf 90' lang='lat' dir='ltr'>tor</span> <span class='ocrx_word' id='word_1_413' title='bbox 1805 2598 1885 2641; x_wconf 88' lang='lat' dir='ltr'>est</span> <span class='ocrx_word' id='word_1_414' title='bbox 1908 2591 1961 2641; x_wconf 91' lang='lat' dir='ltr'>id</span> <span class='ocrx_word' id='word_1_415' title='bbox 1981 2592 2238 2642; x_wconf 81' lang='lat' dir='ltr'>babuisse.</span> <span class='ocrx_word' id='word_1_416' title='bbox 2271 2593 2419 2641; x_wconf 82' lang='lat' dir='ltr'>Idem.</span> 
     </span>
    </p>

    <p class='ocr_par' dir='ltr' id='par_1_22' title="bbox 1700 2668 2770 3024">
     <span class='ocr_line' id='line_1_82' title="bbox 1767 2668 2770 2733; baseline 0.002 -16"><span class='ocrx_word' id='word_1_417' title='bbox 1767 2669 2045 2718; x_wconf 73' lang='lat' dir='ltr'>Eunuchum</span> <span class='ocrx_word' id='word_1_418' title='bbox 2064 2685 2201 2733; x_wconf 77' lang='lat' dir='ltr'>porro</span> <span class='ocrx_word' id='word_1_419' title='bbox 2219 2670 2347 2718; x_wconf 75' lang='lat' dir='ltr'>dixti</span> <span class='ocrx_word' id='word_1_420' title='bbox 2377 2669 2493 2718; x_wconf 77' lang='lat' dir='ltr'>velle</span> <span class='ocrx_word' id='word_1_421' title='bbox 2513 2668 2587 2733; x_wconf 78' lang='lat' dir='ltr'>te]</span> <span class='ocrx_word' id='word_1_422' title='bbox 2624 2669 2770 2719; x_wconf 81' lang='lat' dir='ltr'>Vide</span> 
     </span>
     <span class='ocr_line' id='line_1_83' title="bbox 1703 2744 2767 2811; baseline 0.005 -20"><span class='ocrx_word' id='word_1_423' title='bbox 1703 2744 2149 2807; x_wconf 86' lang='lat' dir='ltr'>quemadmodum,</span> <span class='ocrx_word' id='word_1_424' title='bbox 2173 2752 2231 2796; x_wconf 90' lang='lat' dir='ltr'>ut</span> <span class='ocrx_word' id='word_1_425' title='bbox 2251 2746 2410 2811; x_wconf 72' lang='lat' dir='ltr'>maJus</span> <span class='ocrx_word' id='word_1_426' title='bbox 2434 2744 2598 2794; x_wconf 84' lang='lat' dir='ltr'>faciat</span> <span class='ocrx_word' id='word_1_427' title='bbox 2623 2747 2767 2811; x_wconf 88' lang='lat' dir='ltr'>quod</span> 
     </span>
     <span class='ocr_line' id='line_1_84' title="bbox 1703 2820 2770 2885; baseline 0.004 -18"><span class='ocrx_word' id='word_1_428' title='bbox 1703 2820 1968 2880; x_wconf 80' lang='lat' dir='ltr'>praestitit,</span> <span class='ocrx_word' id='word_1_429' title='bbox 2014 2834 2111 2871; x_wconf 86' lang='lat' dir='ltr'>non</span> <span class='ocrx_word' id='word_1_430' title='bbox 2165 2824 2324 2872; x_wconf 85' lang='lat' dir='ltr'>semel</span> <span class='ocrx_word' id='word_1_431' title='bbox 2380 2823 2606 2885; x_wconf 82' lang='lat' dir='ltr'>imputat</span> <span class='ocrx_word' id='word_1_432' title='bbox 2662 2822 2770 2871; x_wconf 87' lang='lat' dir='ltr'>duo</span> 
     </span>
     <span class='ocr_line' id='line_1_85' title="bbox 1701 2897 2767 2962; baseline 0.006 -20"><span class='ocrx_word' id='word_1_433' title='bbox 1701 2897 1986 2960; x_wconf 74' lang='lat' dir='ltr'>mancipia:</span> <span class='ocrx_word' id='word_1_434' title='bbox 2010 2898 2097 2947; x_wconf 89' lang='lat' dir='ltr'>sed</span> <span class='ocrx_word' id='word_1_435' title='bbox 2118 2899 2284 2962; x_wconf 84' lang='lat' dir='ltr'>primo</span> <span class='ocrx_word' id='word_1_436' title='bbox 2301 2899 2546 2962; x_wconf 85' lang='lat' dir='ltr'>puellam,</span> <span class='ocrx_word' id='word_1_437' title='bbox 2565 2898 2767 2948; x_wconf 77' lang='lat' dir='ltr'>deinde</span> 
     </span>
     <span class='ocr_line' id='line_1_86' title="bbox 1700 2973 2188 3024; baseline 0.01 -5"><span class='ocrx_word' id='word_1_438' title='bbox 1700 2973 2003 3024; x_wconf 87' lang='lat' dir='ltr'>eunuchum.</span> <span class='ocrx_word' id='word_1_439' title='bbox 2037 2975 2188 3024; x_wconf 84' lang='lat' dir='ltr'>Idem.</span> 
     </span>
    </p>

    <p class='ocr_par' dir='ltr' id='par_1_23' title="bbox 1697 3049 2765 3266">
     <span class='ocr_line' id='line_1_87' title="bbox 1766 3049 2765 3114; baseline 0.003 -17"><span class='ocrx_word' id='word_1_440' title='bbox 1766 3049 2063 3113; x_wconf 72' lang='lat' dir='ltr'>Eunuchum]</span> <span class='ocrx_word' id='word_1_441' title='bbox 2098 3052 2330 3112; x_wconf 75' lang='grc' dir='ltr'><strong><em>Εὔνοΰχος</em></strong></span> <span class='ocrx_word' id='word_1_442' title='bbox 2350 3050 2561 3114; x_wconf 51' lang='lat' dir='ltr'>efpnruq</span> <span class='ocrx_word' id='word_1_443' title='bbox 2583 3051 2659 3100; x_wconf 77' lang='grc' dir='ltr'>ὣς·</span> <span class='ocrx_word' id='word_1_444' title='bbox 2691 3052 2765 3100; x_wconf 71' lang='grc' dir='ltr'>εὖ·</span> 
     </span>
     <span class='ocr_line' id='line_1_88' title="bbox 1698 3122 2764 3191; baseline 0.004 -18"><span class='ocrx_word' id='word_1_445' title='bbox 1698 3122 1783 3182; x_wconf 71' lang='grc' dir='ltr'>νῆν</span> <span class='ocrx_word' id='word_1_446' title='bbox 1805 3122 1947 3187; x_wconf 75' lang='grc' dir='ltr'><em>ἔχων,</em></span> <span class='ocrx_word' id='word_1_447' title='bbox 1982 3127 2121 3176; x_wconf 48' lang='grc' dir='ltr'><strong>τοῦτ’</strong></span> <span class='ocrx_word' id='word_1_448' title='bbox 2157 3125 2274 3187; x_wconf 73' lang='grc' dir='ltr'>ἔστι,</span> <span class='ocrx_word' id='word_1_449' title='bbox 2305 3125 2560 3191; x_wconf 78' lang='grc' dir='ltr'>φυλάττων</span> <span class='ocrx_word' id='word_1_450' title='bbox 2599 3132 2764 3177; x_wconf 83' lang='lat' dir='ltr'>OCOC</span> 
     </span>
     <span class='ocr_line' id='line_1_89' title="bbox 1697 3204 2583 3266; baseline 0.006 -17"><span class='ocrx_word' id='word_1_451' title='bbox 1697 3206 1975 3266; x_wconf 77' lang='lat' dir='ltr'>eINryNeN</span> <span class='ocrx_word' id='word_1_452' title='bbox 1996 3204 2406 3255; x_wconf 71' lang='lat' dir='ltr'>RecANAP00.‘</span> <span class='ocrx_word' id='word_1_453' title='bbox 2430 3205 2583 3254; x_wconf 81' lang='lat' dir='ltr'>Idem.</span> 
     </span>
    </p>

    <p class='ocr_par' dir='ltr' id='par_1_24' title="bbox 1697 3279 2759 3420">
     <span class='ocr_line' id='line_1_90' title="bbox 1762 3279 2759 3345; baseline 0.001 -17"><span class='ocrx_word' id='word_1_454' title='bbox 1762 3279 1941 3342; x_wconf 78' lang='lat' dir='ltr'>Porro]</span> <span class='ocrx_word' id='word_1_455' title='bbox 1990 3280 2218 3345; x_wconf 90' lang='lat' dir='ltr'>Deinde,</span> <span class='ocrx_word' id='word_1_456' title='bbox 2268 3282 2351 3332; x_wconf 86' lang='lat' dir='ltr'>vel</span> <span class='ocrx_word' id='word_1_457' title='bbox 2407 3287 2616 3345; x_wconf 84' lang='lat' dir='ltr'>postea,</span> <span class='ocrx_word' id='word_1_458' title='bbox 2672 3281 2759 3330; x_wconf 81' lang='lat' dir='ltr'>vel</span> 
     </span>
     <span class='ocr_line' id='line_1_91' title="bbox 1697 3357 2188 3420; baseline 0.008 -16"><span class='ocrx_word' id='word_1_459' title='bbox 1697 3357 1860 3405; x_wconf 85' lang='lat' dir='ltr'>multo</span> <span class='ocrx_word' id='word_1_460' title='bbox 1883 3364 2019 3420; x_wconf 86' lang='lat' dir='ltr'>post.</span> <span class='ocrx_word' id='word_1_461' title='bbox 2041 3359 2188 3409; x_wconf 85' lang='lat' dir='ltr'>Idem.</span> 
     </span>
    </p>

    <p class='ocr_par' dir='ltr' id='par_1_25' title="bbox 1698 3434 2760 3574">
     <span class='ocr_line' id='line_1_92' title="bbox 1765 3434 2760 3498; baseline 0.002 -17"><span class='ocrx_word' id='word_1_462' title='bbox 1765 3434 2042 3483; x_wconf 78' lang='lat' dir='ltr'>Eunuchum</span> <span class='ocrx_word' id='word_1_463' title='bbox 2060 3434 2224 3498; x_wconf 84' lang='lat' dir='ltr'>porro]</span> <span class='ocrx_word' id='word_1_464' title='bbox 2259 3435 2327 3484; x_wconf 94' lang='grc' dir='ltr'>Ο.</span> <span class='ocrx_word' id='word_1_465' title='bbox 2363 3434 2399 3484; x_wconf 89' lang='lat' dir='ltr'>l.</span> <span class='ocrx_word' id='word_1_466' title='bbox 2437 3449 2480 3483; x_wconf 86' lang='lat' dir='ltr'>s.</span> <span class='ocrx_word' id='word_1_467' title='bbox 2502 3439 2558 3484; x_wconf 91' lang='lat' dir='ltr'>et</span> <span class='ocrx_word' id='word_1_468' title='bbox 2580 3434 2760 3484; x_wconf 79' lang='lat' dir='ltr'>Dona-</span> 
     </span>
     <span class='ocr_line' id='line_1_93' title="bbox 1698 3511 2543 3574; baseline 0.002 -15"><span class='ocrx_word' id='word_1_469' title='bbox 1698 3516 1803 3574; x_wconf 86' lang='lat' dir='ltr'>tus,</span> <span class='ocrx_word' id='word_1_470' title='bbox 1820 3526 1964 3574; x_wconf 82' lang='lat' dir='ltr'>porro</span> <span class='ocrx_word' id='word_1_471' title='bbox 1985 3514 2261 3562; x_wconf 81' lang='lat' dir='ltr'>eunuchum.</span> <span class='ocrx_word' id='word_1_472' title='bbox 2297 3511 2543 3561; x_wconf 61' lang='lat' dir='ltr'>Faernus.</span> 
     </span>
    </p>

    <p class='ocr_par' dir='ltr' id='par_1_26' title="bbox 1691 3591 2760 3871">
     <span class='ocr_line' id='line_1_94' title="bbox 1760 3591 2760 3655; baseline 0.001 -17"><span class='ocrx_word' id='word_1_473' title='bbox 1760 3593 1824 3639; x_wconf 83' lang='lat'>88</span> <span class='ocrx_word' id='word_1_474' title='bbox 1875 3591 2003 3647; x_wconf 87' lang='lat' dir='ltr'>Quia</span> <span class='ocrx_word' id='word_1_475' title='bbox 2043 3594 2155 3640; x_wconf 78' lang='lat' dir='ltr'>soloe</span> <span class='ocrx_word' id='word_1_476' title='bbox 2195 3596 2395 3642; x_wconf 76' lang='lat' dir='ltr'>utuntur</span> <span class='ocrx_word' id='word_1_477' title='bbox 2432 3591 2506 3639; x_wconf 78' lang='lat' dir='ltr'>his</span> <span class='ocrx_word' id='word_1_478' title='bbox 2549 3591 2760 3655; x_wconf 68' lang='lat' dir='ltr'>regiuoe]</span> 
     </span>
     <span class='ocr_line' id='line_1_95' title="bbox 1695 3667 2760 3734; baseline 0.002 -18"><span class='ocrx_word' id='word_1_479' title='bbox 1695 3667 1866 3728; x_wconf 86' lang='lat' dir='ltr'>Illam,</span> <span class='ocrx_word' id='word_1_480' title='bbox 1890 3669 2013 3731; x_wconf 90' lang='lat' dir='ltr'>quia</span> <span class='ocrx_word' id='word_1_481' title='bbox 2034 3682 2097 3717; x_wconf 82' lang='lat' dir='ltr'>ex</span> <span class='ocrx_word' id='word_1_482' title='bbox 2121 3667 2414 3732; x_wconf 84' lang='lat' dir='ltr'>AEtbiopia:</span> <span class='ocrx_word' id='word_1_483' title='bbox 2448 3669 2605 3726; x_wconf 86' lang='lat' dir='ltr'>hunc,</span> <span class='ocrx_word' id='word_1_484' title='bbox 2632 3670 2760 3734; x_wconf 75' lang='lat' dir='ltr'>quia</span> 
     </span>
     <span class='ocr_line' id='line_1_96' title="bbox 1693 3743 2759 3813; baseline 0.002 -21"><span class='ocrx_word' id='word_1_485' title='bbox 1693 3745 1815 3792; x_wconf 82' lang='lat' dir='ltr'>solae</span> <span class='ocrx_word' id='word_1_486' title='bbox 1834 3743 1912 3792; x_wconf 90' lang='lat' dir='ltr'>his</span> <span class='ocrx_word' id='word_1_487' title='bbox 1937 3745 2128 3808; x_wconf 82' lang='lat' dir='ltr'>regiuae</span> <span class='ocrx_word' id='word_1_488' title='bbox 2153 3751 2388 3794; x_wconf 90' lang='lat' dir='ltr'>utuntur.</span> <span class='ocrx_word' id='word_1_489' title='bbox 2452 3746 2468 3773; x_wconf 88' lang='lat'>‘</span> <span class='ocrx_word' id='word_1_490' title='bbox 2486 3744 2626 3796; x_wconf 82' lang='lat' dir='ltr'>Quid</span> <span class='ocrx_word' id='word_1_491' title='bbox 2648 3747 2759 3813; x_wconf 70' lang='lat' dir='ltr'>tale</span> 
     </span>
     <span class='ocr_line' id='line_1_97' title="bbox 1691 3818 2747 3871; baseline 0.005 -4"><span class='ocrx_word' id='word_1_492' title='bbox 1691 3818 1875 3868; x_wconf 81' lang='lat' dir='ltr'>Thaidi</span> <span class='ocrx_word' id='word_1_493' title='bbox 1901 3819 2080 3869; x_wconf 84' lang='lat' dir='ltr'>rivalis</span> <span class='ocrx_word' id='word_1_494' title='bbox 2103 3820 2299 3870; x_wconf 62' lang='lat' dir='ltr'>dedit?</span> <span class='ocrx_word' id='word_1_495' title='bbox 2332 3822 2572 3871; x_wconf 81' lang='lat' dir='ltr'>Donatus.</span> <span class='ocrx_word' id='word_1_496' title='bbox 2651 3822 2655 3829; x_wconf 84' lang='lat'><em>‘</em></span> <span class='ocrx_word' id='word_1_497' title='bbox 2741 3824 2747 3828; x_wconf 79' lang='grc'><strong>’</strong></span> 
     </span>
    </p>

    <p class='ocr_par' dir='ltr' id='par_1_27' title="bbox 1687 3895 2755 4338">
     <span class='ocr_line' id='line_1_98' title="bbox 1758 3895 2755 3960; baseline 0.003 -17"><span class='ocrx_word' id='word_1_498' title='bbox 1758 3895 1887 3949; x_wconf 85' lang='lat' dir='ltr'>Quia</span> <span class='ocrx_word' id='word_1_499' title='bbox 1903 3896 2014 3944; x_wconf 79' lang='lat' dir='ltr'>soloe</span> <span class='ocrx_word' id='word_1_500' title='bbox 2028 3901 2229 3945; x_wconf 80' lang='lat' dir='ltr'>utuntur</span> <span class='ocrx_word' id='word_1_501' title='bbox 2259 3896 2336 3944; x_wconf 73' lang='lat' dir='ltr'>his</span> <span class='ocrx_word' id='word_1_502' title='bbox 2364 3897 2574 3960; x_wconf 82' lang='lat' dir='ltr'>reginoe]</span> <span class='ocrx_word' id='word_1_503' title='bbox 2597 3895 2755 3947; x_wconf 75' lang='lat' dir='ltr'>Varie</span> 
     </span>
     <span class='ocr_line' id='line_1_99' title="bbox 1687 3969 2753 4034; baseline 0.001 -15"><span class='ocrx_word' id='word_1_504' title='bbox 1687 3969 1993 4020; x_wconf 80' lang='lat' dir='ltr'>Eunuchum</span> <span class='ocrx_word' id='word_1_505' title='bbox 2004 3971 2216 4034; x_wconf 84' lang='lat' dir='ltr'>dixit,et</span> <span class='ocrx_word' id='word_1_506' title='bbox 2232 3972 2409 4022; x_wconf 89' lang='lat' dir='ltr'>intulit</span> <span class='ocrx_word' id='word_1_507' title='bbox 2430 3974 2543 4024; x_wconf 86' lang='lat' dir='ltr'>His.</span> <span class='ocrx_word' id='word_1_508' title='bbox 2567 3979 2652 4023; x_wconf 88' lang='lat' dir='ltr'>ut:</span> <span class='ocrx_word' id='word_1_509' title='bbox 2676 3973 2753 4021; x_wconf 84' lang='lat' dir='ltr'>‘Si</span> 
     </span>
     <span class='ocr_line' id='line_1_100' title="bbox 1687 4042 2754 4113; baseline 0.005 -19"><span class='ocrx_word' id='word_1_510' title='bbox 1687 4042 1955 4110; x_wconf 82' lang='lat' dir='ltr'>quisquam</span> <span class='ocrx_word' id='word_1_511' title='bbox 1977 4054 2080 4111; x_wconf 80' lang='lat' dir='ltr'>est,</span> <span class='ocrx_word' id='word_1_512' title='bbox 2102 4049 2195 4113; x_wconf 79' lang='lat' dir='ltr'>qui</span> <span class='ocrx_word' id='word_1_513' title='bbox 2213 4050 2421 4112; x_wconf 86' lang='lat' dir='ltr'>placere</span> <span class='ocrx_word' id='word_1_514' title='bbox 2454 4065 2510 4099; x_wconf 90' lang='lat' dir='ltr'>se</span> <span class='ocrx_word' id='word_1_515' title='bbox 2541 4049 2754 4099; x_wconf 78' lang='lat' dir='ltr'>studeat</span> 
     </span>
     <span class='ocr_line' id='line_1_101' title="bbox 1689 4121 2751 4188; baseline -0.001 -17"><span class='ocrx_word' id='word_1_516' title='bbox 1689 4121 1835 4171; x_wconf 87' lang='lat' dir='ltr'>bonis</span> <span class='ocrx_word' id='word_1_517' title='bbox 1858 4124 2024 4175; x_wconf 87' lang='lat' dir='ltr'>Quam</span> <span class='ocrx_word' id='word_1_518' title='bbox 2043 4125 2294 4188; x_wconf 78' lang='lat' dir='ltr'>plurimis,</span> <span class='ocrx_word' id='word_1_519' title='bbox 2315 4133 2370 4175; x_wconf 90' lang='lat' dir='ltr'>et</span> <span class='ocrx_word' id='word_1_520' title='bbox 2388 4125 2595 4174; x_wconf 83' lang='lat' dir='ltr'>minime</span> <span class='ocrx_word' id='word_1_521' title='bbox 2618 4122 2751 4170; x_wconf 87' lang='lat' dir='ltr'>mul·</span> 
     </span>
     <span class='ocr_line' id='line_1_102' title="bbox 1688 4198 2747 4263; baseline 0 -17"><span class='ocrx_word' id='word_1_522' title='bbox 1688 4205 1770 4246; x_wconf 88' lang='lat' dir='ltr'>tos</span> <span class='ocrx_word' id='word_1_523' title='bbox 1797 4199 2024 4262; x_wconf 79' lang='lat' dir='ltr'>laedere3</span> <span class='ocrx_word' id='word_1_524' title='bbox 2054 4201 2117 4250; x_wconf 87' lang='lat' dir='ltr'>Iu</span> <span class='ocrx_word' id='word_1_525' title='bbox 2140 4203 2217 4249; x_wconf 84' lang='lat' dir='ltr'>bis</span> <span class='ocrx_word' id='word_1_526' title='bbox 2255 4198 2411 4263; x_wconf 66' lang='lat' dir='ltr'>poeta</span> <span class='ocrx_word' id='word_1_527' title='bbox 2443 4198 2527 4248; x_wconf 84' lang='lat' dir='ltr'>bic</span> <span class='ocrx_word' id='word_1_528' title='bbox 2557 4210 2747 4248; x_wconf 85' lang='lat' dir='ltr'>nomen</span> 
     </span>
     <span class='ocr_line' id='line_1_103' title="bbox 1689 4272 2352 4338; baseline 0.003 -15"><span class='ocrx_word' id='word_1_529' title='bbox 1689 4272 1963 4338; x_wconf 79' lang='lat' dir='ltr'>profitetur</span> <span class='ocrx_word' id='word_1_530' title='bbox 1986 4274 2169 4324; x_wconf 84' lang='lat' dir='ltr'>suum.’</span> <span class='ocrx_word' id='word_1_531' title='bbox 2202 4275 2352 4325; x_wconf 84' lang='lat' dir='ltr'>Idem.</span> 
     </span>
    </p>

    <p class='ocr_par' dir='ltr' id='par_1_28' title="bbox 1753 4351 2745 4417">
     <span class='ocr_line' id='line_1_104' title="bbox 1753 4351 2745 4417; baseline -0.002 -14"><span class='ocrx_word' id='word_1_532' title='bbox 1753 4351 1977 4415; x_wconf 66' lang='lat' dir='ltr'>Regina]</span> <span class='ocrx_word' id='word_1_533' title='bbox 2012 4351 2076 4402; x_wconf 87' lang='lat' dir='ltr'>Id</span> <span class='ocrx_word' id='word_1_534' title='bbox 2100 4359 2205 4417; x_wconf 76' lang='lat' dir='ltr'>est,-</span> <span class='ocrx_word' id='word_1_535' title='bbox 2235 4353 2447 4403; x_wconf 84' lang='lat' dir='ltr'>divites.</span> <span class='ocrx_word' id='word_1_536' title='bbox 2480 4352 2573 4403; x_wconf 88' lang='lat' dir='ltr'>sed</span> <span class='ocrx_word' id='word_1_537' title='bbox 2595 4351 2745 4416; x_wconf 69' lang='grc' dir='ltr'>ἐμφα-</span> 
     </span>
    </p>
   </div>
  </div>
 </body>
</html>
