3035 4941
529 353 704 420 1242

535 527 698 576 supra
738 510 1110 560 denotaverat:
1153 509 1260 559 ‘Et
1313 509 1497 571 tedet,
1536 516 1592 560 et

536 604 714 641 amore
747 587 929 637 ardeo:
965 594 1020 636 et
1043 584 1290 650 prudens,
1313 586 1483 635 sciens
1500 587 1593 636 vi-

534 682 630 715 vus
655 664 939 729 vidensque
962 677 1119 727 pereo
1139 680 1152 711 ε
1176 678 1273 713 nec
1295 662 1422 728 quid
1442 677 1592 727 agam

536 742 677 792 scio.¹
740 743 863 794 Jam
905 741 1178 790 intervalla
1213 740 1336 799 illa;
1372 754 1474 803 quo
1512 754 1593 790 ra·

535 821 651 883 puit
683 833 922 869 curarum
962 826 1018 870 et
1056 817 1398 866 solicitudinis
1434 817 1594 881 irnpe-

536 905 648 947 tus:
705 895 984 946 ‘Proeterii
1034 894 1333 957 imprudens
1368 893 1541 942 villam
1557 892 1592 943 ε’

535 988 637 1038 quo
682 970 949 1021 revocavit
982 969 1230 1019 memoria
1263 971 1403 1033 capti
1446 976 1594 1019 tanto

537 1057 794 1114 apparatu
835 1048 1063 1097 consilii:
1114 1049 1128 1073 ‘
1151 1047 1253 1097 Ubi
1307 1046 1372 1096 ad
1423 1047 1593 1109 ipsum

539 1127 656 1186 ¹veni
679 1124 1063 1179 diverticulum,
1086 1122 1351 1173 constiti:’
1383 1137 1483 1185 quo
1506 1136 1594 1171 cu-

538 1204 732 1267 piditas
775 1200 1034 1251 desiderio
1073 1199 1294 1250 incitata
1337 1201 1593 1249 retraxit:

539 1281 555 1306 ⁴
584 1279 755 1328 villam
794 1282 1050 1341 praetereo
1081 1275 1302 1325 sciens:'
1342 1285 1595 1340 quantum

536 1356 734 1405 habent
752 1355 832 1403 vel
852 1352 1100 1417 ἐνεργείας,
1114 1354 1195 1403 vel
1210 1352 1488 1403 evidentiae
1511 1353 1598 1403 vel

541 1427 794 1479 affectus?
829 1430 1087 1479 Boeclerns.

545 1555 550 1560 ,
607 1507 740 1569 Coepi
780 1511 962 1568 egomet
1009 1504 1208 1567 mecum]
1258 1504 1428 1564 Ordo,
1461 1503 1596 1567 coepi

539 1581 691 1630 aliam
713 1597 818 1632 rem
838 1596 902 1630 ex
928 1582 1029 1631 alia
1047 1596 1102 1631 re
1124 1582 1378 1646 cogitare.
1414 1581 1597 1631 Donat.

604 1659 743 1708 Inter·
763 1659 889 1723 vias]
942 1660 1184 1725 Figurate
1225 1668 1281 1709 et
1312 1673 1446 1707 nove
1468 1659 1599 1708 inter

539 1736 659 1786 vias.
699 1735 865 1785 Idem.

603 1817 636 1863 3
670 1815 738 1862 Et
772 1828 827 1862 eu
866 1812 1025 1863 omniu
1058 1814 1109 1862 in
1146 1811 1355 1877 peiorem
1385 1812 1597 1876 purtem]

541 1890 731 1940 Utrum
786 1888 1138 1951 subandiatur,
1189 1890 1458 1954 cogitare?
1511 1903 1597 1950 an,

539 1967 700 2030 ibant,
728 1976 821 2017 aut
859 1966 1164 2032 vergebant,
1184 1976 1273 2016 ant
1298 1965 1423 2032 qnid
1455 1966 1597 2015 tale?

540 2043 693 2093 Idem.

547 2174 554 2179 ,
602 2124 634 2169 4
668 2119 799 2168 Dum
816 2118 917 2167 haec
935 2117 1073 2180 puto]
1106 2116 1171 2165 Id
1206 2123 1303 2178 est,
1342 2117 1600 2168 existimo.

537 2206 595 2244 ut
619 2196 892 2258 Virgilius,
922 2201 936 2222 ‘
967 2195 1134 2243 Multa
1153 2199 1360 2257 putans,
1380 2203 1597 2243 sortem-

539 2286 641 2339 que
683 2271 841 2320 animi
885 2270 1154 2319 miseratus
1198 2257 1489 2335 iniquaml'
1531 2272 1601 2320 Et

540 2356 623 2408 est
663 2346 906 2410 ἀφαίρεσις
945 2360 1039 2409 pro
1082 2354 1287 2409 reputo.
1368 2348 1601 2397 Putamus

539 2421 679 2474 enim
699 2421 975 2473 instantia:
1004 2421 1296 2485 Reputamu·
1314 2425 1599 2487 praeterita.

545 2502 696 2550 Idem.

555 2622 558 2625 .
605 2579 635 2625 7
680 2576 776 2625 Ubi
815 2576 878 2624 ud
919 2575 1074 2638 ipsum
1106 2577 1213 2623 veni
1246 2575 1598 2641 diverticulum]

543 2652 902 2703 niver-ticulum
924 2657 1024 2713 est,
1057 2652 1144 2698 ubi
1167 2652 1266 2701 iter
1289 2652 1354 2702 de
1379 2653 1461 2702 via
1477 2651 1600 2701 flec-

540 2720 688 2779 titur.
711 2735 766 2776 et
800 2729 1009 2792 proprie
1044 2727 1321 2778 diverticulo
1356 2728 1602 2797 dicuntur

541 2807 596 2856 in
620 2806 702 2855 via
738 2805 1017 2867 domicilia,
1046 2805 1126 2852 ad.
1152 2820 1268 2868 quae
1303 2806 1370 2854 de
1410 2805 1599 2863 itinere

538 2876 1011 2946 divertendumsit.
1047 2884 1200 2935 Idem.

548 3011 559 3018 ,
610 2959 844 3023 Constili]
895 2959 1021 3009 Plus
1064 2966 1148 3009 est
1180 2973 1317 3009 nunc
1349 2959 1597 3010 scientem

538 3037 769 3102 stetisse,
811 3051 961 3102 quam
1011 3036 1327 3101 praeteriisse
1364 3039 1599 3087 nescien-

542 3121 670 3178 tem.
705 3114 858 3169 Idem.
1539 3161 1543 3164 ,

601 3195 633 3240 8
668 3190 815 3253 Hem,
858 3190 1051 3240 biduum
1080 3189 1158 3238 hic
1191 3190 1471 3239 mumdum
1502 3189 1605 3255 est]

537 3265 843 3331 luterjectio
862 3266 1145 3317 laborantis
1166 3264 1340 3314 animi.
1386 3265 1600 3314 Biduum

539 3345 614 3400 sic
641 3344 937 3406 pronuntia,
971 3347 1030 3390 ut
1051 3343 1258 3405 longum
1283 3341 1600 3407 nimiumque

538 3428 761 3481 tempus.
826 3419 959 3467 Tum
999 3417 1189 3467 deinde
1221 3418 1318 3477 hic,
1355 3426 1600 3484 tanquam

539 3497 591 3544 in
618 3492 732 3544 lo'co
755 3494 865 3544 solo
886 3500 1042 3558 atque
1064 3493 1219 3543 tristi.
1254 3493 1407 3544 Idem.

555 3632 560 3641 ι
606 3577 639 3620 9
671 3571 772 3621 Soli
791 3572 895 3620 sine
915 3569 1023 3633 illu]
1041 3569 1147 3619 Aut
1168 3570 1277 3618 sine
1298 3569 1401 3618 alio
1426 3568 1598 3618 oblec-

543 3647 811 3698 tamento?
845 3647 997 3695 Idem.

602 3724 721 3775 Sine
741 3722 850 3785 illa]
882 3722 1020 3772 Satis
1042 3720 1309 3771 amatorie.
1347 3722 1498 3773 Idem.

555 3840 560 3845 .
605 3800 723 3851 Sine
754 3799 861 3862 illa]
915 3799 1035 3851 Jam
1080 3813 1231 3847 causa
1264 3807 1364 3862 est,
1401 3814 1491 3849 cur
1524 3799 1598 3850 bi-

527 3880 698 3929 duum
740 3883 984 3940 gravetur
1012 3877 1127 3926 loco
1160 3877 1315 3935 tristi,
1347 3893 1441 3928 cur
1468 3880 1599 3929 sola-

532 3937 670 4011 <uum
690 3951 1114 4018 conquirendum.
1155 3954 1289 4003 Sunt
1311 3960 1485 4004 autem
1507 3956 1598 4019 qui

543 4036 679 4085 idem
717 4040 921 4097 putent,
944 4029 1037 4079 soli
1058 4045 1174 4093 esse,
1197 4037 1252 4081 et
1273 4032 1376 4082 sine
1396 4033 1481 4081 illa
1497 4050 1514 4083 .·
1540 4041 1599 4083 ut

537 4115 645 4165 sine
675 4111 762 4161 illa
792 4108 1009 4172 ἐξήγησις
1030 4109 1139 4173 ejus
1161 4109 1250 4171 sit,
1291 4109 1425 4174 quod
1449 4111 1599 4162 dixe·

538 4199 641 4249 rat,
667 4188 789 4237 Soli.
827 4187 995 4239 Idem.
1326 4194 1330 4198 ·

607 4271 668 4315 10
703 4265 846 4314 Nihil
864 4263 1099 4327 estequid
1117 4261 1261 4326 nihil]
1296 4259 1596 4315 Amantium

1238 368 1452 416 ⁸0¹1·AE
1501 369 1597 415 ΨΑ
1612 367 1734 418 810
1748 369 1904 417 RUM

1960 368 2034 416 ΙΝ

1665 509 2038 574 disputationes
2080 509 2443 559 intermiscent
2488 512 2718 574 quadarn

1665 587 1875 639 consilia
1895 602 2034 637 sanae
2058 585 2273 647 mentis,
2290 600 2407 649 quae
2431 592 2607 635 tamen
2625 596 2719 636 sta·
2744 598 2758 608 “

1667 662 1758 712 tim
1813 663 2132 727 resurgentis
2169 662 2354 711 amoris
2394 663 2597 713 saevitia
2637 664 2719 713 de·

1668 738 1960 787 vincuntur.
1996 739 2147 788 Idem.

1733 818 1790 863 11
1834 815 2578 880 Eho‚aeeidendiquidemerit]
2606 816 2724 874 Eho,

1667 890 1883 941 ridicule
1922 891 2191 942 additum:
2229 900 2479 957 tanquam
2516 895 2723 943 omnino

1667 981 1768 1016 non
1789 982 1964 1018 secum
1986 968 2251 1033 loquatur,
2277 970 2368 1019 sed
2402 985 2518 1020 cnm
2541 970 2726 1020 altero.

1667 1045 1819 1094 Idem.
2720 1091 2725 1100 .

1731 1121 1792 1171 Si
1814 1121 1932 1172 illud
1964 1137 2058 1171 non
2081 1121 2212 1185 licet,
2248 1122 2418 1173 saltem
2437 1123 2525 1172 hoc
2544 1122 2728 1186 licebit]

1670 1198 1813 1247 Bene
1838 1198 1915 1247 bis
1946 1198 2146 1247 dictum
2189 1199 2320 1258 licet,
2355 1199 2549 1250 licebit.-
2588 1199 2729 1264 quasi

1668 1273 1737 1323 de
1774 1288 1829 1323 re
1863 1289 2053 1337 magna
2095 1275 2349 1340 loquatur.
2391 1282 2562 1327 totum
2604 1290 2729 1340 ergo

1670 1352 1939 1401 amatorie.
1974 1351 2125 1401 Idem.

1735 1430 1797 1475 12
1855 1427 1999 1476 Certe
2046 1431 2259 1477 extrem
2303 1426 2456 1490 lineo]
2509 1429 2582 1478 Et
2629 1429 2729 1480 hoe

1672 1509 1840 1552 recte:
1875 1503 1997 1565 quia
2031 1502 2259 1567 quinque
2292 1502 2446 1553 lineae
2480 1503 2728 1568 perfecta».

1671 1584 1790 1628 sunt
1807 1576 1875 1628 ad
1890 1593 2133 1630 amorem.
2146 1579 2313 1642 prima
2328 1580 2486 1640 visus,
2500 1582 2731 1632 secunda

1672 1655 1830 1718 loqui,
1854 1655 2010 1704 tertia
2047 1664 2238 1718 tactus,
2270 1665 2462 1721 quarta
2488 1658 2729 1718 osculari,

1671 1733 1853 1799 quinta
1867 1735 2057 1796 coitus.
2091 1732 2174 1784 An
2192 1735 2265 1784 sic
2286 1735 2424 1788 dixit
2439 1740 2658 1786 extrema
2670 1736 2729 1784 ei·

1671 1826 1781 1874 nea,
1808 1812 2237 1874 quemadmodum
2265 1811 2459 1862 dicitur
2495 1814 2654 1875 longis
2673 1815 2730 1863 li·

1670 1888 1776 1939 aeis
1787 1888 2057 1953 quidfieri?
2078 1887 2136 1937 ld
2151 1897 2252 1951 est,
2265 1888 2330 1938 de
2342 1890 2640 1955 longinquo.
2654 1892 2731 1942 Ia.

1678 2025 1683 2032 ,
1738 1966 1977 2017 Extrema
2016 1965 2166 2029 lim]
2224 1965 2330 2017 Hic
2379 1967 2540 2017 multa
2583 1967 2731 2016 multi

1674 2042 1869 2093 dixere.
1940 2044 2277 2107 Bulengerus‚
2300 2044 2522 2107 Lipsius,
2540 2045 2731 2094 Salma-

1671 2119 1795 2178 sius,
1839 2126 1895 2169 at
1949 2120 2180 2169 Donatus
2222 2121 2450 2170 omnium
2494 2122 2734 2184 pessime,

1674 2195 1895 2258 Bergius
1916 2197 2131 2259 optime.
2179 2196 2263 2248 Ad
2286 2196 2731 2250 confirmationem

1672 2271 1926 2333 opinionis
1965 2272 2103 2320 illius
2139 2286 2295 2336 quam
2330 2273 2510 2335 habet,
2544 2271 2731 2323 afferre

1675 2362 1878 2410 possum
1902 2349 2068 2397 locum
2094 2349 2228 2398 hunc
2251 2364 2317 2399 ex
2355 2350 2420 2400 D.
2439 2349 2734 2414 Augustino

1673 2423 1762 2481 lib.
1819 2437 1880 2475 ιι.
1935 2425 2002 2475 de
2045 2423 2276 2476 civitate
2323 2425 2427 2476 Dei
2473 2440 2594 2490 cap.
2648 2430 2733 2477 21.

1670 2502 1691 2553 ⁸,
1706 2502 1898 2552 Nostra
1921 2515 2047 2551 vero
2071 2509 2200 2551 aetas
2218 2517 2338 2552 cum
2357 2503 2732 2566 rempublicam

1673 2577 1810 2627 sicut
1848 2577 2108 2641 picturam
2150 2579 2439 2642 accepisset
2457 2581 2737 2643 egregiam,

1671 2652 1759 2701 sed
1786 2662 2185 2706 evanescentem
2212 2662 2492 2717 vetustate,
2516 2671 2618 2706 non
2632 2671 2735 2706 mo·

1672 2727 1739 2781 do
1762 2743 1878 2778 eam
1904 2731 2164 2782 coloribus
2199 2732 2380 2781 iisdem
2415 2733 2601 2796 quibus
2624 2731 2734 2783 fue·

1673 2811 1776 2868 rat,
1799 2819 2050 2857 renovare
2072 2808 2327 2875 neglexit,
2349 2809 2439 2859 sed
2459 2825 2525 2860 ne
2550 2810 2602 2860 id
2625 2811 2732 2875 qui·

1672 2882 1793 2937 dem
1815 2885 2038 2947 curavit,
2074 2892 2136 2934 ut
2166 2883 2386 2939 formam
2415 2887 2601 2947 saltem
2624 2883 2738 2951 eju‘s

1672 2968 1729 3015 et
1751 2969 1988 3013 extrema
2011 2968 2256 3028 tanquam
2291 2963 2616 3017 lineamenta
2637 2979 2740 3015 ser·

1677 3037 1862 3090 varet.'
1925 3038 2095 3089 Locus
2116 3047 2199 3091 est
2224 3041 2467 3104 egregius
2501 3048 2559 3090 et
2594 3048 2738 3092 tanto

1675 3114 1787 3163 viro
1811 3113 2012 3177 dignus.
2081 3115 2199 3165 Hoc
2235 3123 2409 3166 autem
2445 3116 2737 3181 intelligen-

1675 3189 1796 3239 dum
1821 3190 1888 3240 de
1905 3190 2053 3240 lineis
2074 3191 2197 3254 illis,
2219 3194 2366 3257 queis
2380 3191 2549 3258 figura
2569 3194 2739 3259 aliqua

1674 3264 2004 3320 informatur.
2071 3268 2310 3319 Pictore-s
2345 3270 2519 3321 sciunt
2555 3286 2641 3320 me
2672 3271 2739 3320 de

1674 3343 1843 3406 primo
1886 3350 2074 3394 conatu
2111 3345 2376 3410 pingentis
2408 3347 2505 3398 hoc
2545 3346 2741 3401 dicere.

1742 3498 1976 3546 Extrema
2009 3498 2161 3562 linea]
2211 3498 2344 3548 Post
2379 3503 2461 3551 16.
2481 3500 2740 3565 interpre-

1675 3579 1754 3632 tes
1778 3574 1966 3623 ariolos
1989 3575 2075 3639 qui
2100 3575 2183 3625 hic
2206 3575 2461 3638 laborant,
2492 3585 2550 3626 et
2572 3593 2604 3627 a
2628 3593 2740 3629 rec·

1677 3657 1728 3698 ta
1754 3649 1885 3698 linea
1914 3649 2214 3714 discedunt,
2249 3653 2585 3703 Christianus
2609 3656 2742 3706 Bec-

1672 3738 1891 3774 mannus
1929 3741 2047 3791 cap.
2088 3730 2168 3777 12.
2206 3729 2641 3781 Manuductionis
2676 3732 2741 3789 ad

1675 3800 1821 3864 Ling.
1845 3801 1960 3851 Lat.
1984 3803 2265 3854 concludit.
2301 3806 2560 3870 Loquitur
2590 3808 2737 3858 Plue-

1674 3876 1788 3927 dria
1820 3877 1886 3927 de
1933 3878 2084 3927 initio
2116 3881 2326 3944 ameria,
2366 3897 2644 3947 processu,
2684 3893 2738 3934 et

1670 3951 1790 4002 fine.
1858 3954 2069 4004 Initium
2104 3963 2187 4006 est
2219 3957 2367 4020 visus,
2402 3965 2641 4011 extrema
2661 3976 2735 4017 sc.

1671 4030 1828 4092 linea,
1871 4041 1928 4083 et
1962 4033 2212 4082 terminus
2256 4050 2285 4084 a
2325 4051 2461 4099 quo;
2487 4038 2738 4103 Propert.

1671 4110 1712 4160 l.
1733 4122 1798 4159 11.
1823 4111 1976 4173 Eleg.
2002 4113 2082 4159 15.
2115 4112 2130 4137 ‘
2156 4111 2313 4161 Oculi
2334 4122 2457 4163 sunt
2483 4117 2534 4163 in
2560 4132 2734 4167 amore

1671 4185 1869 4237 duces!
1951 4186 2099 4251 Vin-g.
2125 4186 2329 4240 AEneid.
2357 4204 2396 4238 1.
2433 4193 2448 4218 ‘
2466 4190 2731 4243 Ardescit-

1672 4276 1772 4331 que
1796 4261 2023 4314 tuendo.’
2086 4260 2317 4320 Achilles
2347 4266 2527 4317 Tatius
2565 4269 2657 4319 lib.
2691 4283 2728 4323 ι.
