3035 4941
766 451 1141 499 TERENTH:
1179 452 1463 499 HEGYR.
1507 452 1676 500 ACT.
1724 453 1801 500 11.
1850 455 1953 503 Sc·
2001 455 2049 504 1.

306 594 469 646 ναικὸς
491 592 672 644 τώποτ’
705 591 840 644 οὐδὲν
870 591 1084 657 διαφέρει.
1120 593 1249 642 Mer.
1274 593 1370 641 Ca·-

302 673 559 722 saubonus.

298 772 311 791 ι
373 754 404 798 3
440 750 609 812 Neque
648 748 929 796 declinatam
966 745 1248 810 quidquam]
1304 744 1367 795 Id

304 834 413 886 est,
446 825 632 874 flexam
656 825 739 873 vel
762 821 1022 884 inflexam,
1055 824 1120 872 ab
1144 838 1209 872 eo
1231 821 1366 887 quod

303 900 684 950 declinaverim
710 913 774 949 ne
800 913 981 961 parum
1004 900 1093 959 sit,
1112 899 1370 948 diversam

302 977 395 1025 »vel
422 976 719 1025 dissimilem
759 973 971 1023 dixisse.
1011 983 1070 1023 ut
1107 983 1191 1023 est
1227 973 1371 1035 illud,

299 1053 319 1082 ‘
345 1053 503 1104 Illum
527 1052 805 1101 tumultum
828 1049 1066 1101 inflexit.’
1103 1052 1338 1100 Donatus.

373 1132 406 1177 4
443 1129 610 1191 Itaque
643 1129 759 1177 adeo
798 1141 891 1175 ιιιιο
939 1127 1118 1188 auimo]
1155 1127 1370 1177 Neseias

300 1219 376 1253 an
427 1219 494 1254 ex
538 1203 798 1253 sententia
837 1202 955 1262 hac,
1009 1205 1093 1252 vel
1131 1203 1260 1252 adeo
1301 1217 1370 1252 ex

302 1282 406 1331 hac
442 1295 600 1331 scena
636 1294 826 1330 nomen
852 1277 1051 1329 fabulae
1088 1278 1159 1329 sit
1190 1279 1371 1328 inven-

309 1365 437 1408 tum.
458 1359 621 1408 ..Idem

372 1436 544 1497 Itaque
577 1432 717 1496 adeo]
751 1430 1062 1485 Necessaria
1093 1431 1370 1482 sententiae

304 1509 592 1573 ἀμφιβολία,
607 1511 671 1560 ad
689 1508 1081 1560 describendam
1100 1516 1371 1573 utramque

300 1598 604 1652 personam.
636 1587 790 1636 Idem.

299 1706 307 1716 .
375 1664 544 1727 Itaque
563 1665 679 1713 adeo
698 1678 792 1712 ιιιιο
827 1662 984 1711 animo
1022 1677 1181 1712 omnes
1211 1677 1373 1711 socrus

303 1739 697 1802 oderuntmrm]
733 1740 903 1789 Nemo
927 1740 1204 1803 potestbic
1225 1739 1372 1788 dubi-

288 1823 442 1878 itare,
461 1823 552 1875 aut
568 1817 635 1865 de
659 1815 899 1879 ambiguo
923 1830 1079 1866 sensu
1100 1816 1266 1880 queri,
1289 1830 1375 1867 sos

294 1907 428 1942 serus
472 1892 635 1951 enim(
671 1899 996 1955 accusantur,
1043 1907 1145 1942 uon
1192 1908 1369 1943 nurus.

294 1968 556 2035 Donatus
601 1983 848 2018 summam
892 1969 1073 2033 ponit:
1121 1971 1136 1997 ‘
1162 1971 1372 2021 Laesisti

298 2060 515 2107 nurum,-
545 2045 665 2109 quia
703 2058 883 2094 socrus
905 2060 993 2093 es:
1029 2051 1085 2094 et
1119 2045 1261 2095 nulla
1291 2060 1372 2095 so·

300 2135 424 2171 crus
447 2122 620 2183 diligit
642 2121 857 2171 nurumss
876 2156 895 2169 -,
923 2122 1052 2170 Mox
1078 2136 1177 2170 non
1200 2122 1370 2189 ineru-

299 2197 437 2261 dite,
473 2198 487 2224 ‘
507 2197 846 2251 neeessariam
870 2199 1147 2248 sententiae
1164 2196 1370 2259 ἅμφιβο·

297 2272 418 2322 λίαν
442 2273 458 2297 ’
505 2272 761 2337 agnoscit,
808 2274 823 2301 ‘
855 2272 920 2321 ad
968 2273 1369 2324 describendam

302 2357 584 2415 utramque
608 2349 916 2415 personam-3
949 2352 1208 2400 Boeclerus.
1243 2378 1248 2401 .=

374 2426 548 2493 Itaque
577 2431 693 2481 adeo
719 2444 811 2479 ano
843 2429 998 2479 animo
1020 2444 1176 2480 omnes
1209 2443 1372 2479 socrus

292 2508 505 2558 »dmm
539 2508 708 2571 naras]
745 2505 1058 2562 Necessaria
1093 2507 1368 2557 sententiae

302 2579 585 2653 ἆμφιβαλίιί,
602 2584 667 2633 ad
685 2582 1077 2634 describendam
1094 2594 1368 2649 utramque

302 2662 724 2727 personam„ait
764 2661 846 2711 bic
880 2663 1021 2711 Don.
1059 2662 1368 2726 ambiguitas

306 2744 489 2789 autem
504 2753 570 2787 ex
582 2752 671 2800 eo,
682 2738 819 2802 quod
836 2743 1105 2803 utrumque
1118 2753 1300 2800 socrus,
1314 2743 1372 2787 et

298 2830 473 2877 nurus,
499 2815 582 2864 vel
607 2821 663 2865 ut
691 2814 993 2878 accusativi,
1022 2815 1101 2864 vel
1126 2822 1185 2864 ut
1209 2814 1370 2864 nomi-

282 2892 471 2943 .nativi
495 2891 694 2955 possint
714 2891 922 2954 accipi3
956 2892 1045 2941 sed
1081 2891 1198 2941 ideo
1230 2907 1370 2956 quae-

300 2969 409 3020 sita
431 2969 765 3033 ambiguitas,
805 2968 923 3033 quia
946 2969 1197 3018 utrolibet
1233 2969 1370 3018 acei-

301 3046 439 3109 pias·
460 3047 612 3095 modo
651 3059 797 3111 aeque
831 3060 954 3095 vera
985 3043 1149 3095 fuerit
1186 3046 1387 3106 oratio.

289 3129 425 3173 ‚nam
458 3129 523 3172 et*
544 3121 631 3172 τὰς
665 3136 845 3172 socrus
870 3111 930 3171 ut
953 3121 1222 3185 plurimum
1246 3123 1369 3172 ode·

301 3204 431 3246 runt
451 3196 498 3245 αἱ
530 3211 709 3260 nurus,
731 3203 785 3246 et
803 3196 891 3246 τὰς
921 3211 1079 3247 nurus
1105 3196 1156 3247 αἱ
1173 3213 1368 3249 socrus.

303 3277 445 3326 Mer.
470 3277 673 3326 Casaub.
800 3317 808 3326 .

368 3358 399 3401 5
445 3353 578 3403 Viris
609 3368 721 3404 esse.
742 3344 988 3415 advorsus]
1019 3351 1180 3403 Aliud
1216 3367 1368 3417 argu-

300 3437 570 3480 mentum:
598 3431 804 3480 Laesisti
827 3444 1032 3491 nurum,
1052 3436 1112 3479 ut
1131 3429 1252 3479 mihi
1278 3429 1367 3478 ad-

291 3506 601 3559 uersareris.
624 3521 739 3557 nam
757 3508 944 3556 mulier
957 3521 1032 3568 es,
1046 3514 1107 3556 et
1125 3507 1366 3556 mulieres

302 3597 484 3632 omnes
508 3582 849 3634 adversantur
874 3583 1015 3636 viris.
1050 3583 1285 3633 Donatus.

294 3696 301 3700 -
369 3662 528 3724 AEque
549 3661 758 3710 studium
777 3660 875 3722 est]
910 3660 1155 3721 Studium,
1178 3666 1260 3710 est
1277 3674 1367 3709 vo-

294 3736 501 3792 luntas
521 3737 740 3788 bominis
785 3738 1039 3789 attentior
1082 3743 1238 3803 atque
1273 3736 1369 3785 im-

301 3812 536 3876 pensior.
568 3814 721 3862 Idem.

292 3909 302 3932 ·‘
366 3892 554 3941 Similis
586 3892 867 3957 pertinacia
882 3891 977 3955 est]
1010 3857 1226 3955 Alfenam.
1250 3906 1366 3942 nam
1432 3925 1437 3930 -

298 3968 515 4018 stadum
535 3972 591 4017 et
613 3967 805 4017 bonum
822 3973 935 4017 est.
958 3969 1226 4031 pertinacia
1246 3983 1367 4018 vero

295 4060 570 4109 nunquam
592 4059 693 4094 non
715 4046 869 4094 mala.
900 4045 1054 4095 Idem.

318 4127 400 4171 6
436 4122 500 4169 In
533 4124 780 4185 eodemque
814 4135 971 4170 omes
998 4121 1124 4170 mihi
1149 4079 1371 4171 videntur

291 4200 412 4252 iudo.
434 4199 586 4247 dode
619 4198 691 4248 ad
712 4197 970 4260 malitiam]
998 4197 1153 4245 Tria
1139 4212 1191 4246 ιιι
1214 4211 1368 4248 accu-

302 4275 508 4323 satione
555 4272 750 4336 posuit,
779 4287 844 4321 ex
882 4270 1069 4337 quibus
1109 4272 1213 4323 duo
1251 4279 1371 4324 sunt

304 4351 616 4413 communia,
650 4364 806 4402 unum
830 4349 1004 4416 ipsius.
1026 4350 1164 4415 quod
1186 4351 1370 4402 mulier

2332 439 2504 506 1533

1443 601 1544 654 est,
1565 600 1621 661 et
1642 594 1776 659 quod
1800 603 1995 659 socrus,
2015 595 2335 647 communia:
2361 596 2500 663 quod

1442 668 1559 731 ipsa
1581 671 1878 732 specialiter
1901 672 2147 734 magistra
2170 679 2251 722 est
2273 671 2338 721 ad
2361 675 2504 723 mali·

1440 746 1570 795 tiam
1592 748 1843 797 Sostrata.
1909 750 1989 796 Ex
2030 747 2109 797 bis
2147 749 2347 812 colligit
2368 750 2502 812 inju-

1443 823 1569 870 riam
1593 838 1793 886 passam
1813 839 1995 873 nurum
2014 839 2110 887 per
2125 826 2502 889 conjecturam.

1445 899 1599 947 Idem.

1438 1009 1447 1015 -
1511 975 1574 1023 Ιιι
1611 978 1770 1025 eodem
1812 977 1942 1039 ludo]
1976 977 2037 1027 In
2069 979 2253 1028 eadem
2290 979 2502 1029 schola:

1442 1052 1524 1100 vel
1550 1052 1729 1103 eodem
1754 1054 2053 1116 Gymnasio.
2086 1056 2216 1104 Mer.
2245 1055 2449 1105 Casaab.

1507 1132 1539 1176 7
1578 1130 1643 1176 Et
1665 1129 1711 1178 ei
1731 1130 1858 1189 ludo,
1880 1131 1924 1178 si
1943 1131 2070 1179 ,ullas
2091 1135 2180 1191 est,
2200 1122 2506 1194 magistram]
2611 1130 2620 1137 ‘

1442 1203 1638 1266 Magna
1660 1204 1999 1268 amplificatio
2022 1206 2269 1257 criminis.
2311 1205 2315 1209 ⁴
2337 1207 2506 1256 Dubi-

1445 1286 1526 1328 tat
1556 1295 1622 1330 an
1658 1282 1729 1329 sit
1757 1282 1904 1331 ludus
1945 1283 2186 1335 malitiae:
2223 1290 2280 1333 et
2315 1284 2506 1348 magis·

1444 1360 1577 1404 tram
1632 1371 1735 1406 non
1791 1358 1994 1408 dubitat
2038 1360 2341 1421 Sostratam,
2387 1359 2504 1422 sed,

1445 1434 1460 1461 ‘
1485 1432 1647 1482 Certo
1670 1434 1796 1494 scio,
1799 1433 1814 1457 ’
1838 1434 2019 1499 inquit.
2052 1436 2293 1485 Donatus.

1438 1556 1443 1571 ,
1509 1513 1542 1557 8
1564 1511 1651 1558 Me
1672 1511 1918 1574 miseram]
1941 1513 2011 1560 Et
2034 1511 2147 1561 liaec
2169 1512 2384 1574 ἐμπαθῶς
2402 1526 2504 1562 coe·

1446 1585 1543 1649 pit,
1566 1587 1656 1635 sed
1683 1588 1746 1637 ad
1767 1588 2173 1657 misericordiam
2191 1597 2398 1655 spectat
2413 1590 2503 1641 de·

1443 1661 1708 1713 fendentis
1729 1664 1917 1714 oratio.
1951 1665 2107 1716 Idem.

1435 1777 1445 1784 .
1502 1739 1623 1796 Quoe
1650 1756 1792 1802 ιιιιιιε,
1823 1742 2120 1806 quamobrem
2153 1753 2362 1805 accuser,
2397 1759 2501 1794 nes-

1442 1816 1541 1878 cio]
1576 1818 1825 1867 Oratorie
1869 1832 1965 1882 pro
2009 1833 2065 1867 se
2113 1818 2343 1883 loquitur
2395 1834 2505 1868 mu·

1444 1892 1562 1955 lier,
1582 1893 1831 1958 siquidem
1855 1894 2067 1958 majoris
2083 1893 2396 1944 innocentiae
2423 1901 2506 1945 est

1443 1971 1648 2019 nescire
1682 1970 1898 2030 crimen,
1932 1983 2084 2034 quam
2118 1967 2416 2020 defendere.
2447 1977 2506 2021 et

1441 2045 1521 2094 his
1558 2045 1730 2095 verbis
1754 2046 2068 2108 ostenditur,
2103 2045 2213 2095 sine
2235 2060 2371 2096 noxa
2393 2061 2503 2098 esse

1438 2124 1605 2191 etiam
1626 2124 2016 2173 Philumenam.
2043 2139 2142 2173 non
2166 2126 2332 2174 solum
2356 2118 2506 2190 lianc,

1444 2214 1561 2263 quae
1581 2197 1827 2262 loquitur,
1849 2201 2153 2250 Sostratam.
2185 2201 2339 2249 Idem·

1507 2280 1541 2324 9
1587 2277 1698 2325 Non
1719 2276 1792 2324 ita
1815 2293 1887 2326 me
1910 2277 1999 2326 DI
2014 2282 2191 2344 ament,
2208 2277 2273 2326 mi
2296 2276 2506 2341 Laches]

1438 2352 1607 2403 Modo
1638 2351 1705 2401 mi
1724 2352 1911 2401 Laches
1942 2367 2042 2404 non
2065 2361 2147 2401 est
2169 2351 2503 2410 blandientis,

1441 2427 1538 2477 sed
1582 2428 1697 2493 ejus
1741 2427 1831 2493 qni
1875 2428 2201 2494 periclitetur
2247 2427 2504 2479 innoxius.

1443 2504 1598 2555 Idem.

1510 2583 1625 2632 Νοιι
1646 2582 1719 2632 ita
1740 2597 1815 2632 me
1830 2582 1918 2631 DI
1927 2582 2040 2632 bene
2061 2582 2244 2645 ament]
2273 2581 2505 2646 Ατεχνοι

1441 2657 1604 2710 πίστις
1627 2675 1720 2724 per
1731 2660 2113 2724 JnsJurandnm
2147 2661 2299 2711 Idem.
2343 2703 2346 2706 ,

1510 2741 1640 2801 Non,
1667 2740 1741 2788 iia
1763 2749 1836 2788 me
1855 2738 1946 2789 DI
1964 2739 2078 2788 bene
2111 2737 2292 2801 ament]
2326 2737 2504 2787 Anim-

1440 2815 1838 2878 advertendum,
1886 2823 2109 2878 veteres,
2170 2829 2296 2864 non
2336 2816 2504 2863 minus

1444 2890 1773 2954 εὐφημισμὸν
1762 2906 1815 2940 ιιι
1854 2891 2042 2950 verbis,
2063 2904 2215 2955 qnam
2238 2889 2509 2952 κακέφατον

1444 2968 1767 3031 neglexisse:
1802 2965 1946 3032 velut
1968 2965 2071 3027 hic,
2094 2966 2174 3016 Ita
2195 2980 2268 3015 me
2288 2965 2376 3016 DI
2392 2966 2504 3015 bene

1434 3051 1617 3108 amen.
1652 3043 1822 3094 Idem.

1509 3127 1572 3171 10
1606 3119 1798 3184 Itaque]
1832 3120 1993 3170 Modo
2020 3120 2135 3170 duae
2167 3125 2343 3185 partes
2367 3125 2505 3168 sunt

1444 3199 1707 3250 orationis.
1739 3198 1892 3249 Idem.

1436 3309 1439 3318 ·
1516 3278 1626 3328 Una
1662 3277 1790 3325 inter
1822 3290 1907 3325 uos
1938 3289 2081 3337 agere
2113 3280 2304 3339 oetatem
2338 3272 2504 3336 liceat]

1444 3354 1596 3418 Virg.
1628 3354 1643 3381 ‘
1648 3353 1867 3402 Omnes
1894 3360 1953 3401 ut
1990 3360 2161 3401 tecum
2187 3351 2384 3401 meritis
2407 3364 2504 3414 pro

1443 3431 1636 3481 talibus
1672 3444 1830 3479 annos
1872 3428 2081 3492 Exigat,
2115 3436 2172 3479 et
2212 3429 2393 3491 pulcra
2425 3426 2503 3476 fa-

1443 3507 1552 3557 ciat
1574 3514 1627 3556 te
1657 3506 1803 3571 prole
1825 3505 2136 3592 parentem!
2165 3506 2297 3555 Mer.
2325 3505 2504 3554 Casan-

1412 3582 1604 3710 1ὸοῖὶωὶ
1627 3662 1752 3710 ulula
1782 3661 2087 3725 prohibeant]
2118 3661 2366 3711 Seniliter
2388 3660 2505 3711 odit

1444 3751 1677 3798 uxorem,
1711 3739 1860 3801 cujus
1885 3754 2028 3789 amor
2051 3739 2299 3802 optabilis
2323 3735 2463 3787 snit'
2452 3752 2504 3786 ιιι

1445 3813 1815 3865 adolescentia.
1852 3816 2092 3864 Donatus.

1508 3891 1599 3940 DI
1632 3895 1757 3941 mala
1783 3892 2087 3956 prohibeant]
2122 3892 2199 3941 Ut
2232 3905 2334 3940 una
2366 3890 2505 3939 inter

1444 3983 1538 4018 nos
1563 3975 1773 4031 agamus
1797 3976 2024 4018 aetatem.
2059 3969 2211 4016 Idem.

1509 4045 1603 4093 Dii
1625 4046 1748 4093 mala
1778 4043 2082 4106 prohibeant]
2113 4045 2197 4093 Sc.
2228 4044 2243 4071 ‘
2268 4044 2342 4093 Ut
2366 4041 2503 4099 nna‚'

1443 4124 1544 4172 δια.
1578 4127 1632 4172 et
1670 4122 1685 4149 ‘
1708 4120 1991 4182 Seuiliter,'
2015 4123 2116 4170 ὅτε.
2153 4121 2228 4168 ita
2250 4120 2501 4168 Donatus.

1444 4199 1652 4249 Satisne
1674 4197 1835 4255 ἠθικῶς
1858 4197 1956 4246 hoc
1978 4195 2089 4245 fieri
2114 4195 2429 4260 putabimus,
2457 4196 2502 4244 si

1444 4291 1607 4326 senex
1629 4275 1923 4325 iracundior
1941 4288 2080 4335 sane,
2100 4272 2307 4321 minime
2326 4287 2390 4322 ex
2412 4272 2504 4321 du·

1444 4351 1658 4403 rissimis
1682 4357 1880 4417 tamen,
1897 4350 2070 4402 uxoris
2088 4350 2356 4416 praesentis
2372 4364 2504 4401 mor·
