3035 4941
515 381 693 448 1542

1211 394 1430 447 No'rae
1475 393 1881 445 vammum
1928 394 2009 443 m

1353 633 1666 702 ACTUS
1713 646 1714 649 ’
1760 633 1899 699 ΙΙΙ.

589 818 774 871 Scexu
796 834 836 869 1.
904 821 1092 870 Satura
1129 828 1212 871 est
1249 820 1361 871 hoec
1391 835 1580 873 scenat

522 910 621 945 nec
656 898 837 946 eodem
875 897 1027 947 modo
1066 898 1308 949 ordinant
1345 905 1583 950 metrum.

525 972 645 1022 vide
681 972 1112 1037 Antesignanum,
1149 974 1485 1036 Glareanum,
1526 982 1582 1026 et

515 1047 667 1100 alios.
702 1050 940 1115 Guyetus
960 1064 1136 1100 omnes
1158 1050 1417 1102 Iambicos
1432 1050 1582 1114 facit,

518 1127 816 1175 octonarios
838 1125 1171 1176 catalecticos
1201 1133 1256 1175 et
1283 1127 1582 1177 acatalecti-

525 1216 614 1252 cos
660 1218 722 1268 ac
775 1202 1036 1252 Senarios.
1122 1203 1225 1252 Alii
1272 1203 1583 1254 Trochaicos

525 1279 682 1329 etiam
726 1285 1031 1341 agnoscunt.
1128 1279 1356 1330 Nimium
1409 1287 1582 1330 autem

523 1355 625 1406 sibi
670 1356 1020 1419 permiserunt
1057 1355 1262 1419 iterum,
1297 1356 1383 1421 qui
1430 1370 1583 1409 voces

522 1431 716 1495 ubique
737 1446 834 1496 pro
864 1431 1030 1481 lubitu
1061 1439 1420 1496 transponunt.
1465 1433 1581 1482 Βω-

522 1508 688 1558 clerus.

591 1583 789 1634 Nemini
807 1599 895 1646 ego
911 1585 1054 1648 plura
1071 1584 1262 1650 acerba]
1295 1586 1396 1636 Hic
1410 1587 1582 1637 auocat·

522 1659 595 1710 tio
614 1666 686 1709 est
702 1675 789 1723 per
809 1664 1197 1726 conquestionem.
1267 1665 1336 1714 Et
1361 1664 1472 1713 bene
1491 1679 1585 1714 non

522 1752 573 1786 ce
588 1738 878 1787 amatoribus
896 1741 1047 1801 modo,
1066 1741 1148 1789 ced
1170 1738 1434 1800 infeliciora
1454 1755 1584 1789 ama·

517 1812 705 1863 toribus
725 1814 1046 1877 comparavit.-
1077 1820 1126 1864 et
1150 1810 1435 1878 principium
1463 1821 1534 1865 est
1554 1831 1585 1865 a

518 1903 702 1938 mnu
721 1890 868 1939 totius
886 1890 1021 1941 mali.
1066 1890 1324 1940 Donatus».

595 1970 621 2015 1
659 1965 858 2015 Nemini
894 1981 982 2027 ego
1016 1969 1158 2030 plura
1191 1962 1382 2030 acerba]
1412 1965 1496 2017 Ab
1522 1981 1585 2018 eo

523 2041 639 2092 loco
684 2044 1089 2107 conquestionis,
1131 2044 1183 2092 in
1229 2059 1332 2108 quo
1376 2043 1589 2108 dicitur,

526 2119 665 2184 quod
688 2122 817 2170 nulli
837 2120 949 2172 fere
970 2123 1098 2172 talia
1113 2123 1332 2174 adversa
1353 2125 1585 2191 contige·

525 2195 649 2246 rint.
689 2196 840 2246 Idem.

594 2274 792 2324 Nemini
811 2289 899 2338 ego
913 2277 1057 2338 plura
1073 2276 1264 2341 acerba]
1301 2278 1351 2328 N
1354 2278 1468 2328 imis
1499 2294 1582 2330 co-

525 2347 757 2400 thurnati
786 2357 841 2400 et
862 2352 1048 2414 tragici
1072 2353 1123 2403 in
1147 2355 1246 2404 hac
1266 2369 1421 2405 scena
1443 2355 1586 2406 dolo-

526 2439 611 2476 res
643 2433 835 2491 essent,
856 2442 960 2479 non
994 2431 1200 2495 comici,
1222 2431 1318 2482 nisi
1350 2432 1571 2484 adderet

524 2518 588 2553 ex
607 2519 780 2554 amore.
827 2506 994 2558 Idem.

593 2579 796 2628 Nemini
815 2594 901 2642 ego
917 2581 1062 2642 plura
1093 2582 1259 2633 acerba
1288 2599 1390 2635 esse
1423 2584 1586 2649 credo]

525 2650 737 2703 Acerba
774 2653 1057 2717 dupliciter
1099 2666 1387 2709 evenerunt
1432 2661 1587 2711 Pam-

524 2721 682 2790 philo.
707 2742 773 2777 ex
795 2730 1083 2796 praeterito,
1109 2733 1174 2781 de
1202 2736 1496 2800 meretrice,
1520 2751 1587 2788 ex

528 2804 792 2867 praesenti,
815 2804 880 2853 de
899 2820 1079 2856 uxore.
1126 2808 1275 2859 Idem.

594 2879 791 2930 Nemini
812 2896 899 2943 ego
914 2884 1058 2945 plura
1078 2900 1153 2934 uc.
1175 2884 1281 2950 ξω]
1314 2885 1585 2939 Donatus:

525 2952 547 2983 ⁸
561 2954 734 3027 ⁴Nimia
758 2957 1089 3022 cothurnati,'
1107 2962 1204 3011 διο.
1253 2962 1391 3012 Vide
1416 2979 1480 3013 an
1500 2979 1587 3014 ac-

525 3038 705 3079 curate
724 3031 924 3082 dictum
948 3034 1034 3083 sit.
1067 3036 1327 3087 Boeclerue.

590 3110 623 3156 2
657 3107 771 3157 Heu
808 3124 882 3159 me
912 3107 1171 3175 infelicem]
1207 3113 1290 3163 Ab
1321 3114 1435 3179 ipsa
1466 3115 1587 3166 sirn-

525 3177 648 3248 plici
671 3186 1070 3235 exclamatione.
1115 3188 1354 3240 Donatus.

592 3260 706 3311 Heu
723 3276 797 3312 me
815 3261 1074 3328 infelicem]
1105 3265 1456 3330 Lachrymans
1488 3266 1588 3318 hoc

525 3334 674 3387 dicit.
725 3336 877 3386 Idem.

592 3411 841 3461 Hunccine
860 3428 947 3475 ego
968 3413 1140 3477 uitam]
1173 3412 1258 3465 Ab
1276 3431 1338 3465 eo
1360 3417 1498 3482 quod
1521 3419 1587 3469 ab

525 3484 758 3536 adversis
782 3488 847 3537 ad
871 3489 1095 3540 adversa
1115 3490 1319 3542 delatus
1342 3496 1427 3545 ait.
1467 3495 1547 3544 Id.

593 3561 742 3611 Pau-si
754 3566 975 3629 perdere]
999 3567 1170 3628 Parce,
1185 3581 1456 3632 conservo,
1470 3587 1587 3636 par-

525 3636 572 3687 εἰ
611 3632 771 3687 faciti
814 3654 977 3703 parco,
1017 3643 1216 3691 veniam
1259 3645 1347 3707 do,
1380 3651 1587 3712 peperci.

525 3712 691 3763 Modo
714 3729 838 3778 ergo
860 3718 1113 3781 continui,
1135 3717 1362 3772 abstinui
1393 3724 1585 3789 signifi-

526 3796 634 3839 cat.
680 3790 831 3841 Idem.

591 3868 622 3914 3
660 3867 873 3930 Cupidus
903 3869 1129 3919 redeundi
1165 3873 1373 3938 donnum]
1412 3875 1498 3927 Ab
1523 3883 1583 3928 eo

523 3940 662 4067 (aiod
708 3951 890 3995 contra
930 3960 1073 4010 spem
1117 3951 1335 4015 contigit
1374 3955 1584 4004 malum.

591 4032 680 4065 em.

591 4096 625 4141 4
663 4092 831 4144 Ubim'e
858 4098 1073 4158 gentium
1106 4113 1248 4162 agere
1280 4106 1493 4169 etaim]
1540 4106 1585 4155 A

527 4167 776 4221 malorum
801 4185 1007 4221 suorum
1027 4179 1428 4239 comparatione.
1463 4182 1543 4231 Id.

601 4242 767 4294 Ubivic
776 4248 989 4324 gentium
998 4263 1143 4311 agere
1156 4256 1370 4321 oeeatm]
1390 4256 1588 4323 Magna

1573 2472 1589 2499 2

1660 819 1939 869 detestatio
1955 817 2230 882 praesentis
2246 816 2567 881 loci,eligere
2578 831 2727 880 quaa-

1659 896 1739 945 vis
1778 904 1964 956 terras,
1999 894 2080 943 vel
2118 894 2351 959 quamvis
2390 901 2600 956 gentem
2640 907 2727 955 po-

1660 972 1781 1026 tius.
1799 985 1951 1035 quam
1968 985 2081 1020 eam
2106 970 2157 1018 in
2179 985 2282 1034 qua
2304 975 2408 1018 est.
2437 968 2725 1031 Virgilius:

1663 1046 1682 1076 ‘
1702 1038 1896 1098 Tollite
1918 1061 2018 1109 me,
2038 1046 2245 1106 Teucri,
2270 1059 2607 1109 quascunque
2644 1044 2728 1093 ab·

1661 1123 1838 1173 ducite
1863 1122 2061 1174 terras!
2110 1125 2180 1173 Et
2207 1123 2435 1172 Gentium
2455 1122 2541 1171 hic
2566 1122 2730 1171 abun—

1662 1198 1771 1249 dat.
1803 1196 1874 1248 Et
1895 1200 2046 1262 bene,
2065 1199 2083 1228 ⁸
2105 1199 2288 1249 Ubivis
2312 1199 2540 1263 gentium
2570 1213 2732 1262 agere

1664 1280 1873 1325 aetatem
1894 1273 1928 1324 τ’
1952 1275 2072 1340 quia
2092 1290 2250 1338 supra
2268 1274 2492 1337 dixerat,
2510 1277 2527 1303 ‘
2553 1275 2733 1324 Hanc·

1664 1350 1780 1402 cine
1803 1366 1900 1415 ego
1924 1351 2081 1401 vitam
2121 1352 2263 1415 parsi
2304 1349 2527 1413 perdere
2548 1349 2589 1398 ?’
2641 1350 2735 1399 Ni·

1661 1427 1760 1476 mis
1805 1427 1940 1477 enim
1986 1427 2245 1491 tragicum
2292 1427 2466 1489 fieret,
2503 1428 2527 1489 7‘
2556 1427 2737 1477 Satius

1663 1503 1853 1552 eratin
1877 1503 2003 1553 mari
2028 1500 2234 1568 perire!
2263 1504 2417 1553 Idem.
2477 1504 2482 1507 “

1727 1584 1756 1628 δ
1789 1581 1950 1644 Atque
1970 1581 2070 1630 hoec
2091 1582 2164 1630 ita
2187 1596 2287 1630 esse
2317 1580 2542 1630 miserum
2570 1596 2649 1629 me
2667 1595 2740 1629 re·

1661 1654 1885 1720 sciscere]
1919 1656 2073 1707 Quod
2107 1656 2199 1717 ait,
2230 1655 2612 1720 lachrymantis
2649 1663 2744 1706 est.

1667 1731 1951 1794 Resciscere,
1984 1739 2066 1781 eat
2099 1733 2188 1781 vix
2222 1732 2477 1797 reperire,
2499 1732 2652 1796 quod
2676 1732 2741 1782 de

1664 1806 1920 1858 industria
1947 1807 2123 1857 fuerat
2147 1808 2407 1858 coelatum.
2449 1809 2611 1857 Idem.

1726 1888 1761 1933 6
1794 1884 1926 1933 Nam
1947 1901 2033 1934 nos
2054 1899 2230 1940 omnes,
2253 1884 2418 1948 quibus
2448 1890 2516 1934 est
2555 1886 2745 1935 alicun-

1666 1961 1748 2026 de]
1783 1960 1893 2011 Aut
1915 1961 2065 2011 deest
2084 1964 2228 2026 apud,
2249 1969 2309 2010 ut
2331 1963 2418 2019 sit,
2446 1960 2616 2026 Apud
2651 1978 2745 2012 noa

1666 2052 1861 2087 omnes.
1910 2036 2021 2087 Aut
2037 2053 2120 2087 nos
2137 2054 2313 2101 omnes,
2335 2053 2432 2101 pro
2456 2038 2615 2088 nobis
2639 2052 2747 2105 om7

1667 2115 1833 2164 nibus.
1875 2114 2028 2165 Idem.

1731 2192 1864 2241 Nam
1900 2207 1985 2240 nos
2026 2193 2209 2256 omnes]
2257 2192 2410 2242 Ratio
2454 2192 2751 2255 superioria

1666 2281 1865 2318 sensus.
1899 2275 1955 2317 et
1979 2269 2130 2318 deest
2152 2271 2299 2333 apud,
2334 2277 2425 2318 aut
2452 2283 2622 2333 penes,
2658 2276 2755 2318 ant

1665 2346 1792 2412 quid
1816 2346 1937 2396 tale.
1980 2347 2131 2396 Idem.

1732 2422 1863 2473 Nam
1882 2436 1970 2472 noe
1989 2436 2165 2479 omnes,
2188 2421 2355 2487 quibus
2374 2421 2485 2488 est]
2516 2418 2757 2472 Constat

1665 2498 1797 2547 hanc
1819 2497 2063 2561 σύλληψιν
2077 2514 2210 2549 esse.
2235 2499 2418 2548 retulit
2450 2499 2592 2548 enim
2620 2500 2758 2549 lucro
2821 2563 2826 2567 .

1664 2579 1755 2637 est,
1785 2588 1887 2623 nou
1922 2575 1987 2624 ad
2020 2590 2105 2624 nos
2135 2590 2309 2637 omnes,
2344 2575 2436 2624 sed
2474 2574 2539 2623 ad
2579 2575 2761 2639 quihus

1664 2656 1735 2701 eet
1756 2651 2002 2700 alicunde:
2037 2659 2097 2701 ut
2121 2653 2191 2700 sit
2214 2653 2366 2714 ordo,
2390 2652 2526 2701 Nam
2551 2653 2755 2717 quibus

1666 2731 1752 2776 est
1794 2727 2032 2775 alicunde
2071 2728 2252 2793 aliquis
2293 2728 2529 2794 objectus
2577 2728 2759 2789 labos,

1665 2804 1813 2854 lucro
1832 2811 1913 2854 est
1937 2811 2159 2868 tempus.
2189 2804 2287 2855 hoc
2307 2815 2405 2869 est,
2428 2819 2521 2853 nos
2544 2820 2758 2856 omnes.

1666 2880 1822 2930 Idem.

1734 2960 1865 3009 Nam
1887 2974 2061 3015 omnes,
2085 2958 2251 3022 quibus
2272 2958 2369 3023 est]
2414 2959 2532 3008 Hac
2576 2959 2756 3024 figura

1666 3051 1785 3087 usus
1824 3046 1901 3087 est
1943 3039 2100 3087 ctiam
2134 3038 2335 3086 Tullius
2375 3051 2473 3102 pro
2495 3038 2759 3102 Murena,

1666 3120 1682 3142 ‘
1708 3115 1919 3165 Praetor
1949 3128 2156 3180 quoque
2188 3129 2253 3163 ne
2288 3130 2345 3163 se
2381 3107 2663 3179 pult-lirum
2690 3132 2755 3166 ae

1666 3189 1876 3239 beatum
1920 3196 2148 3254 putaret,
2188 3191 2238 3239 ei
2277 3204 2483 3254 quoque
2530 3204 2752 3241 carmen

1666 3266 2013 3329 compositum
2044 3265 2163 3314 est!
2228 3265 2367 3316 Nam
2397 3266 2486 3315 ille
2510 3266 2754 3318 dativum

1668 3356 1839 3392 casum
1857 3342 2103 3406 subjecit,
2122 3357 2238 3391 cum
2264 3344 2646 3407 praeposuisset
2662 3360 2757 3395 no-

1665 3417 1990 3469 minativum.
2029 3420 2099 3468 Et
2122 3424 2291 3468 totum
2318 3418 2640 3483 Apollodori
2659 3430 2760 3484 est,

1668 3496 1756 3563 qui
1795 3498 1869 3546 sic
1900 3498 1976 3546 ait
2000 3494 2025 3521 ·
2048 3502 2594 3547 oerPACICoTch
2629 3494 2756 3550 'rou

1666 3580 1776 3636 χΡω
1799 3580 1962 3623 ΟΝΟΥ
1983 3578 2496 3625 ΔιθΝΤῙΚΗΚΟΤΙ-ῙΟ.
2540 3575 2704 3626 Idem.

1736 3649 1920 3705 Quibus
1952 3656 2023 3699 est
2047 3651 2290 3715 alicunde]
2337 3652 2453 3701 Hoc
2480 3667 2654 3717 genus
2681 3656 2755 3703 lo-

1666 3726 1888 3776 cutionis
1918 3726 2211 3776 absolutum
2236 3728 2448 3781 dicitur.
2513 3730 2648 3780 Tale
2674 3740 2756 3781 est

1669 3802 1809 3865 apud
1831 3801 2136 3866 Virgilium:
2181 3802 2198 3831 ‘
2224 3805 2469 3855 Crastina
2493 3808 2609 3868 lux,
2636 3823 2756 3859 mea

1668 3881 1838 3932 sinon
1871 3881 2018 3931 irrita
2052 3881 2195 3932 dicta
2237 3885 2454 3947 putaris,
2494 3885 2753 3949 Ingentes

1670 3957 1882 4009 Rntnlae
1906 3960 2174 4023 spectabis
2200 3960 2361 4010 caedis
2386 3962 2651 4012 acervos?
2671 3962 2752 4012 Id.

1734 4036 1863 4102 Nom
1899 4052 1985 4087 nos
2017 4051 2190 4094 omnes,
2213 4038 2321 4102 ξω]
2380 4038 2619 4088 Donatus
2648 4055 2751 4089 non

1665 4108 1928 4172 inerudite
1975 4112 2051 4161 ita
2100 4112 2313 4162 ordinat
2369 4121 2426 4162 et
2475 4115 2714 4178 explicat
2737 4134 2751 4162 z

1666 4186 1682 4215 ‘
1709 4187 1844 4237 Nam
1869 4187 2092 4253 quibua,'
2116 4191 2218 4238 διο.
2289 4189 2545 4253 Subjicit:
2581 4194 2599 4219 ‘
2628 4192 2752 4241 Hoc

1665 4262 1865 4327 genn&
1888 4268 1989 4314 διο.
2039 4264 2297 4315 Βωσιενιω.
