3035 4941
553 439 784 505 1294Ὶ

557 607 688 651 tram
706 606 804 651 tam
820 599 1082 664 superbum.
1138 599 1277 684 Non,
1312 599 1519 652 vestm
1540 616 1617 652 sn·

551 677 765 743 peremn.
795 676 964 727 Idem.

629 758 849 809 Vestram
879 761 980 805 tan
1012 754 1286 819 superbum]
1320 754 1603 806 Absolute.

555 843 635 899 nt,
668 837 828 897 ‘Pol,
865 834 1030 899 Crito,
1070 834 1337 899 antiquum
1372 836 1596 888 obtines.
1601 836 1617 858 '

559 915 702 977 Ergo
735 910 1098 964 subaudiamus
1129 913 1211 961 vel
1245 912 1507 975 ingenium,
1532 915 1617 964 vel

556 990 786 1050 animm,
820 989 906 1038 vel
937 1003 1126 1052 mmm,
1158 990 1244 1040 vel
1272 1005 1391 1056 rem,
1422 991 1505 1041 vel
1540 992 1617 1041 ιἰι-

555 1066 793 1116 stitutum.
828 1064 997 1116 Idem·

622 1145 686 1191 37
720 1140 872 1190 Prius
904 1141 1067 1191 audite
1091 1141 1282 1206 paneis]
1313 1141 1454 1192 Mira
1491 1142 1617 1192 insi-

557 1219 807 1268 nuatione
849 1218 987 1282 agit:
1040 1221 1127 1284 qni
1162 1236 1264 1269 non
1307 1227 1366 1271 nt
1402 1236 1621 1271 consen·

559 1296 715 1356 tiant,
749 1294 838 1344 sed
879 1301 939 1343 nt
979 1296 1213 1359 audiant,
1245 1296 1424 1361 paneis
1460 1298 1618 1361 petit.

561 1373 632 1420 Et
653 1373 791 1421 bene
812 1372 982 1432 Prius,
1008 1374 1154 1438 qnasi
1178 1389 1283 1426 non
1300 1375 1494 1437 obstet,
1516 1390 1621 1441 qno

558 1449 727 1495 miuus
770 1446 966 1498 faciant
1021 1450 1159 1514 qnod
1216 1451 1397 1503 velint.
1486 1454 1623 1503 Tum

558 1524 753 1576 deinde
774 1539 876 1589 qno
900 1528 1208 1577 attentiores
1242 1530 1488 1591 existant,
1529 1530 1621 1580 ad-

560 1601 695 1650 didit
713 1602 894 1663 paucis.
916 1602 1108 1653 deinde
1137 1604 1183 1653 si
1208 1606 1458 1669 placuerit.
1491 1605 1620 1655 faci·

560 1680 657 1728 lius
678 1680 817 1728 enim
835 1676 1099 1742 flectitur,
1109 1696 1227 1733 eum
1244 1697 1347 1747 quo
1369 1697 1467 1735 non
1491 1698 1620 1750 pug-

561 1762 836 1817 namus‚ut
857 1759 1172 1809 consentiat.
1203 1759 1359 1811 Idem

625 1832 780 1883 Prius
818 1833 1006 1897 audite]
1055 1835 1323 1885 Fiduciam
1386 1842 1624 1887 ostentat

560 1912 937 1973 persuasoriam
959 1925 1069 1961 rem
1092 1912 1304 1964 dicturi.
1334 1914 1489 1964 Idem.
1529 1913 1534 1916 ’

625 1992 696 2037 88
714 1988 1002 2054 Audiamus]
1024 1992 1201 2041 Bene·
1227 2007 1329 2042 non
1350 1992 1622 2054 Faciamus,

556 2065 655 2115 sed
679 2066 941 2118 Audiamus
962 2066 1123 2118 dixit.
1158 2083 1273 2117 nam
1306 2070 1474 2134 prima
1507 2084 1622 2120 ora·

561 2142 689 2190 toris
724 2133 1023 2207 impetratio
1058 2144 1110 2193 in
1149 2145 1285 2194 mala
1326 2159 1485 2195 eausa
1523 2152 1624 2209 est,

560 2220 729 2268 audiri
750 2220 1014 2273 meruisse.
1047 2221 1199 2270 Idem.

629 2297 705 2345 Tu
746 2301 941 2347 concede
974 2301 1211 2361 paululum
1241 2299 1380 2360 istnc,
1418 2299 1620 2364 strnso]

558 2371 755 2422 Thraso
772 2374 905 2423 hoc
893 2388 945 2422 ιιι
967 2374 1152 2423 bonam
1168 2381 1369 2438 partem
1384 2376 1625 2439 accepit}

501 2456 512 2469 ·
561 2451 620 2497 et
649 2448 769 2499 ideo
801 2457 980 2513 paret.
1017 2457 1173 2514 putat
1195 2450 1332 2501 enim
1357 2451 1441 2501 vel
1463 2457 1626 2518 turpe

559 2536 698 2585 esse,
737 2524 780 2575 si
817 2525 1086 2576 humiliter
1124 2534 1367 2591 precetur
1399 2543 1495 2577 suo
1532 2543 1622 2578 no-

558 2599 719 2662 mine,
740 2614 901 2665 seque
924 2602 1188 2666 audiente,
1211 2605 1513 2655 Parasitus:
1538 2607 1627 2656 vel

559 2674 900 2739 incongruum
923 2678 1040 2738 sibi,
1078 2681 1120 2728 si
1145 2679 1208 2729 ‘in
1239 2694 1297 2730 os
1328 2696 1560 2746 praesens
1592 2698 1624 2734 a

560 2749 839 2801 Gnathone
860 2753 1122 2804 laudetur.
1155 2756 1307 2807 Idem.

571 2829 777 2893 Istue,
825 2831 1027 2896 Thraso]
1062 2834 1185 2884 Non
1230 2835 1295 2885 ad
1335 2849 1392 2887 se
1432 2843 1624 2905 vocat·

560 2906 654 2955 sed
688 2909 857 2959 locum
880 2910 1128 2977 ostendit,
1158 2928 1258 2980 quo
1282 2915 1439 2965 abeat
1460 2921 1623 2980 atque

558 2984 840 3081 concedat.
862 2985 1017 3038 Idem.

577 3063 690 3110 89
723 3063 993 3128 Prineipw,
1022 3078 1109 3127 ego
1132 3065 1239 3129 uos]
1268 3066 1431 3116 Videt
1452 3080 1622 3132 neque

556 3150 614 3187 se
638 3137 757 3189 odio
790 3138 993 3204 haberi,
1017 3156 1189 3207 neque
1212 3141 1406 3195 offendi
1427 3144 1629 3196 aninios

558 3213 877 3267 audientium
916 3219 969 3268 in
1008 3220 1189 3271 militis
1209 3223 1435 3273 nomine.
1492 3220 1625 3273 'Hoc

558 3302 685 3353 ergo
708 3294 962 3343 oratorie.
998 3306 1093 3360 pro
1118 3312 1181 3347 eo
1202 3298 1412 3349 homine
1447 3299 1499 3348 in
1524 3315 1626 3365 quo

557 3365 861 3429 offenditur,
899 3385 1015 3420 enm
1045 3373 1110 3422 in
1147 3389 1249 3439 quo
1276 3391 1380 3426 nou
1404 3374 1624 3428 offendi-

558 3447 667 3503 tur,
692 3445 884 3506 posuit.
915 3447 1067 3498 Idem.

624 3517 895 3582 Principio,
939 3523 1062 3585 ξω]
1100 3524 1442 3579 Advertenda
1483 3530 1626 3581 subit

557 3601 940 3646 assentatorum
958 3599 1107 3665 fides,
1127 3603 1215 3666 qui
1234 3605 1353 3666 sibi,
1373 3620 1466 3656 suo
1486 3622 1624 3657 com·

556 3669 712 3721 modo
733 3680 790 3722 et
811 3676 1017 3740 gratiae,
1041 3679 1094 3728 in
1115 3683 1340 3744 negotiis
1362 3682 1462 3732 sibi
1484 3684 1624 3735 dele·-

557 3746 712 3812 gatis,
751 3749 1093 3817 velificantur,
1134 3754 1236 3806 imo
1272 3761 1622 3822 praevariean-

557 3830 675 3886 tnr3
708 3831 767 3876 et
788 3826 1057 3896 destituta,
1089 3848 1239 3897 qnam
1271 3834 1325 3885 in
1358 3838 1623 3889 mandatis

554 3900 805 3964 habuere,
860 3920 1035 3970 cansa,
1091 3908 1360 3962 adversam
1409 3910 1620 3976 juvant.

553 3977 771 4042 Ulpian.
805 3981 1091 4034 Famabias.

531 4116 546 4126 s
618 4061 684 4106 40
715 4057 806 4108 Me
824 4059 964 4120 hnjas
982 4063 1212 4128 quidquid
1222 4064 1374 4130 facio,
1392 4067 1445 4117 id
1453 4069 1621 4130 facere

551 4132 761 4182 maxime
782 4150 925 4186 causa
944 4138 1071 4202 mea]
1105 4140 1270 4190 Deest
1290 4144 1381 4203 rei,
1401 4151 1492 4194 ant
1514 4152 1619 4195 est.-

553 4213 615 4255 ut
635 4208 773 4270 sit,‘
799 4211 892 4260 Me
921 4213 1078 4276 hujus
1102 4216 1351 4281 quidquid
1376 4227 1456 4268 est
1479 4221 1617 4284 qnod

554 4278 724 4345 facio,
742 4283 797 4333 id
834 4284 1013 4337 facere
1034 4291 1259 4342 maxime
1282 4308 1439 4343 cansa
1460 4295 1621 4346 mea?

557 4355 663 4406 Hie
691 4371 724 4407 a
751 4373 979 4423 persona
1000 4364 1270 4418 discessit.
1304 4375 1362 4419 et
1383 4376 1493 4419 rem
1515 4385 1623 4421 non

865 4616 873 4643 l

1203 463 1206 466 ’
1262 455 1475 505 ΝΟΨΕ
1526 455 1926 508 VARIORUM
1976 457 2056 509 m

1691 597 1922 652 odiosam
1964 617 2062 666 pro
2104 601 2285 654 odiosa
2321 601 2513 667 posuit,
2554 599 2606 650 id
2651 591 2747 660 est,

1691 679 2041 744 parasiticam,
2090 694 2185 744 pro
2250 679 2423 729 aemuli
2479 692 2654 727 amore
2696 684 2748 724 et

1690 756 1976 805 commodo.
2016 755 2238 805 Donatus

1754 829 1817 884 41
1844 834 2017 884 Verum
2035 834 2163 883 idem
2180 834 2225 882 si
2237 832 2369 882 vobis
2385 830 2603 895 modest]
2622 830 2754 879 Mni-

1690 914 1801 960 tnm
1843 911 2021 961 attulit
2061 909 2128 960 ad
2166 908 2587 975 persuadendum
2607 915 2633 957 ε’
2656 920 2754 956 non

1691 1001 1807 1037 esse
1852 987 2178 1038 commodum
2222 983 2383 1037 Militi
2432 985 2667 1047 admitti,
2704 990 2756 1032 et

1693 1078 1842 1114 suum
1877 1063 2203 1114 commodum
2222 1063 2455 1129 ipsorum
2478 1073 2598 1112 esse
2623 1073 2758 1112 com-

1692 1142 1919 1192 modum.
1952 1142 2103 1192 Idem.

1764 1219 1857 1270 Vos
1872 1217 2159 1284 nonfacere,
2170 1216 2367 1268 inscitia
2381 1215 2477 1279 est]
2492 1214 2763 1276 Oratorie,

1693 1302 1750 1348 et
1771 1297 2056 1348 seeundum
2091 1294 2450 1346 insinuationis
2489 1289 2763 1357 praeeepta

1693 1375 1771 1424 sie
1803 1371 1971 1425 dixin
2006 1387 2125 1424 nam
2159 1370 2482 1422 remittendo
2517 1376 2580 1420 et
2621 1369 2762 1419 dnbi-

1692 1452 1877 1516 taudo,
1892 1451 2057 1514 magis
2079 1448 2249 1500 flectit
2285 1448 2504 1510 animos,
2532 1459 2689 1511 qnam
2723 1446 2764 1494 si

1694 1536 1880 1592 operte
1902 1543 1962 1577 ae
1987 1526 2328 1591 pertinaciter
2358 1529 2654 1574 asseveret.
2690 1522 2764 1571 Id.

1756 1608 1829 1655 42
1859 1605 2073 1654 Militem
2104 1618 2191 1666 ego
2228 1603 2427 1653 rivalem
2445 1601 2766 1665 recipiendum

1694 1680 1878 1745 censeo]
1909 1680 2211 1731 Artificiose
2236 1680 2383 1741 satis,
2403 1679 2571 1728 semol
2591 1677 2769 1726 intulit

1696 1759 1849 1808 omne
1887 1756 2027 1823 qnod
2062 1758 2249 1808 durum
2287 1756 2432 1806 dictu
2464 1754 2533 1803 ad
2559 1767 2770 1820 persuaf

1697 1834 1925 1885 dentium
1967 1842 2100 1884 erat.
2137 1848 2257 1882 nam
2294 1831 2434 1897 qnod
2464 1830 2686 1882 Militem
2715 1835 2770 1879 et

1698 1911 1923 1961 Rivalem
1937 1910 2095 1972 dixit,
2133 1911 2339 1961 adeam
2373 1923 2483 1958 rem
2510 1909 2677 1969 valet,
2713 1912 2770 1955 nt

1697 1987 1863 2051 magis
1897 1987 2249 2038 admittendus
2279 1987 2369 2048 sit,
2402 1989 2571 2075 quaxn
2599 1986 2771 2034 exclu-

1700 2064 1932 2114 dendus:
1965 2071 2023 2114 et
2053 2064 2205 2114 simul
2226 2061 2422 2113 fiducia
2442 2062 2522 2112 sie
2547 2060 2773 2112 dicentis

1701 2150 1854 2206 parat
1872 2142 2071 2192 animos
2092 2141 2158 2191 ad
2180 2138 2444 2191 audienda
2466 2154 2591 2204 quae
2616 2139 2773 2189 dicet.

1764 2296 1980 2347 Militem
2008 2311 2096 2359 ego
2112 2261 2651 2360 rivalemrecipienam
2673 2308 2777 2343 een

1696 2373 1800 2437 seo]
1851 2374 2050 2425 Rivales
2070 2374 2317 2425 dicuntur
2338 2373 2515 2424 aemuli
2550 2372 2627 2423 de
2667 2385 2775 2421 mu·

1698 2449 1931 2514 lieribus,
1949 2449 2096 2502 faeta
2117 2451 2464 2503 translatione
2485 2447 2718 2501 nominis
2746 2462 2776 2497 a

1699 2525 1829 2576 feris
1851 2527 2068 2578 bestiis:
2106 2544 2223 2594 quse
2265 2529 2510 2579 sitientes
2551 2542 2679 2578 cnm
2711 2538 2776 2576 ex

1699 2603 1884 2653 eodem
1903 2605 2067 2655 rivulo
2088 2605 2325 2656 haustam
2348 2612 2559 2670 petunt,
2573 2605 2630 2654 in
2645 2618 2778 2670 prae·

1697 2680 1824 2731 lium
1849 2687 2035 2731 contra
2065 2694 2124 2731 se
2162 2682 2385 2734 invicem
2418 2682 2777 2731 concitantur.

1700 2755 1786 2806 Sic
1809 2757 2019 2818 Cicero,
2043 2773 2141 2822 pro
2177 2759 2362 2822 Caelio,
2391 2758 2525 2808 ‘Sin
2562 2758 2673 2808 erit
2711 2768 2776 2806 ex

1699 2832 1790 2883 illo
1811 2831 1957 2884 fonte
1984 2834 2612 2901 rivalis,'inqnit.1dem.

1765 2913 1980 2964 Militem
2001 2914 2202 2964 rivalem
2223 2913 2334 2978 ego]
2353 2912 2655 2964 Considera
2676 2925 2778 2983 qno

1700 2991 1848 3040 vultu
1869 2991 1970 3042 hoe
2004 2991 2284 3042 dicendum
2333 2991 2436 3041 sit:
2485 2997 2542 3040 et
2583 2979 2779 3040 intelli·

1701 3081 1811 3131 ges,
1833 3074 1889 3118 et
1907 3069 2128 3133 militem,
2146 3076 2203 3119 et
2221 3070 2439 3131 rieden»,
2464 3075 2522 3120 et
2541 3069 2778 3134 recipien-

1698 3145 1830 3207 dam,
1851 3149 1909 3194 et
1945 3159 2032 3207 ego
2064 3160 2247 3208 censeo,
2267 3153 2466 3211 quanta
2488 3145 2776 3209 significet.

1699 3220 1822 3270 Non
1845 3222 1978 3271 enim
2001 3221 2138 3272 dixit
2163 3224 2473 3287 Thrasonem,
2506 3221 2604 3273 sed
2633 3222 2779 3272 Mili-⁷

1697 3303 1825 3347 tem.-
1858 3298 1996 3364 qnod
2016 3314 2204 3350 nomen
2226 3299 2292 3350 ad
2318 3301 2602 3351 stultitiam
2615 3302 2778 3351 valet.

1701 3374 1752 3424 N
1756 3388 1824 3423 on
1839 3374 2048 3434 Socim,
2070 3376 2167 3427 sed
2191 3377 2448 3427 Rivalem:
2472 3392 2580 3444 quo
2602 3381 2778 3429 osten-

1701 3449 1801 3513 dit,
1836 3452 2257 3518 quandoquidem
2297 3455 2479 3504 rivalis
2519 3455 2575 3505 in
2599 3456 2777 3506 Mere-

1701 3529 1834 3578 trice
1859 3530 2142 3595 capiendus
2165 3539 2269 3597 est,
2296 3533 2434 3583 hune
2458 3512 2639 3605 potius
2683 3531 2776 3582 eli-

1699 3602 1948 3669 gendum.
1997 3608 2136 3672 Nec,
2156 3624 2253 3659 non
2269 3598 2661 3673 Emlndendam,
2684 3607 2776 3657 sed

1699 3682 2046 3746 Recipiendum
2082 3685 2254 3737 dixit:
2313 3695 2375 3737 nt
2417 3695 2476 3738 et
2522 3680 2778 3747 ostendit,

1697 3757 1831 3809 adeo
1867 3760 2141 3824 prodesse,
2158 3768 2219 3813 ut
2241 3763 2403 3815 etiam
2426 3764 2496 3814 de
2516 3756 2774 3814 industria

1699 3836 2010 3888 retinendus
2035 3839 2124 3891 sit.
2193 3841 2336 3905 Non,
2373 3844 2480 3894 volo
2508 3851 2602 3893 aut
2642 3856 2776 3904 rogo,

1697 3913 1789 3963 sed
1810 3930 2005 3967 censeo:
2039 3923 2099 3967 nt
2121 3909 2469 3985 consiliarius,
2493 3935 2597 3971 non
2613 3920 2772 3970 Para-

1697 3989 1846 4054 situs,
1866 3992 2108 4042 videatur
2130 3994 2293 4058 loqui.
2359 3996 2500 4046 Nam
2525 3995 2665 4062 qnod
2685 4008 2772 4054 ego

1698 4065 1924 4131 addidit,
1965 4082 2029 4119 eo
2068 4069 2218 4121 dicto
2260 4086 2386 4122 usus
2425 4081 2530 4145 est,
2569 4087 2671 4139 quo
2691 4067 2773 4119 uti

1697 4143 1869 4215 solent
1919 4146 2004 4213 qui
2039 4146 2157 4211 plns
2200 4147 2254 4197 in
2299 4149 2518 4213 negotio
2571 4149 2765 4198 vident

1696 4218 1834 4268 Nam
1856 4220 1931 4270 sic
1954 4222 2006 4272 in
2025 4212 2342 4274 Phormione
2362 4220 2764 4277 Jurisconsulti·

1700 4295 1844 4358 ‘Ego
1877 4311 1994 4362 qnae
2033 4299 2103 4348 im
2131 4313 2243 4349 rem
2275 4307 2421 4349 tuam
2457 4287 2765 4361 merinnea

1698 4370 1853 4421 velim
1874 4371 2056 4426 facias.
2119 4375 2235 4440 Ego
2256 4373 2441 4435 sedulo
2474 4372 2617 4425 huuc
2655 4370 2764 4421 dix·
