3035 4941
588 380 955 430 TEREN‘rn
1006 374 1642 427 HBAU'roNTIMoR.
1686 375 1854 425 '‘Ae'r.
1902 376 2015 424 111.
2060 376 2169 426 SC.
2219 376 2268 424 1.

392 520 614 584 mibi,
634 526 742 590 ism]
775 525 840 577 In
863 540 925 575 ea
946 522 1171 581 officina,
1206 524 1256 573 in
1289 536 1392 589 qna

321 603 588 655 fabricent
616 604 791 654 dolum
824 604 1044 668 aliquem
1082 617 1187 667 quo
1224 609 1277 651 te
1310 611 1395 650 ar-

323 688 490 744 gento
512 687 815 745 emungant.
850 681 1135 732 Farnobium.

397 757 490 808 Illo
512 764 688 815 vestro,
709 756 816 822 ξω]
838 758 1122 809 Dromone.
1156 757 1309 808 Idem.

394 839 458 885 65
505 831 729 885 Consilia
760 836 1096 901 adolescentes]
1150 836 1392 900 Suspica-

322 919 418 963 tur
471 913 709 962 Muretus
760 913 1012 975 scriptum
1054 927 1089 962 a
1128 912 1395 962 veteribus

322 988 492 1038 fuisse
531 1003 626 1054 per
663 989 922 1051 geminum
955 1002 1042 1050 oo,
1064 990 1395 1048 adulescens,-

324 1065 487 1126 male,
508 1079 627 1114 nam
652 1065 741 1114 illa
764 1064 967 1129 syllaba
988 1080 1194 1129 semper
1223 1066 1396 1115 brevis

325 1148 446 1203 θείς
478 1141 553 1190 nil
575 1142 760 1191 variat.
826 1142 930 1192 Sed
957 1143 1282 1207 pronuntiari
1305 1143 1395 1194 de-

326 1219 425 1271 bet
465 1219 768 1271 sustinendo
801 1222 1055 1285 syllabam
1087 1221 1292 1286 adjecta
1333 1222 1396 1271 li·

324 1305 448 1346 tera
492 1298 572 1358 D,
601 1297 828 1347 consiliati
861 1300 1188 1362 adolescentes,
1222 1301 1304 1362 &⁶⁸-
1338 1305 1397 1350 ut

324 1376 438 1423 med
470 1388 569 1437 pro
598 1388 701 1437 me,
736 1376 817 1425 ted
852 1389 949 1439 pro
985 1381 1062 1438 te,
1098 1380 1196 1426 stc.
1238 1375 1314 1426 ita
1343 1376 1397 1426 ἰιι

327 1450 797 1514 compositionibus
809 1452 1082 1502 verborum
1100 1453 1298 1517 redigo,
1315 1468 1396 1503 re·

327 1526 504 1592 dame,
522 1526 794 1590 redhibeo,
812 1528 1140 1595 redintegro,
1164 1532 1263 1581 διο.
1311 1529 1398 1580 Ita

329 1611 392 1654 et
430 1606 653 1655 sensisse
690 1605 928 1670 Lolgium
963 1606 1101 1671 apud
1141 1607 1397 1657 Faernum

323 1681 518 1745 vide03
552 1698 671 1733 nam
696 1683 881 1733 librum
898 1684 1060 1748 ipsius
1077 1684 1247 1748 Lolgii
1267 1695 1398 1734 unn-

327 1774 490 1825 qnam
511 1760 637 1809 vidi.
703 1761 758 1810 Is
781 1770 905 1812 ante
928 1764 1197 1812 Muretum
1231 1762 1398 1826 scrip-

327 1838 420 1901 sit,
455 1845 516 1889 ut
552 1846 607 1889 et
629 1840 926 1903 Goveanus,
957 1840 1097 1905 (nam
1128 1839 1401 1904 utriusque

328 1916 571 1966 meminit
608 1917 897 1981 Muretus‚)
919 1934 1020 1983 quo
1056 1919 1213 1968 etiam
1238 1918 1401 1967 miror

328 1995 499 2060 magis
516 1996 707 2046 nnllam
725 1997 809 2048 hic
828 1998 893 2048 ab
914 2013 979 2048 eo
1003 1997 1170 2062 Lolgii
1201 1996 1399 2046 factam

326 2071 494 2123 fuisse
530 2076 866 2139 mentionem,
905 2083 997 2128 aut
1039 2079 1152 2143 ejus
1191 2075 1399 2124 senten-¹

327 2148 459 2199 tiam
481 2165 586 2200 non
607 2153 774 2217 sequi.
810 2153 988 2206 Faber.

399 2228 471 2278 Et
506 2227 601 2277 aba·
630 2230 830 2293 peram
867 2233 1098 2282 talentum
1135 2234 1221 2283 hoc
1258 2208 1426 2298 paeto'

323 2303 483 2353 satius
512 2304 611 2368 est]
646 2304 1013 2357 Honestissimi
1044 2309 1247 2373 generis
1282 2326 1398 2361 sen-

326 2378 534 2442 tentia3
567 2386 629 2430 ut
663 2388 720 2430 et
761 2395 878 2446 quae
919 2384 1190 2448 sequitur:
1235 2384 1255 2414 ⁴
1277 2387 1397 2437 Non

327 2469 471 2507 nnnc
516 2456 585 2507 de
631 2458 853 2522 pecunia
889 2460 1091 2524 agitur:
1128 2461 1219 2511 sed
1255 2463 1402 2527 illud,

329 2534 592 2599 quomodo
629 2535 850 2586 Minimo
892 2538 1089 2601 periclo
1128 2538 1182 2589 id
1221 2539 1402 2593 demus

326 2611 758 2663 adolescentulo.’
817 2613 950 2663 Tam
987 2622 1257 2681 accurate,
1289 2612 1402 2670 aliis

331 2689 491 2752 sapit,
517 2688 607 2751 qui
630 2688 729 2738 sibi
750 2689 979 2754 desipit!
1012 2693 1279 2749 Boeclerns.
1326 2702 1331 2705 ⁴

396 2770 466 2815 66
501 2764 770 2829 Paternum,
801 2770 915 2833 &eff
936 2770 1214 2821 Talentum
1236 2768 1404 2823 miuus

332 2846 428 2893 seu
466 2841 745 2906 profanum
779 2851 898 2895 erat
916 2846 1171 2897 minarum
1199 2847 1403 2899 Attica-

330 2934 448 2970 rum
480 2933 575 2970 nx.
614 2921 780 2986 majus
815 2936 908 2971 seu
932 2938 1134 2977 sacrum
1156 2938 1284 2976 cxx.
1309 2925 1404 2976 mi-

330 3010 529 3047 narum
561 3011 657 3048 seu
695 2998 942 3050 librarum
989 2999 1161 3053 Attic.
1217 3004 1406 3054 Furna-

334 3072 460 3124 bins.

400 3149 624 3214 Mirtum]
672 3151 823 3202 Mina
863 3154 1035 3218 major
1071 3152 1177 3204 fuit
1220 3154 1407 3206 drach·

333 3242 538 3279 marum
560 3243 607 3279 c.
632 3230 801 3281 minor
822 3244 1002 3284 mxxv.
1037 3234 1190 3286 Idem.

401 3311 468 3356 67
503 3307 652 3356 Nunc
673 3322 766 3357 non
785 3309 847 3358 de
861 3310 1061 3373 pecunia
1079 3310 1267 3376 agitur]
1304 3312 1405 3364 Os·

332 3382 514 3433 tendit
549 3382 840 3448 honestum,
861 3392 919 3436 et
938 3387 1069 3437 utile
1102 3388 1403 3441 declaravit.

333 3458 583 3524 Denique
619 3469 923 3524 perseverat
955 3462 1097 3514 circa
1129 3465 1182 3514 id
1215 3465 1407 3531 ipsum,

333 3542 397 3586 nt
417 3534 594 3586 dicat.
630 3537 763 3587 Cum
784 3538 918 3588 enim
950 3539 1275 3592 intellexerit
1298 3543 1407 3592 ani·

333 3626 478 3661 mum
506 3620 672 3676 tunm,
696 3621 751 3663 te
775 3615 915 3678 prius
938 3616 1101 3667 vitam
1125 3624 1263 3677 tuam
1285 3635 1406 3693 pro-

336 3682 573 3739 diturum
605 3696 659 3739 et
691 3704 894 3740 omnem
927 3695 1237 3759 pecuniam,
1256 3709 1407 3760 quam

336 3765 433 3816 aba
453 3771 511 3815 te
532 3764 694 3816 filium
718 3765 983 3833 dimittam
1019 3771 1137 3822 vide
1160 3786 1315 3837 quam
1331 3772 1412 3822 fe·

336 3848 574 3893 nestram
611 3843 677 3892 ad
712 3845 1106 3911 turpitudinem,
1152 3847 1219 3899 ad
1259 3851 1407 3900 luxur-

337 3920 495 3982 riam,
535 3920 924 3987 nequitiamque
957 3922 1286 3987 patefeceris,
1310 3927 1409 3977 hoc

340 4004 445 4060 est,
468 4005 713 4062 quantam
726 3999 943 4063 januam
970 4001 1198 4067 dederis,
1220 4018 1409 4068 pecca·

341 4079 513 4123 torem
535 4075 728 4138 perire.
763 4077 1091 4141 Eoegrapnim.
1228 4091 1232 4094 ⁴

407 4148 477 4201 69
511 4152 571 4202 Is
583 4153 901 4220 intellexerit]
937 4155 1008 4207 Ο.
1042 4158 1077 4206 l.
1105 4173 1147 4208 s.
1165 4160 1247 4209 ilie
1260 4160 1413 4210 intel-⁸

345 4228 537 4281 lexerit.
576 4229 827 4281 Faernus.

402 4309 485 4356 ”ro
511 4305 661 4356 Prius
675 4309 985 4372 proditu-mn
1004 4315 1057 4362 te
1076 4316 1209 4362 tum
1240 4313 1412 4378 vitm,

2357 357 2531 426 1341

1467 527 1515 570 et
1563 516 1703 584 priua
1738 517 2229 584 pecuniam’omnem]
2292 518 2357 568 Ῑιι
2399 517 2534 568 libro

1466 597 1722 648 Bembino
1759 597 2029 646 scitissime
2062 605 2225 659 atque
2259 596 2537 661 appositis&

1468 674 1598 724 sime
1631 674 1953 737 adscriptum
1990 681 2092 736 est,
2111 673 2283 722 Minor
2303 679 2378 722 est
2393 688 2535 736 pecu-

1466 750 1550 800 nia
1571 766 1711 814 quam
1741 751 1876 808 vitiu
1906 751 1988 799 sed
2023 750 2076 798 in
2114 750 2328 800 oratioue
2346 743 2536 813 ”potiora

1467 827 1758 889 subissent,
1780 829 1837 876 de
1857 827 2023 890 quibus
2044 827 2227 889 agiam.
2260 826 2431 875 Idem.

1482 933 1489 937 -
1536 905 1998 969 Primproditurwm
2020 904 2535 967 temnitametpss

1469 981 1605 1044 cnm]
1635 980 1798 1031 Gravi
1821 995 2076 1044 censura,·
2095 982 2186 1030 sed
2218 982 2354 1030 citra
2375 979 2535 1031 offen-

1472 1058 1690 1120 sionem,
1712 1058 1836 1106 dum
1854 1071 2018 1107 sermo
2045 1057 2108 1106 ad
2127 1057 2426 1107 Menedemi
2443 1057 2534 1106 de-

1471 1137 1678 1197 cretum
1727 1135 2166 1198 accommodatur,
2215 1135 2538 1199 indulgentia

1470 1211 1562 1261 illa
1583 1219 1640 1261 et
1672 1213 1864 1262 lenitas
1890 1227 2053 1276 prava
2085 1217 2320 1262 notatur.
2372 1212 2540 1262 Simul

1471 1290 1664 1340 iterum
1686 1290 2002 1355 exquisitum
2019 1290 2150 1340 illud
2182 1288 2427 1353 loquendi
2447 1305 2539 1354 ge·

1472 1387 1592 1435 nus,
1627 1387 1729 1437 quo
1769 1371 1834 1420 ad
1869 1372 2020 1420 vitam
2062 1366 2380 1430 referuntur,
2420 1382 2538 1433 quat

1469 1448 1667 1498 homini
1699 1449 1925 1497 maxima
1963 1454 2104 1510 sunt,
2135 1445 2186 1494 in
2220 1460 2429 1496 scenam
2452 1460 2539 1494 ve·

1473 1526 1570 1577 nit.
1615 1540 1736 1575 mox
1780 1525 1963 1575 eodem
2010 1523 2273 1589 pertinet:
2338 1523 2407 1573 Ut
2449 1522 2543 1572 tibi

1465 1613 1613 1670 porro
1650 1620 1742 1654 non
1771 1605 1840 1654 sit
1867 1619 2011 1654 moe
2033 1603 2205 1653 visere.
2252 1602 2540 1666 Simplicis·

1473 1683 1602 1732 sime
1619 1698 1633 1732 ι
1669 1682 1712 1731 si
1730 1681 2074 1742 intellexerit,
2089 1688 2144 1730 te
2163 1682 2239 1730 ita
2259 1680 2540 1730 animatum

1475 1774 1609 1826 esse,
1647 1770 1705 1813 ut
1745 1770 1798 1814 te
1834 1763 1950 1828 ipse
1990 1768 2237 1826 tuamque
2261 1775 2369 1811 rem
2392 1759 2541 1809 fami*

1473 1839 1658 1889 liarem
1683 1838 1906 1904 prodere
1939 1840 2068 1889 velis
2093 1839 2288 1901 potius,
2307 1853 2459 1903 quam
2480 1837 2541 1886 fi-

1474 1917 1599 1965 lium
1621 1917 1712 1966 abs
1729 1922 1784 1967 te
1799 1917 2054 1967 amittere.
2056 1915 2223 1981 filim
2243 1913 2543 1978 significan-

1476 1998 1561 2042 ter
1581 1993 1667 2042 hic
1691 1992 1883 2057 posuit.
1929 1991 2173 2055 Guyetus
2194 1990 2272 2039 ita
2293 1990 2538 2053 exponitz

1474 2070 1495 2099 ‘
1513 2069 1854 2120 Proditurum
1873 2076 2014 2119 tuam
2038 2068 2219 2130 vitam,
2245 2066 2278 2116 i.
2298 2081 2346 2118 e.
2364 2067 2540 2132 potins

1474 2148 1777 2198 amissurum
1797 2148 1973 2210 vitam,
2007 2147 2128 2197 vitae
2144 2148 2408 2210 jacturam
2433 2145 2541 2194 fac-

1475 2233 1671 2283 turum,
1693 2241 1847 2291 quam
1886 2226 1978 2275 abs
2018 2232 2070 2275 te
2105 2224 2316 2274 amittas
2347 2222 2545 2272 filium.'

1472 2305 1771 2367 Simplicius
1795 2305 1894 2353 hoc
1923 2302 2103 2365 fuerit,
2123 2310 2180 2352 et
2202 2301 2326 2351 nihil
2349 2301 2541 2351 incom-

1475 2380 1616 2431 modi
1647 2381 1975 2443 habuerit,·si
2013 2381 2140 2430 velis
2175 2380 2242 2430 ad
2276 2379 2411 2429 hunc
2434 2395 2542 2430 mo-

1475 2459 1597 2510 dum
1636 2458 1988 2523 interpretari.
2021 2458 2143 2508 vide
2164 2462 2338 2508 tamen
2361 2472 2426 2508 an
2450 2472 2542 2522 po-

1476 2537 1582 2587 tius
1612 2537 1718 2586 vita
1748 2537 1838 2586 hic
1875 2550 1940 2586 ea
1984 2535 2162 2601 phrasi
2198 2541 2443 2599 ponatur,
2477 2529 2546 2584 'de

1477 2628 1580 2678 qua
1613 2612 1844 2664 dictum:
1881 2616 2038 2678 atque
2077 2619 2137 2662 ut
2169 2612 2227 2661 in
2260 2611 2461 2660 Andria
2489 2620 2545 2660 v.

1478 2694 1528 2740 1.
1568 2695 1620 2740 8.
1693 2693 1709 2720 ⁸
1744 2692 1888 2739 Dum
1931 2689 2119 2738 studeo
2165 2687 2385 2753 obsequi
2429 2687 2545 2745 tibi,

1477 2784 1613 2834 pene
1653 2769 1791 2818 illusi
1833 2770 1994 2837 vitam
2031 2767 2193 2820 filiae!
2232 2768 2371 2834 quod
2405 2767 2546 2816 idem

1477 2838 1562 2896 est
1583 2862 1645 2897 ac
1668 2847 1711 2896 si
1727 2845 1963 2905 dixisset,
1987 2845 2192 2910 prodidi
2215 2847 2374 2895 vitam
2402 2845 2545 2894 filiae.

1478 2923 1689 2974 Phorm.
1724 2937 1765 2973 1.
1803 2927 1854 2973 4.
1889 2927 1972 2973 41.
2011 2921 2213 2972 ‘Vobis
2241 2921 2546 2972 commendo

1477 2999 1755 3061 Phanium,
1774 3006 1832 3049 et
1848 2999 2006 3049 vitam
2020 2997 2229 3049 meam!
2258 2999 2275 3026 ‘
2295 3000 2546 3048 vitamne

1478 3083 1623 3127 tuum
1639 3075 1910 3126 tutandam
1936 3077 2048 3125 aliis
2067 3075 2269 3125 dedisse
2284 3074 2320 3122 ?’
2342 3075 2438 3123 Ph.
2457 3087 2545 3123 ιιιι

1479 3157 1528 3203 l.
1560 3159 1611 3203 2.
1644 3154 1832 3203 iterum
1865 3151 2082 3202 Andriae
2116 3165 2156 3201 1.
2180 3157 2228 3200 ὓ.
2256 3156 2338 3203 37.
2377 3153 2392 3179 ‘
2414 3152 2546 3202 Qun

1477 3231 1605 3280 mihi
1623 3245 1769 3280 suum
1802 3230 2028 3280 animum
2064 3234 2223 3295 atque
2246 3242 2448 3278 omnem
2468 3228 2544 3282 vi-

1478 3313 1590 3357 tam
1623 3305 1868 3358 credidit.
1871 3305 1887 3329 '
1945 3306 2010 3356 In
2049 3306 2244 3356 Heaut.
2278 3318 2342 3354 ιι.
2378 3308 2425 3353 8.
2461 3307 2545 3354 74.

1479 3385 1505 3414 ⁴
1525 3385 1590 3434 In
1624 3399 1739 3434 mea
1772 3384 1880 3435 vita
1913 3389 1972 3433 tu
2009 3383 2105 3432 tibi
2129 3382 2336 3432 laudem
2359 3382 2546 3446 quaesi·

1481 3469 1592 3533 tum
1625 3461 1702 3512 is.’
1737 3461 1792 3510 in
1830 3459 2035 3524 quibus,
2072 3460 2127 3511 ni
2161 3459 2331 3521 fallor,
2362 3457 2421 3507 τὸ
2461 3460 2550 3517 mi

1480 3536 1696 3602 φράσεως
1736 3536 1999 3602 ἰδικώτερον
2052 3536 2247 3589 eruditi
2284 3538 2411 3588 satis
2456 3552 2546 3601 ag

1480 3622 1724 3711 noscunt.
1770 3615 2028 3665 Boeclems.

1494 3698 1611 3743 71
1651 3694 1719 3744 Te
1738 3695 1953 3754 amittas,
1981 3690 2093 3756 ξω]
2126 3692 2402 3757 Dimittes,
2427 3708 2458 3741 a
2493 3692 2548 3741 te

1481 3785 1745 3835 segreges.
1778 3770 2065 3821 Far-nabitu.

1549 3852 1615 3897 74
1647 3848 1890 3912 Licentia]
1947 3846 2190 3897 Maxima·
2222 3852 2278 3896 et
2324 3846 2552 3910 pessima.

1485 3916 1740 3989 peccandi
1761 3923 2013 3975 illecebra
2033 3931 2089 3972 et
2110 3922 2390 3973 lenocinio.
2426 3924 2549 3973 Far-⁴

1483 4001 1694 4051 nubitis(

1549 4086 1611 4131 ’75
1650 4081 1890 4145 Nequeid
1901 4080 2110 4144 putabit,
2125 4094 2326 4143 pravum
2354 4095 2417 4128 an
2446 4095 2549 4129 rec

1484 4165 1586 4208 tum
1620 4157 1736 4221 siet]
1770 4158 1993 4220 Putabit,
2017 4163 2076 4206 ut
2097 4157 2224 4206 alias
2260 4156 2550 4221 reputabit.

1483 4224 1797 4303 nihil’pensi
1833 4237 2066 4302 habebit,
2097 4251 2315 4304 pravum
2347 4250 2412 4288 an
2437 4248 2548 4288 rec-

1485 4321 1597 4367 tum
1636 4316 1726 4367 sit.
1806 4316 2020 4369 Pramum
2072 4330 2136 4365 an
2189 4320 2385 4368 recem.
2453 4312 2551 4366 8ῗό
