3035 4941
568 375 743 442 1074

571 539 808 601 apparet.
844 535 995 586 Idem.

638 613 737 662 Per
755 612 874 662 kene
896 611 1139 675 dextrum]
1168 609 1317 661 Fidei
1341 613 1396 659 et
1414 608 1627 681 foederis

569 690 873 741 membrum.
939 689 1023 740 Ad
1060 704 1265 739 manum
1304 687 1367 737 fit
1407 702 1630 738 conven-

572 767 665 819 tio.
703 769 852 818 Idem.
1430 808 1433 813 >

634 846 702 894 Ee
745 842 1014 907 ingenium]
1061 843 1278 908 Legitur
1322 848 1379 893 et
1418 842 1632 905 genium.

569 919 738 971 Idem.

574 1028 579 1032 -
636 996 889 1059 Ingenium
924 995 1079 1059 num]
1126 995 1276 1048 Quod
1318 995 1528 1060 quidam
1556 996 1630 1045 le-

570 1073 794 1138 gendum
817 1072 1159 1135 contendunt,
1185 1064 1409 1130 Genium,
1425 1072 1478 1122 id
1491 1070 1630 1122 haud

567 1164 780 1207 necesse
822 1156 924 1200 est.
1013 1150 1148 1200 Nam
1196 1149 1340 1213 prius
1394 1148 1523 1199 illud
1573 1154 1631 1199 et

567 1242 746 1277 versus
765 1234 820 1277 et
839 1241 1015 1275 sensus
1040 1225 1341 1276 admittunt.
1377 1226 1547 1275 Faber.

574 1330 577 1337 ,
635 1305 772 1360 Quod
790 1319 875 1366 ego
902 1318 992 1368 per
1011 1303 1131 1352 hane
1150 1307 1199 1352 te
1226 1304 1446 1352 dextram
1465 1318 1566 1369 oro,
1582 1308 1629 1353 et

562 1381 758 1443 genium
792 1380 947 1444 tuum]
986 1379 1054 1430 0.
1078 1380 1114 1429 l.
1139 1394 1183 1429 s.
1205 1387 1262 1429 et
1283 1380 1521 1429 Donatus
1556 1381 1630 1431 ita

565 1458 840 1519 collocant,
860 1459 979 1521 quod
1000 1472 1087 1519 ego
1119 1462 1167 1507 te
1196 1471 1284 1520 per
1304 1458 1454 1507 hanc:
1489 1458 1629 1522 quod

568 1549 693 1584 vero
712 1536 967 1601 sequitur,
989 1540 1036 1585 et
1064 1537 1279 1599 genium,
1312 1534 1367 1586 iu
1391 1535 1629 1586 omnibus

571 1610 746 1673 libris,
787 1613 1014 1677 itemque
1058 1614 1269 1662 Donato
1318 1619 1374 1662 et
1428 1613 1630 1678 Eugra·

566 1688 693 1750 phio
715 1695 814 1744 est,
847 1694 892 1738 et
915 1688 1158 1750 ingenium
1174 1705 1192 1738 .·
1221 1688 1359 1754 quod
1381 1697 1435 1740 et
1458 1690 1629 1741 versui

564 1764 730 1828 magis
774 1766 1060 1815 convenit:
1097 1780 1418 1830 exponemus
1455 1772 1630 1817 autem

565 1840 848 1906 ingenium,
865 1843 915 1890 id
935 1850 1034 1905 est,
1052 1849 1320 1906 naturam;
1343 1859 1492 1909 quam
1512 1859 1630 1894 cum

565 1918 719 1968 laude
744 1919 1102 1984 intelligendo,
1123 1926 1271 1969 tanto
1314 1922 1480 1985 magis
1510 1936 1631 1987 qua-

565 1994 761 2059 drabit,
782 2003 839 2046 ut
857 1997 925 2046 sit
949 2011 1047 2060 per
1073 2004 1215 2046 tuam
1233 1996 1470 2047 stabilem
1504 2012 1628 2048 con-

565 2080 895 2140 stantemque
918 2083 1176 2137 naturam,
1210 2091 1306 2141 per
1341 2084 1487 2127 tuum
1512 2093 1630 2142 pro·

561 2150 683 2201 bum
707 2160 762 2203 et
786 2154 1004 2203 amabile
1028 2153 1325 2218 ingenium:
1361 2161 1421 2205 ut
1456 2161 1514 2205 et
1551 2157 1628 2205 ina

560 2225 646 2277 fra
686 2229 750 2278 de
797 2230 1094 2293 Pamphilo,
1143 2231 1160 2259 ‘
1194 2231 1628 2295 Quandoquidem

560 2304 674 2367 ipse
697 2312 780 2355 est
809 2305 1018 2369 ingenio
1052 2307 1187 2355 bono
1207 2305 1242 2354 :'
1279 2306 1507 2356 elidetur
1541 2321 1628 2356 au·

565 2388 670 2430 tem
703 2381 754 2430 in
778 2382 1067 2445 scansione,
1088 2382 1147 2444 d,
1166 2397 1231 2432 ex
1255 2385 1403 2446 quod:
1426 2397 1485 2434 ut
1505 2384 1631 2447 quod

564 2470 652 2519 ego
674 2461 721 2507 te
743 2457 811 2507 sit
836 2466 1150 2523 anapaestus.
1183 2458 1419 2509 Faernus.

628 2534 731 2582 Per
751 2533 872 2584 itane
892 2537 1130 2598 dextrum,
1149 2541 1199 2584 et
1214 2536 1459 2597 ingenium
1474 2536 1631 2600 tuum]

562 2609 820 2672 Ingenium
861 2611 1055 2663 babent
1078 2612 1312 2677 plerique
1334 2612 1489 2663 libri:
1533 2628 1630 2663 uec

562 2687 754 2737 mutari
777 2688 958 2740 debet.
1012 2689 1267 2740 Horatius
1289 2690 1342 2739 in
1361 2690 1515 2740 simili
1541 2691 1629 2740 ob·

562 2764 867 2823 testatione,
915 2765 1121 2828 genium
1161 2766 1405 2816 adhibet:
1439 2767 1629 2819 ‘Quod

560 2845 615 2890 te
659 2856 754 2906 per
798 2843 1029 2906 genium,
1070 2842 1436 2909 dextramque,
1462 2844 1632 2896 Deos·

561 2932 663 2980 que
712 2926 928 2982 penates
982 2919 1217 2970 Obsecro
1261 2928 1317 2971 et
1363 2921 1632 2973 obtestor!

564 2987 828 3046 Boecler'us.
1521 3041 1530 3046 ,

628 3072 870 3123 Dextrum
911 3089 1017 3138 oro,
1064 3080 1113 3125 et
1163 3076 1414 3139 ingenium
1471 3079 1629 3144 tuum]

557 3148 792 3200 Foederis
832 3159 888 3202 et
927 3152 1050 3204 fidei
1091 3155 1299 3219 pignus.
1347 3156 1487 3205 ‘Per
1519 3153 1629 3222 lego

555 3224 643 3275 has
667 3228 945 3293 lacrymas,
979 3230 1322 3297 dextramque
1357 3241 1500 3283 tuam
1539 3228 1629 3285 te.’

557 3300 702 3351 Dido
724 3305 1012 3368 virgiliana
1035 3308 1258 3358 1V.›AEn.
1295 3308 1585 3361 Fan-nabin.

619 3384 682 3428 55
712 3380 814 3428 Per
862 3382 1002 3443 huius
1045 3383 1370 3446 solitudinem]
1411 3386 1630 3449 Legitur

555 3460 609 3504 et
626 3457 987 3509 solicitudinem.
1023 3459 1279 3509 Donatus.

620 3536 688 3580 56
758 3534 1002 3598 obtestor]
1040 3566 1045 3570 -
1073 3535 1343 3585 Obtestatio
1415 3536 1628 3604 dicitur,

561 3607 769 3670 quando
792 3623 909 3660 eum
942 3611 1257 3676 adjuramus,
1285 3627 1437 3677 quem
1475 3628 1628 3678 roga·
1658 3671 1662 3675 ,

556 3700 685 3735 mus.

558 3776 684 3825 quas
700 3776 957 3825 rogamus.
1025 3764 1294 3829 Virgilius,
1321 3767 1336 3794 ‘
1359 3781 1453 3830 per
1472 3782 1622 3818 ever·

500 3863 511 3870 κ
557 3850 647 3899 sae,
682 3838 905 3901 genitor,
928 3839 1180 3891 fumantia
1203 3842 1373 3906 Trojae
1400 3845 1623 3895 Excidia

561 3912 829 3964 obtestor.’
863 3916 1015 3966 Idem.

754 3687 964 3736 Οναηιιιε
1000 3703 1095 3752 per
1128 3704 1219 3739 eas
1259 3704 1363 3754 res,
1397 3700 1623 3755 propter

627 3990 695 4039 Te
715 3991 941 4057 obtestor]
973 3994 1188 4046 Sextum
1209 3995 1461 4061 παρέλιπον·
1484 3998 1621 4049 dixit

563 4065 698 4114 enim
731 4067 858 4129 jam,
900 4071 1087 4121 ‘Quod
1128 4087 1226 4138 ego
1266 4080 1318 4123 te
1356 4089 1452 4138 per
1482 4075 1617 4125 hanc

565 4139 803 4190 dextram
829 4144 958 4193 oro.’
990 4147 1141 4197 Idem.

622 4219 701 4268 Ne
728 4220 811 4270 abs
831 4226 878 4272 te
896 4222 1017 4273 benc
1036 4239 1275 4287 segreges,
1297 4241 1387 4276 nen
1406 4228 1619 4292 deseras]

567 4296 655 4349 Ad
694 4297 869 4364 tidem,
922 4316 980 4351 ne
1019 4317 1255 4368 seg-reges,
1294 4305 1504 4364 retulit:
1556 4309 1618 4356 ad

1269 390 1484 441 No'rfl
1533 390 1933 446 vuuoauu
1984 394 2064 445 lu

1699 536 2013 600 ”titudinem
2042 551 2109 589 ne
2143 535 2390 589 deseras:
2424 538 2523 588 boc
2560 544 2664 603 est,
2698 554 2767 590 nc

1703 613 1853 661 aliam
1888 613 2068 672 ducas,
2094 620 2379 664 autumare
2411 613 2635 673 desinas,
2669 616 2768 666 eti-

1703 689 1831 739 amsi
1854 690 2006 739 aliam
2036 689 2212 740 discas.
2247 692 2397 740 Idem.

1769 767 1851 816 Ne
1871 766 1953 816 abs
1988 764 2036 816 ιε’
2069 767 2188 816 hane
2221 767 2463 831 segreges]
2503 769 2664 820 Quasi
2689 769 2769 832 ip·

1703 856 1811 892 sam
1857 857 2008 892 manu
2051 850 2251 893 tenens.
2332 844 2498 908 Hanc,
2544 852 2771 909 propter

1704 916 1920 968 formam
1941 923 1997 969 et
2021 926 2247 969 aetatem.
2283 920 2431 969 Idem.

1767 994 2021 1058 Segreges]
2089 995 2206 1046 Hoc
2266 997 2481 1048 verbum
2539 997 2765 1061 simplex

1702 1069 1814 1121 fieri
1833 1087 1934 1121 non
1956 1080 2147 1135 potest.
2179 1079 2182 1081 ’
2217 1074 2324 1122 Neu
2340 1075 2545 1136 deseras,
2564 1080 2769 1137 postre-

1704 1163 1807 1209 mo.
1842 1150 1991 1199 Idem.

1713 1258 1719 1265 -
1769 1230 1834 1275 57
1867 1225 1923 1274 Si
1946 1230 1993 1275 te
2014 1226 2065 1275 in
2084 1225 2325 1289 manuni]
2363 1226 2449 1277 Sic
2481 1235 2605 1276 tunc
2637 1227 2767 1277 dici-
2845 1258 2855 1269 ι

1704 1319 1839 1366 mus,
1870 1303 2082 1368 quando
2109 1304 2447 1367 praestitimus
2469 1304 2688 1368 aliquid,
2711 1310 2769 1354 et

1705 1389 1877 1430 tamen
1900 1381 2136 1430 nolumus
2171 1381 2525 1445 exprobrare:
2563 1388 2624 1430 ut
2646 1382 2767 1431 Vir·

1705 1460 1793 1524 gil.
1815 1508 1816 1511 ,
1849 1459 1864 1486 ‘
1883 1460 1937 1508 Si
1983 1474 2086 1523 qua
2129 1461 2231 1508 tuis
2269 1474 2491 1523 unquam
2540 1473 2635 1523 pro
2678 1473 2763 1509 me

1703 1543 1855 1599 pater
1912 1535 2174 1599 Hyrtacus
2241 1535 2341 1584 aris
2396 1535 2545 1584 Dona
2603 1534 2761 1585 tulit.'

1704 1613 1774 1663 Et
1798 1612 1917 1663 alibi
1942 1630 1955 1663 :
1993 1614 2008 1641 ‘
2025 1614 2080 1663 Si
2097 1614 2228 1663 bene
2252 1612 2374 1678 quid
2398 1614 2465 1663 de
2485 1619 2538 1662 te
2561 1611 2762 1663 merui!

1706 1691 1856 1741 Idem.

1746 1767 1832 1819 ‚Iu
1848 1767 2066 1830 germani
2083 1765 2287 1830 fratris]
2318 1767 2439 1817 Non
2468 1764 2646 1816 fratris
2683 1778 2768 1815 so-

1705 1843 1829 1906 lum,
1851 1843 1944 1892 sed
1968 1844 2125 1892 etiam
2150 1844 2395 1908 germani.
2430 1844 2579 1892 Idem.

1774 1921 2005 1969 Germani
2041 1920 2248 1984 fratris]
2307 1922 2323 1948 ‘
2352 1923 2591 1971 Sororem
2648 1934 2766 1970 esse

1706 1997 1853 2046 aiunt
1874 1996 2172 2061 Chrysidis?
2204 1997 2365 2061 Simo,
2385 2011 2526 2048 scen.
2551 1999 2598 2046 1.
2635 1996 2765 2046 Fur·

1720 2072 1907 2124 nubitis.
2041 2108 2047 2114 ·

1738 2150 1798 2199 Si
1813 2155 1860 2200 te
1871 2151 1923 2199 in
1931 2149 2149 2212 germani
2152 2149 2229 2210 fr.
2244 2151 2353 2214 ξω]
2369 2148 2633 2213 Παρίσωσις
2652 2162 2766 2199 sua·

1705 2227 1946 2279 vissima:
1987 2235 2045 2277 ut
2069 2242 2185 2277 mox
2222 2243 2297 2277 vs.
2315 2231 2398 2277 61.
2441 2224 2766 2290 παρομοίωσις·

1704 2319 1820 2354 cum
1859 2304 2119 2354 sententia
2157 2305 2256 2354 loci
2288 2301 2489 2354 confer.
2514 2303 2652 2354 Hec.
2677 2317 2762 2355 ιιι.

1704 2384 1753 2431 8.
1780 2384 1862 2429 29.
1889 2384 1986 2431 ὅτε.
2018 2380 2281 2430 Boeelerus.

1768 2461 1833 2507 68
1856 2455 1968 2507 Siue
1982 2461 2029 2507 te
2050 2457 2150 2507 ltoec
2170 2454 2343 2520 solum]
2373 2456 2427 2507 Si
2450 2463 2541 2507 aut
2565 2462 2619 2506 te
2643 2455 2767 2506 mihi

1704 2536 1958 2600 praetulit,
1996 2543 2085 2585 aut
2125 2536 2321 2596 nullum
2366 2535 2522 2584 alium
2556 2537 2766 2585 noverit

1704 2619 1988 2663 amatorem
2012 2614 2064 2662 in
2084 2611 2240 2662 domo
2260 2612 2569 2663 meretricis.
2593 2612 2762 2661 Denu-

1704 2696 1800 2740 ἐπε.
2349 2721 2352 2724 Δ
2606 2722 2610 2726 .

1768 2765 1880 2816 Sive
1897 2768 1998 2816 lioec
2013 2771 2063 2817 te
2082 2769 2253 2833 solum]
2269 2766 2352 2818 Ali
2395 2766 2445 2816 ui
2469 2766 2608 2829 libri,
2626 2766 2768 2816 inter

1704 2856 1828 2908 quos
1846 2843 2135 2894 Vaticanus
2166 2853 2222 2894 et
2254 2781 2594 2902 Basaicanna,
2636 2842 2763 2891 item

1703 2920 1944 2970 Donatus
1968 2928 2022 2969 et
2047 2920 2347 2971 Priscianus
2369 2922 2444 2969 sic
2477 2919 2760 2977 collocant,

1701 2998 1872 3048 sinete
1893 2999 1993 3048 hoec
2013 3001 2186 3048 solum:
2215 3004 2273 3047 et
2295 3003 2400 3047 stat
2425 2997 2624 3057 versus,
2641 2993 2763 3043 siin

1702 3081 1751 3125 te
1771 3077 1871 3125 hoee
1892 3089 1995 3126 nou
2017 3074 2110 3125 fiat
2131 3072 2429 3139 synaloepha
2452 3089 2464 3119 :
2504 3071 2607 3120 erit
2630 3069 2765 3119 enim

1700 3152 1900 3214 sinere,
1939 3152 2194 3215 dactylus.
2263 3149 2416 3202 Quod
2450 3162 2575 3198 vero
2595 3148 2766 3212 sequi·

1705 3236 1807 3292 tur,
1820 3227 2134 3294 semperfeeit
2153 3227 2371 3289 maximi,
2385 3239 2562 3275 omnes
2584 3237 2767 3274 reeen-

1703 3312 1783 3355 tes
1803 3305 1925 3355 libri
1945 3304 2295 3368 habent,secit
2312 3304 2592 3362 maximum,
2613 3307 2669 3351 et
2692 3302 2769 3350 ita

1702 3382 1861 3430 etiam
1885 3381 2185 3431 Priscianus
2207 3383 2371 3432 citat:
2397 3378 2535 3429 infra
2556 3390 2765 3442 quoque

1701 3460 1754 3508 iu
1792 3460 1988 3509 eisdem
2011 3461 2324 3510 >recentibus
2360 3460 2569 3524 legitur,
2608 3455 2767 3507 musi·

1700 3550 1827 3584 mum
1844 3536 1951 3597 feei
1990 3537 2215 3585 Chreme:
2257 3534 2350 3584 sed
2397 3534 2678 3598 utrobique
2699 3532 2764 3581 *iu

1699 3612 1950 3678 antiquis,
1969 3612 2188 3662 maximi.
2222 3609 2476 3662 Faernus.

1764 3694 1830 3740 59
1882 3690 2160 3754 Mor-igere]
2209 3691 2328 3740 Hoc
2368 3688 2512 3755 quasi
2557 3687 2756 3738 amanti

1698 3768 1828 3817 utile
1864 3766 1983 3818 fuit.
2020 3768 2304 3831 Virgilius:
2340 3768 2355 3795 ‘
2380 3763 2508 3816 Fuit-
2538 3772 2632 3814 aut
2668 3763 2762 3814 tibi

1699 3844 1980 3910 quidquam
2003 3844 2177 3893 Dulce
2199 3841 2405 3891 meum!
2437 3838 2696 3891 Maus..

1761 3917 2037 3983 Mor-igere]
2070 3919 2087 3950 ‘
2107 3920 2252 3969 AEtas
2302 3927 2359 3969 et
2381 3932 2572 3982 corpus
2615 3926 2763 3968 tene-

1694 4012 1826 4060 rum,
1860 4005 1915 4048 et
1949 3996 2301 4061 morigeratio.
2373 3994 2507 4044 Haec
2528 4002 2649 4043 sunt
2673 4007 2760 4050 ve·

1694 4089 1831 4124 uena
1870 4074 2207 4124 formosarum
2243 4071 2554 4121 mulierum.’
2601 4070 2761 4121 Afra-

1695 4151 1811 4199 nius
1834 4150 1886 4198 in
1907 4148 2155 4213 Vopisco.
2180 4147 2468 4198 Far-nubitis.

1756 4231 1822 4278 60
1860 4227 1923 4276 Te
1938 4225 2023 4277 isti
2043 4226 2195 4275 cirum
2215 4224 2301 4288 do]
2347 4224 2503 4286 Hac,
2540 4231 2597 4274 ut
2613 4223 2752 4280 dixi,-

1693 4319 1826 4366 mus,
1847 4312 1902 4357 et
1925 4306 2125 4370 singula
2159 4310 2301 4365 sunt,
2335 4312 2392 4355 et
2434 4317 2536 4353 uon
2577 4303 2763 4366 praeci,
