3035 4941
674 388 1042 439 TERENTH
1091 387 1420 439 ADBM’H.
1469 391 1636 439 Ao'r.
1681 392 1793 439 111.
1837 393 1943 441 SC.
1991 394 2071 442 11.

302 547 422 584 nunc
440 532 733 598 agnoscitur
753 534 821 585 ab
842 533 994 584 irato.
1029 533 1179 583 Idem.

318 645 327 654 -
354 614 415 660 24
448 612 507 662 Te
542 611 694 673 orsam
725 611 946 675 querito,
983 611 1046 660 Te
1087 614 1330 674 exspecto.-

282 686 449 749 ,φρίὼ
488 688 990 751 oportune],1ncerta
1043 687 1331 749 distinctio,

298 767 452 824 utrum
478 763 540 812 Te
567 770 758 827 expecto
785 764 953 827 oppido
971 768 1242 827 opportune,
1260 763 1330 812 sit

296 836 584 889 dicendum:
618 855 683 890 au
723 845 986 904 expertae,
1021 840 1090 890 sit
1124 839 1328 902 impeti·

295 921 432 964 enter
462 931 673 980 cupere,
704 922 759 966 et
786 918 900 966 sine
937 915 1330 980 praescriptione

296 993 528 1056 temporis
549 1008 780 1057 sperare,
794 994 951 1057 ,iuxta
973 999 1172 1042 certum
1198 998 1327 1042 tem·

294 1080 396 1128 pus.
460 1069 607 1119 Unde
649 1076 887 1134 apparet,
925 1068 988 1119 ad
1033 1074 1081 1118 te
1121 1072 1331 1132 expecto,

293 1143 400 1208 qnia
421 1159 511 1208 per
533 1160 588 1196 se
614 1146 823 1195 nimium
849 1155 947 1211 est,
964 1161 1069 1196 non
1090 1161 1200 1197 esse
1208 1147 1329 1211 jun

292 1221 494 1282 gendum
517 1224 700 1289 oppido.
736 1223 903 1273 Idem.

347 1301 407 1347 25
443 1299 570 1355 Quid
590 1299 821 1361 festinas,
836 1299 904 1348 mi
937 1298 1089 1361 Geta]
1121 1283 1329 1347 Probus

293 1375 509 1438 assignat
552 1377 650 1427 hoc
681 1378 959 1427 Sostratae.
1026 1376 1196 1441 Asper
1228 1389 1328 1424 non

290 1452 388 1504 vult
425 1453 489 1503 ad
534 1455 706 1505 omnia
737 1469 942 1504 servum
982 1454 1326 1518 respondere:

285 1526 366 1576 sed
404 1532 656 1598 nutricem
700 1537 848 1594 putat
888 1530 986 1581 hoc
1024 1531 1179 1596 loqui.
1225 1531 1328 1580 Do·

288 1608 432 1656 mun.

344 1681 707 1748 Qnidfestt'nas]
728 1647 1081 1733 Perturbaris.
1104 1684 1172 1733 Et
1190 1698 1328 1733 com-

286 1765 441 1807 motus
471 1759 600 1810 dicit
636 1774 846 1823 prorsus,
884 1767 1006 1816 actu
1051 1768 1329 1822 commoto,

282 1831 430 1894 fesso,
469 1845 522 1885 et
564 1836 843 1898 anhelanti,
877 1836 943 1886 ob
983 1837 1329 1900 perturbatio-

285 1922 390 1959 nem
413 1919 466 1960 et
489 1918 792 1962 contentum
812 1926 1036 1961 cursum.
1069 1912 1218 1962 Idem.

346 1986 468 2041 Quid
488 1986 720 2049 festinas,
747 1988 813 2036 mi
847 1986 999 2051 Geta]
1033 1987 1168 2037 Vide
1192 1989 1328 2050 Don-

285 2068 335 2110 et
356 2062 541 2128 Guyet.
583 2065 844 2114 Boeclerus.

338 2143 400 2189 26
429 2142 656 2191 Animum
685 2139 866 2204 recipe]
922 2138 1074 2189 Quod
1109 2139 1160 2188 in
1183 2139 1330 2190 lecti·

282 2226 372 2265 one
406 2224 554 2280 gestu
582 2216 792 2266 ostendi
824 2215 1034 2264 minime
1059 2215 1251 2278 potuit,
1276 2215 1329 2264 id

282 2304 342 2340 ex
364 2293 525 2344 verbis
546 2294 800 2343 Sostratae
834 2290 1126 2341 ostenditur
1151 2291 1201 2339 in
1225 2291 1331 2341 Ge·

281 2372 347 2418 ta.
408 2370 538 2420 Nam
566 2369 687 2419 ideo
712 2367 922 2430 dicitur,
960 2367 1189 2417 Animum
1211 2367 1331 2417 reci·

278 2459 404 2507 pere.-
439 2449 561 2514 quia
588 2448 676 2498 ille
705 2460 813 2510 prae
848 2445 1077 2496 anhelitu
1102 2444 1330 2495 crebrio-

280 2535 335 2571 ra
355 2525 508 2575 verba
531 2523 835 2574 continuare
866 2537 970 2573 non
993 2522 1177 2587 possit.
1229 2524 1331 2573 Do·

280 2605 426 2652 naus.

336 2678 557 2730 Animam
578 2679 759 2743 recipe]
787 2678 1026 2745 Namque
1051 2693 1160 2744 [ιι-α»,
1180 2678 1333 2728 anhe-

276 2750 366 2803 litu
410 2757 570 2808 verba
615 2756 967 2806 intermittens
1001 2769 1102 2804 uno
1143 2755 1332 2819 spiritu

278 2831 573 2885 continuare
594 2847 696 2884 non
713 2846 863 2896 posse
883 2831 1171 2881 videbatur.
1209 2830 1332 2880 Far·

278 2906 452 2959 nubiua-

334 2988 393 3034 27
427 2984 690 3036 Perimus!
728 2989 887 3034 actam
908 2982 1005 3047 est]
1049 2985 1169 3052 Jam
1209 2981 1334 3033 bina

281 3061 429 3111 verba
435 3062 742 3129 junguntur.
774 3063 1013 3112 Donatus.

337 3137 593 3189 Pei-imus!
637 3143 795 3188 actum
825 3138 924 3202 est]
990 3136 1168 3186 Verba
1210 3143 1335 3187 sunt

278 3202 668 3281 desperationis.
736 3215 870 3264 Nam
894 3218 1051 3263 actum
1083 3218 1174 3275 est,
1208 3213 1333 3262 dici·

276 3294 354 3338 tur
390 3291 442 3340 in
467 3307 531 3342 ea
557 3306 635 3356 re,
657 3290 723 3341 de
748 3307 849 3357 qua
860 3291 973 3356 jam
996 3292 1104 3342 lata
1126 3292 1193 3341 sit
1216 3306 1335 3341 sen-

281 3369 456 3419 tentia.
490 3370 645 3418 Idem.

338 3444 566 3509 Etoquere
589 3447 774 3495 obsecro
795 3444 911 3510 quid
931 3444 1023 3508 sit]
1071 3445 1216 3496 Beue
1237 3447 1332 3497 elo·

276 3533 426 3580 quere.
449 3538 566 3573 nam
591 3530 807 3573 conatur
828 3529 1050 3586 tantum,
1076 3523 1213 3588 quod
1234 3537 1332 3572 nec

277 3597 586 3662 explicatur,
618 3614 717 3648 nec
752 3599 1096 3662 intelligitur:
1132 3601 1217 3650 cui
1260 3601 1332 3650 vi·

277 3670 345 3720 tio
381 3676 647 3735 contraria
688 3676 851 3726 virtus
897 3682 982 3726 est
1021 3676 1333 3741 eloquentia.

274 3747 384 3801 Jam
417 3754 534 3816 plus
562 3755 647 3803 hic
685 3761 855 3818 gestu,
884 3768 1037 3819 quum
1061 3753 1204 3803 dictu
1227 3753 1334 3816 agi-

275 3833 386 3876 tur:
414 3833 555 3895 quia,
573 3838 631 3881 ut
654 3847 811 3895 supra
832 3832 1072 3893 diximus,
1090 3839 1145 3882 et
1167 3833 1333 3881 lassus

274 3908 457 3970 estqui
498 3908 724 3970 nuntiat,
769 3916 826 3958 et
853 3908 1148 3973 integratur
1184 3908 1334 3958 dolor

274 3982 456 4045 nuntii,
481 3999 637 4047 quum
663 3984 799 4048 apud
825 3984 960 4033 illam
988 3986 1236 4050 loquitur,
1265 3983 1337 4033 ad

276 4070 424 4119 quam
472 4061 696 4109 maxime
752 4060 1014 4110 calamitas
1071 4059 1330 4124 pertinen

274 4145 369 4195 quo
396 4134 578 4186 dolore
616 4152 715 4187 vox
745 4138 1047 4201 plerumque
1079 4137 1331 4187 subtrahi-

274 4213 357 4257 tur
380 4222 539 4278 atque
564 4215 837 4277 singultit:
861 4222 916 4263 et
940 4213 1091 4262 simul
1115 4212 1206 4263 dat
1231 4212 1333 4277 sig·

276 4299 389 4349 uum
413 4290 738 4355 perditarum
764 4306 953 4342 rerum.
987 4292 1138 4341 Idem.

2283 377 2464 444 -1437

1469 540 1538 585 28
1565 535 1661 586 So.
1698 536 1828 593 Quia
1848 551 1964 598 ergo
1984 535 2050 599 εἰ]
2085 536 2154 586 Ο.
2178 536 2214 587 1.
2233 549 2275 587 s.
2294 537 2469 600 quictis

1404 610 1560 673 ergo?
1604 620 1659 662 et
1690 627 1753 662 eo
1787 613 2162 676 amplius-liber
2181 613 2468 666 Bembinus

1406 696 1461 736 et
1484 688 1576 737 alii
1595 689 1817 753 antiqui,
1836 689 1896 738 ab
1917 694 2101 738 nostra.
2134 689 2381 742 Faernus.

1469 767 1675 816 Alienus
1696 774 1768 817 est
1798 783 1829 817 a
1859 773 2024 817 nostra
2042 766 2264 829 familia]
2318 768 2466 818 Bene

1404 843 1604 894 alienus.
1671 844 1808 895 Geta
1825 844 1961 894 enim
1980 843 2076 908 ipsi
2087 844 2194 906 jam
2218 843 2472 906 dominus,

1402 920 1655 970 Sostratae
1703 935 1880 983 gener,
1920 920 2210 983 Pamphila
2250 918 2468 969 maritus

1405 997 1710 1046 vocabatur.
1744 996 1982 1046 Donatus.

1469 1076 1536 1121 29
1569 1072 1747 1121 Amare
1767 1072 1946 1135 occepit
1969 1072 2137 1136 aliam]
2188 1071 2352 1136 Pejus
2387 1075 2471 1121 est

1403 1163 1568 1197 amare
1601 1149 1800 1213 occepit,
1837 1163 1989 1213 quiam
2023 1155 2169 1198 amnt.
2237 1149 2376 1198 Nam
2411 1149 2465 1196 in

1407 1239 1467 1274 eo
1494 1223 1632 1287 quod
1656 1224 1809 1286 dixit,
1829 1224 2025 1287 occepit,
2054 1231 2329 1285 augmenta
2349 1223 2471 1273 mali

1407 1300 1686 1350 metuenda
1708 1299 1966 1363 significat
1991 1315 2005 1348 z
2044 1308 2099 1348 ut
2124 1301 2173 1349 in
2198 1298 2468 1364 principiis

1405 1391 1523 1441 quae
1569 1383 1743 1425 actum
1789 1376 2095 1440 respiciunt,
2143 1389 2243 1424 non
2288 1374 2470 1425 statim

1405 1452 1815 1506 imminutionem
1856 1454 2171 1517 inspectant.
2235 1452 2306 1501 Et
2341 1465 2492 1501 occe*-

1398 1532 1474 1593 pit
1499 1545 1739 1594 magnum
1759 1529 1960 1581 facinus
1984 1529 2133 1580 dixit.
2168 1529 2319 1578 Idem.

1478 1606 1562 1656 Vae
1584 1607 1772 1656 misera
1794 1605 1934 1668 mihi]
1975 1606 2114 1654 Mire
2136 1605 2468 1668 interponun-

1407 1689 1494 1732 tur
1544 1684 1772 1733 mulieris
1821 1681 2038 1733 affectus
2092 1697 2229 1732 novo
2270 1683 2473 1734 nuntio.

1470 1842 1536 1888 30
1567 1836 1614 1887 Δ
1639 1839 1799 1887 lenone
1821 1838 1950 1902 ipsus
1971 1837 2146 1901 eripuit
2163 1838 2347 1902 palm]
2381 1801 2469 1887 Sic

1322 1951 1327 1956 .
1406 1914 1632 1975 nuntiat,
1654 1922 1712 1963 nt
1731 1915 1912 1963 ultima
1937 1914 2110 1979 pejora
2129 1914 2249 1963 sint.
2298 1915 2364 1962 Et
2389 1914 2469 1962 his

1407 1991 1721 2054 argumentis
1745 1991 1857 2040 vult
1873 1990 2110 2053 probare,
2129 1989 2304 2054 quod
2293 2003 2470 2038 immo-

1407 2066 1524 2116 dice
1543 2066 1735 2119 amavit
1756 2066 2041 2127 AEschinus,
2066 2066 2153 2129 qui
2173 2066 2290 2129 plns
2314 2075 2467 2129 quam

1406 2145 1678 2208 virginem,
1710 2143 1762 2192 id
1808 2143 1972 2207 ipsum
2005 2143 2142 2209 quod
2181 2143 2347 2206 pudor
2371 2158 2467 2193 nec

1404 2220 1668 2282 hortatur,
1706 2233 1803 2268 nec
1834 2219 2078 2281 consulit,
2114 2223 2271 2269 amat.
2339 2219 2469 2272 Quis

1406 2301 1581 2347 autem
1616 2296 1776 2360 magis
1814 2296 1986 2359 potuit
2028 2294 2299 2359 impudens
2333 2308 2471 2355 esse,

1405 2387 1559 2437 quam
1582 2372 1669 2436 qui
1694 2379 1817 2435 post
1838 2372 2110 2422 honestum
2136 2385 2384 2432 amorem,
2402 2370 2469 2419 ab

1403 2450 1617 2500 Lenone
1637 2457 1775 2500 amet
1795 2450 1814 2499 ?
1866 2450 1983 2500 Hoc
2000 2451 2192 2500 etenim
2212 2447 2473 2515 significat

1403 2527 1748 2577 meretricem.
1784 2528 1926 2591 Ergo
1949 2528 2358 2587 nonhonestum,
2376 2526 2470 2577 sed

1406 2603 1472 2653 ab
1499 2605 1709 2667 Lenone
1733 2618 1747 2651 z
1787 2617 1891 2652 non
1914 2617 2008 2667 per
2031 2603 2209 2664 alium,
2228 2603 2321 2653 sed
2344 2602 2471 2665 ipsi-

1404 2696 1463 2731 us
1484 2698 1498 2731 2
1528 2697 1624 2731 nec
1649 2682 1796 2743 emit,
1821 2688 1912 2739 aut
1931 2681 2166 2744 abduxit,
2188 2681 2281 2730 sed
2296 2679 2364 2730 ob
2380 2682 2473 2729 im·

1405 2757 1710 2822 patientiam
1736 2756 1884 2806 valde
1907 2758 2125 2806 amantis
2147 2757 2359 2820 eripuit.
2378 2770 2471 2809 ne-

1403 2848 1505 2897 que
1550 2832 1605 2882 id
1645 2834 1873 2896 occulte,
1904 2841 1963 2881 ut
1990 2835 2079 2898 qui
2117 2833 2335 2883 coelaret
2362 2831 2471 2882 fac·
2530 2884 2540 2895 ‚

1406 2917 1538 2972 tum,
1561 2917 1807 2974 tanquam
1843 2909 2200 2959 satisfacturus
2224 2908 2372 2959 uxori
2395 2910 2473 2958 vi-

1408 2989 1660 3037 deretur:
1688 2986 1778 3034 sed
1804 2988 1991 3050 palam.
2023 2986 2175 3036 Idem.
2451 3004 2458 3007 ’

1471 3067 1535 3112 31
1572 3062 1734 3113 Sutin’
1764 3063 1848 3112 hoc
1880 3062 2033 3126 certo]
2089 3060 2295 3126 Magnis
2321 3061 2469 3110 malis

1405 3154 1508 3189 uon
1557 3141 1732 3189 statim
1769 3138 2209 3189 creditur.1·10c
2242 3151 2369 3200 ergo
2402 3152 2470 3187 ex

1406 3215 1585 3266 dolore
1629 3216 1784 3278 dixit,
1815 3215 1953 3281 quod
1996 3221 2174 3278 stupet
2214 3212 2468 3263 audiens·
2452 3250 2470 3275 ,

1406 3306 1510 3342 non
1535 3294 1653 3358 quia
1679 3307 1779 3343 non
1803 3293 1960 3343 habet
1979 3291 2153 3341 fidem.
2185 3292 2337 3342 Idem.

1471 3369 1617 3418 Satin
1641 3370 1725 3418 hoc
1745 3368 1895 3432 certe]
1928 3369 2167 3417 Donatus
2181 3367 2332 3431 legit,
2356 3366 2472 3417 scis·

1404 3461 1464 3494 ne
1485 3446 1570 3494 Ιιοο
1591 3450 1760 3494 certo?
1792 3444 1913 3494 libri
1960 3443 2137 3508 aliqui,
2170 3442 2308 3493 inter
2341 3456 2470 3508 quos

1406 3521 1713 3582 Bembinus,
1741 3521 1895 3569 satine
1916 3519 2001 3569 hoc
2022 3518 2265 3569 certum'st
2282 3535 2300 3569 .-
2334 3518 2473 3584 qnod

1404 3612 1531 3647 vero
1576 3598 1827 3662 sequitur,
1879 3596 2018 3651 solus
2068 3596 2352 3646 Bembinus
2397 3598 2474 3646 ita

1404 3675 1604 3724 habet·
1640 3674 1744 3724 Gn.
1790 3679 1987 3723 certum.
2054 3673 2224 3725 Quam
2264 3686 2473 3737 respon-

1405 3753 1616 3829 sionem
1625 3751 1983 3813 interrogatio,
2017 3765 2129 3814 quae
2166 3763 2261 3813 per
2293 3754 2474 3797 certum

1405 3836 1496 3893 est,
1519 3828 1682 3892 facta,
1706 3828 1912 3878 videtur
1934 3827 2161 3889 exigere.
2208 3824 2438 3874 Faernus

1473 3907 1626 3956 Hisce
1646 3906 1816 3970 oculis]
1869 3900 2151 3964 Ἰδιωτισμδς
2174 3915 2470 3955 asseveran-

1408 3984 1495 4034 tis.
1532 3983 1768 4032 Donatus.

1471 4059 1625 4108 Hisce
1641 4056 1812 4119 oculis]
1831 4056 2100 4111 Δοικτυεῶς,
2112 4052 2335 4103 testibus
2358 4066 2470 4102 cer-

1408 4134 1640 4186 tissimis,
1671 4135 1686 4161 ‘
1713 4133 1892 4183 Pluris
1933 4132 2067 4180 enim
2113 4137 2197 4179 est
2232 4128 2470 4178 oculatus

1410 4210 1559 4260 testis
1609 4223 1757 4271 uuus,
1819 4223 1970 4273 quam
2036 4206 2192 4255 auriti
2250 4203 2470 4267 decem!

1407 4287 1584 4334 Plaut.
1606 4285 1904 4335 Truculent.
1930 4288 2034 4334 uet-
2059 4295 2221 4351 urse.
2243 4286 2295 4331 6.
2347 4281 2484 4345 Fur-4

1405 4362 1591 4411 nubiua-
