3035 4941
514 274 775 396 1384*

517 491 605 540 die
622 488 867 539 adversus
879 486 1020 536 illum
1032 486 1211 537 dicere
1226 487 1416 552 possim
1429 487 1568 553 qnod

515 566 567 614 in
589 564 752 629 prima
771 562 1038 613 Comoedia
1056 571 1168 612 est:
1203 564 1219 591 ‘
1238 563 1380 613 Male
1403 562 1570 613 divisa

514 648 635 692 sunt
656 640 752 691 tibi
776 639 1096 704 temporibus
1115 640 1228 689 hoec
1245 638 1281 700 ς’
1315 654 1435 704 nam
1457 651 1570 702 gra-

464 765 494 778 x
515 719 775 768 vissimum
797 723 977 766 contra
1002 716 1337 766 oeconomiam
1360 716 1570 766 Fabulae

515 799 788 857 peccatum
807 799 906 855 est,
922 790 1057 856 quod
1075 805 1173 855 ego
1190 792 1385 855 primns
1401 797 1572 842 osten·

515 870 601 920 do.
626 869 855 931 -Quippe
895 868 1031 917 nude
1074 868 1359 919 resciscere
1402 870 1572 933 potuit

516 948 748 996 Sostrata
787 943 1135 1007 Clitiphonem
1168 946 1421 1009 suspicari
1458 959 1573 995 esse

517 1036 573 1072 se
613 1021 904 1071 subditum?
943 1020 1079 1070 Nam
1109 1021 1261 1071 modo
1296 1020 1346 1071 id
1372 1021 1572 1071 consilii

515 1097 664 1148 dedit
681 1097 872 1161 Syrus3
905 1102 960 1145 at
983 1096 1143 1161 Syrus
1166 1111 1232 1146 ex
1254 1110 1318 1147 eo
1339 1103 1572 1161 tempore

516 1175 802 1225 Sostratam
818 1186 930 1222 non
954 1171 1103 1221 vidit.
1148 1173 1376 1237 Clitipho
1398 1180 1572 1223 antem

519 1251 584 1302 ad
603 1266 715 1301 eam
730 1264 832 1300 non
850 1248 1017 1299 adibit
1039 1249 1132 1299 nisi
1149 1264 1303 1300 scena
1319 1249 1575 1316 sequenti.

517 1325 604 1378 Ibi
639 1328 714 1377 sic
744 1342 859 1380 eam
880 1327 1197 1392 alloquetur=
1232 1329 1250 1356 ‘
1272 1328 1327 1377 Si
1349 1340 1574 1391 unquam

521 1405 680 1455 ullum
704 1403 803 1454 fuit
827 1404 1072 1468 tempus‚'
1095 1406 1197 1455 &c.
1231 1404 1406 1454 Faber.

583 1481 874 1544 Subditum!
903 1482 985 1530 uin
1008 1481 1083 1544 tu]
1133 1480 1261 1531 Cum
1281 1479 1575 1530 admiratio·

520 1572 603 1622 ne,
622 1558 713 1608 sed
742 1572 940 1619 severa,
960 1566 1017 1608 et
1045 1557 1439 1607 contradicendi
1467 1566 1577 1624 stu--

520 1635 607 1685 dio
630 1636 878 1692 excitata,
902 1635 1004 1685 dici
1025 1636 1158 1698 haec,
1178 1637 1443 1699 responsio
1468 1652 1575 1688 ma·

518 1719 682 1762 tronae
700 1719 953 1762 monstrat
966 1727 1150 1776 magna
1164 1715 1542 1765 asseveratione
1558 1731 1573 1766 z

516 1789 533 1816 ‘
555 1796 722 1851 certe,
741 1790 966 1855 inquam,
990 1790 1058 1838 mi
1080 1788 1189 1839 vir.'
1223 1790 1476 1840 Boeclerus.

564 1864 858 1928 ‚SubditumJ
905 1865 1265 1927 Subdititium,
1298 1866 1575 1929 suppositi-

519 1942 669 2003 tium,
686 1944 1044 2003 ὑποβολιμαῖον.
1081 1942 1366 1993 Furnubt’tes.

588 2020 729 2069 Certe
748 2020 818 2069 sic
836 2019 954 2081 erit]
990 2019 1141 2073 Quod
1167 2021 1216 2069 in
1239 2018 1415 2070 futuro
1430 2020 1577 2082 dicit,

518 2096 535 2124 ⁴
562 2101 709 2145 certe
731 2097 804 2146 sic
828 2096 962 2159 erit‚'
986 2096 1335 2147 confirmando
1363 2097 1416 2147 id
1438 2098 1578 2163 quod

510 2173 623 2237 jam
650 2174 699 2221 in
725 2174 973 2236 praeseuti
1007 2173 1162 2235 dixit,
1192 2175 1208 2200 ‘
1231 2173 1490 2224 subditum
1520 2188 1577 2223 se

518 2251 843 2314 suspicatur-,³
893 2250 1040 2314 bujus
1094 2249 1367 2299 locutionis
1416 2251 1581 2300 multa

512 2326 623 2388 jam
646 2318 885 2390 exempla
920 2332 1154 2376 veterum
1188 2325 1496 2376 adduximus
1526 2327 1578 2376 in

522 2403 788 2464 Eunucho,
809 2416 967 2466 super
988 2416 1054 2451 eo
1075 2415 1261 2450 versu:
1307 2408 1322 2431 ⁴
1347 2403 1582 2454 Verbum

519 2478 695 2528 hercle
715 2478 813 2528 hoc
834 2493 1010 2528 verum
1034 2477 1170 2528 erit.'
1203 2480 1433 2532 Fa’e’rnus.

589 2560 650 2605 13
688 2556 939 2621 Confitere,
960 2562 1092 2606 tuum
1113 2573 1208 2607 nou
1227 2559 1353 2622 esse]
1380 2559 1586 2625 Arripit

524 2632 847 2682 occasionem
888 2646 1047 2682 senex
1090 2635 1345 2699 διασυρμοΰ
1374 2636 1426 2684 in
1461 2652 1586 2686 uxo·

524 2723 665 2759 rems
713 2708 805 2758 sed
851 2709 1041 2760 acerbe
1082 2718 1139 2760 et
1173 2712 1416 2764 violente.
1481 2714 1587 2764 Ubi

524 2786 623 2836 hoc
645 2799 767 2834 vere
788 2785 1011 2847 κωμικὸν,
1035 2786 1169 2852 quod
1195 2801 1262 2838 ex
1279 2802 1335 2837 re
1356 2796 1482 2840 nata
1502 2805 1588 2840 co·

525 2863 766 2913 oriuntur
787 2862 919 2912 ista:
944 2864 1012 2915 de
1029 2871 1201 2915 cetero
1223 2867 1410 2916 morosi
1431 2869 1587 2917 moris

525 2946 651 2989 nota
671 2939 880 2989 minime
900 2941 950 2990 in
975 2940 1195 2992 obscuro
1212 2952 1310 2992 est.
1361 2945 1586 2994 Sensus:

524 3026 582 3066 tu
628 3016 763 3066 scire
806 3016 1037 3082 inprimis
1073 3025 1242 3081 potes,
1280 3020 1594 3070 subditnsne-

525 3093 594 3142 sit
618 3106 685 3142 an
719 3106 874 3143 verus
892 3093 1046 3145 filius.
1110 3096 1180 3144 Et
1202 3096 1244 3145 si
1269 3096 1390 3160 quid
1416 3111 1588 3159 secus,

525 3182 676 3239 qnam
698 3183 794 3233 par
816 3174 916 3232 est,
934 3170 1147 3235 accidit,
1166 3185 1268 3221 non
1292 3173 1533 3223 abhorret
1553 3188 1583 3222 a

523 3245 626 3295 tuis
648 3245 873 3295 moribus
894 3246 1120 3309 suspicio
1138 3247 1460 3310 impostnrae,
1475 3263 1587 3298 con·

510 3321 658 3385 ficere
690 3327 824 3370 tuum
858 3336 953 3371 non
984 3335 1102 3372 esse.
1170 3320 1305 3372 Haec
1335 3323 1450 3374 fere
1481 3325 1583 3374 alii.

526 3396 661 3446 Mihi
690 3397 816 3446 nibil
843 3398 1038 3449 certius
1062 3398 1286 3462 videtur,
1307 3415 1460 3464 quam
1481 3401 1585 3449 vim

524 3471 676 3535 hujus
697 3472 944 3522 orationis
985 3474 1036 3522 in
1076 3476 1496 3537 pronuntiatione
1530 3483 1587 3526 et

528 3547 676 3596 vultu
722 3548 1052 3611 qum-endam
1096 3564 1238 3611 esse;
1294 3559 1353 3600 nt
1393 3551 1587 3603 dixerit

526 3621 772 3672 Chremes
812 3624 955 3672 vultu
995 3625 1154 3687 serio,
1181 3629 1448 3677 sententia
1484 3628 1584 3679 iro-

527 3697 664 3760 nica,
702 3698 1120 3762 pronuntiatione
1150 3701 1289 3751 inter
1309 3710 1585 3769 utrumque

527 3773 722 3837 media,
755 3774 977 3840 confitere
1012 3781 1146 3826 tuum
1185 3792 1278 3827 non
1314 3794 1430 3831 esse.
1498 3781 1585 3831 Ita

526 3852 662 3900 enim
685 3851 896 3902 eludere
920 3861 1071 3917 parat
1097 3854 1346 3905 Chremes
1375 3870 1443 3906 ex
1465 3871 1586 3906 nec-

528 3927 740 3991 opinato
762 3926 1022 3991 objectum
1047 3928 1145 3980 sibi
1167 3930 1231 3980 ab
1253 3946 1416 3982 uxore
1435 3935 1585 3982 terri·

527 4005 892 4054 calamentum.
972 4004 1100 4055 Plus
1144 4014 1315 4057 autem
1359 4009 1586 4073 intelligi

528 4082 658 4141 vult,
678 4095 828 4144 quam
851 4079 1030 4130 dicere
1053 4081 1291 4133 videtur:
1328 4084 1382 4133 in
1404 4094 1592 4148 aperto·

529 4154 685 4218 enim,
720 4163 960 4220 tanquam
983 4169 1050 4206 ex
1076 4154 1423 4222 facilijnbere
1446 4160 1585 4210 vide·

530 4236 642 4296 πυτς
674 4230 894 4296 confitere
914 4236 1048 4282 tuum
1071 4247 1165 4283 aon
1193 4248 1322 4285 esse.-
1355 4236 1582 4300 quando·

1180 397 1185 404 ,
1222 342 1438 391 No‘rAE
1484 338 1883 392 VARIORUM
1934 343 2015 393 ΙΝ

1643 486 1849 551 quidem
1874 486 1925 536 id
1944 491 2115 536 movet
2135 484 2291 550 tilius,
2312 499 2448 551 auge
2468 488 2582 551 ejus
2595 483 2701 551 opi-³·

1644 563 1865 626 nionem,
1888 562 2138 613 confitere
2171 578 2237 613 ex
2270 571 2324 613 te
2348 577 2453 613 non
2479 579 2596 613 esse
2617 569 2702 614 nai

1645 647 1771 690 tum.
1838 641 2063 691 Occulte
2100 648 2293 702 antem,
2323 646 2382 689 ut
2422 639 2703 705 sequentia

1644 717 1855 780 docent,
1873 716 2185 767 contrarium
2214 715 2417 782 εἰρωνείᾳ
2459 725 2706 781 penetra·

1644 793 1734 844 bili
1774 794 2026 857 signatur.
2110 792 2393 855 Confitere,
2445 793 2492 842 si
2539 800 2712 857 potes,

1644 870 1802 920 filium
1834 878 1976 921 tunm
2013 886 2113 921 non
2149 886 2286 933 esse,
2307 872 2395 937 qui
2420 879 2478 920 te
2500 870 2732 935 ingenio·

1646 953 1700 995 et
1723 946 1943 997 moribus
1967 961 2202 1011 prorsum
2224 947 2403 997 refert.
2474 947 2712 1010 Cumque

1643 1022 1880 1073 Sostrata
1915 1022 1980 1071 ad
2019 1023 2093 1085 id,
2114 1022 2251 1088 quod
2287 1028 2403 1073 erat
2440 1021 2495 1070 in
2541 1019 2714 1071 verbis

1647 1100 1836 1163 potius,
1875 1114 2028 1164 quam
2069 1100 2134 1149 ad
2173 1099 2247 1161 id,
2285 1098 2422 1165 quod
2468 1099 2523 1148 in
2559 1113 2711 1149 sensu

1646 1176 1877 1239 suberat,
1931 1177 2268 1241 responderet
2318 1175 2714 1236 abominand03

1647 1253 1819 1317 pergit
1862 1253 2108 1303 Chremes
2143 1268 2288 1308 suam
2338 1252 2562 1302 ironiam
2603 1257 2719 1317 per-¹

1646 1329 1882 1387 tendere,
1901 1345 1962 1380 ac
1978 1328 2351 1394 interpretari:
2388 1329 2404 1356 ‘
2426 1327 2556 1392 quid
2572 1329 2592 1378 ?
2611 1337 2716 1378 me·⁸

1648 1407 1771 1470 tuis,
1807 1420 1872 1455 ne
1915 1420 2036 1468 non,
2076 1420 2194 1455 cnm
2240 1405 2386 1466 velis,
2432 1404 2715 1457 convincas

1647 1496 1763 1533 esse
1805 1482 1946 1532 illum
1994 1482 2191 1552 tuum?
2257 1481 2381 1548 qnid
2428 1495 2716 1546 repugnas,

1648 1561 1769 1625 quid
1788 1559 2133 1610 abominaris?
2157 1574 2259 1609 non
2276 1559 2439 1609 debes
2457 1566 2717 1621 metuere,

1649 1637 1851 1686 etiamsi
1888 1650 2023 1685 nunc
2058 1636 2224 1695 dicas,
2260 1649 2365 1685 non
2403 1649 2524 1684 esse
2555 1634 2721 1685 filiunt

1649 1720 1814 1774 tuum,
1837 1713 1957 1778 quin
1997 1719 2178 1776 postea
2213 1719 2409 1774 tamen,
2447 1726 2554 1775 quo
2588 1711 2718 1760 velis

1651 1798 1884 1854 tempore
1913 1790 2101 1854 probes
2125 1797 2180 1839 et
2202 1789 2481 1839 convincas
2506 1789 2715 1839 omnino

1650 1883 1763 1919 esse
1784 1867 1958 1917 tilium.
2024 1866 2209 1916 Potest
2238 1867 2373 1915 enim
2397 1873 2456 1916 et
2480 1867 2566 1916 hic
2587 1865 2714 1915 ferri

1650 1945 1841 1994 usitata
1897 1946 2084 1994 lectio.·
2168 1943 2378 2007 Excipit
2434 1943 2683 1992 Sostrata
2702 1963 2718 2006 ;

1651 2020 1773 2083 qnid
1805 2020 1879 2070 ita
1919 2020 2015 2069 hoc
2059 2019 2224 2068 dicis?
2275 2033 2341 2068 an
2381 2020 2396 2046 ‘
2420 2019 2564 2083 quod
2608 2016 2721 2068 filia'

1652 2104 1733 2145 est
1773 2096 2032 2146 inventa?
2085 2111 2201 2160 quae
2247 2095 2435 2159 probet
2482 2110 2570 2143 me
2614 2109 2716 2144 non

1652 2173 1882 2223 sterilem
1912 2172 2089 2234 fuisse,
2110 2186 2277 2236 neque
2306 2172 2439 2221 adeo
2471 2185 2614 2235 opus
2632 2172 2718 2220 ha·'

1657 2250 1843 2307 buisse,
1868 2257 1925 2300 ut
1956 2250 2022 2299 de
2055 2249 2393 2314 supponendo
2426 2264 2599 2313 puero
2630 2248 2720 2299 nn·¹

1655 2340 1808 2391 quam
1832 2327 2135 2390 cogitarem.
2170 2327 2416 2376 Sumatur
2440 2326 2582 2375 enim
2603 2341 2736 2376 sen--

1654 2416 1765 2464 sus,-
1794 2402 1881 2465 qui
1914 2410 1994 2451 est
2029 2401 2328 2461 simplicior,
2362 2403 2718 2467 Sostrataeque

1657 2479 1862 2542 ingenio
1876 2478 2324 2529 accommodatior.
2357 2480 2547 2529 Manet
2561 2469 2722 2529 Chre·-¹

1656 2569 1765 2605 mes
1800 2555 1853 2604 in
1892 2556 2083 2604 acerba
2128 2569 2216 2602 sna
2258 2554 2520 2616 irrisione,
2560 2564 2618 2604 et
2654 2554 2720 2603 ad

1658 2631 1771 2681 baec
1809 2631 1983 2681 uxoris
2029 2630 2182 2680 verba
2226 2630 2423 2682 refert:
2475 2645 2579 2681 non
2624 2632 2720 2681 hoc

1659 2707 1793 2770 dico,
1827 2708 1920 2757 sed
1960 2707 2097 2756 aliud
2135 2706 2324 2756 fortius
2357 2716 2721 2771 argumentum

1660 2783 1941 2847 probandas
1965 2781 2277 2845 γνησιάνητος
2291 2784 2343 2832 in
2363 2785 2542 2834 animo
2554 2786 2724 2848 volvo,

1660 2866 1715 2910 et
1752 2862 1769 2889 ‘
1795 2860 1931 2925 qnod
1970 2860 2131 2922 magis
2166 2860 2484 2910 eredendum
2515 2861 2637 2924 siet,
2658 2863 2722 2912 ob

1659 2937 1712 2987 id
1731 2938 1867 3002 quod
1886 2944 1969 2987 est
1991 2937 2273 2987 consimilis
2296 2938 2547 2988 moribus.
2588 2940 2723 2997 Nam

1659 3014 1735 3064 tui
1777 3014 1941 3078 probe
1983 3020 2062 3064 est
2094 3012 2271 3062 similis
2289 3013 2323 3073 ς’
2355 3014 2610 3078 quicquid
2645 3021 2724 3064 est

1659 3091 1711 3139 in
1745 3092 1859 3154 ipso
1899 3090 2031 3146 vitii,
2073 3090 2230 3139 etiam
2257 3090 2323 3138 ·in
2358 3095 2413 3139 te
2447 3090 2687 3141 cernitur
2701 3106 2726 3138 τ’

1660 3169 1819 3216 ‘nam
1844 3166 1918 3216 illi
1944 3166 2055 3216 vitii
2072 3165 2197 3214 nibil
2220 3173 2301 3216 est
2325 3166 2588 3230 relictum,
2605 3167 2725 3231 quin

1660 3245 1729 3294 sit
1751 3251 1806 3294 et
1828 3244 1966 3293 idem
1992 3242 2126 3293 tibi!
2158 3242 2236 3307 (Si
2259 3243 2383 3307 quid
2409 3243 2493 3293 hic
2520 3244 2729 3294 insititii

1657 3329 1760 3381 est,
1793 3322 1928 3369 lmnc
1964 3321 2147 3369 saltem
2180 3334 2383 3368 versum
2408 3319 2647 3383 credam,
2670 3327 2727 3370 ut

1653 3398 1893 3461 glossam,
1923 3395 2231 3459 adjectum.)
2286 3396 2429 3446 Hinc
2455 3412 2594 3462 ergo
2612 3405 2628 3428 ⁸
2650 3397 2730 3447 far-²

1657 3471 1757 3520 cile
1798 3471 2093 3532 convinces,
2134 3485 2201 3519 ex
2248 3477 2302 3520 te
2347 3484 2465 3520 esse
2505 3472 2725 3523 natum.’

1658 3551 1754 3600 Cui
1788 3557 1891 3599 tam
1923 3549 2189 3598 invidiosae
2213 3549 2609 3611 exprobrationi
2633 3549 2725 3599 im·

1656 3632 1902 3687 moratus,
1951 3624 2121 3675 denuo
2152 3623 2348 3675 infertz
2390 3624 2406 3651 ‘
2434 3631 2544 3673 tum
2589 3640 2724 3689 prae-

1657 3708 1799 3753 terea
1844 3701 2022 3763 talem,
2060 3700 2158 3750 nisi
2201 3708 2280 3763 tn,
2318 3701 2461 3750 nulla
2511 3705 2735 3766 pareret

1654 3777 1852 3829 filium.’
1913 3779 2100 3828 Talem.-
2140 3785 2248 3827 tam
2283 3778 2550 3842 vitiosum,
2591 3779 2726 3829 sicut

1655 3869 1814 3905 scena
1834 3868 1941 3918 seq.
1961 3854 2294 3904 describitur.
2342 3855 2608 3905 Boeclerus.

1727 3931 1970 3997 Confitere
1990 3935 2123 3980 tuum
2141 3944 2235 3980 non
2261 3932 2384 3995 esse]
2461 3932 2725 3981 Confitere

1658 4009 1834 4073 itaque
1855 4023 1971 4057 eum
1995 4022 2106 4056 esse
2130 4007 2477 4057 subdititium.
2533 4008 2730 4058 Fumo-³

1657 4085 1781 4134 bins.

1723 4161 1855 4211 Istuc
1910 4160 2117 4209 inimicis
2180 4158 2297 4222 siet]
2385 4159 2721 4224 Imprecatio.

1659 4237 1820 4292 ovid.
1876 4237 2186 4291 ‘Hostibus
2218 4235 2468 4289 eveniat.'
2535 4237 2724 4289 Horat.
