3035 4941
926 402 971 449 Τ
984 398 1262 448 ERENTI
1276 397 1300 444 1
1350 395 1453 444 AN
1467 394 1589 445 DR.
1638 394 1951 443 PROLOG.

331 549 450 600 binc
470 547 639 608 abeo,
655 545 747 596 nbi
770 550 827 596 et
848 551 903 596 te
923 552 979 596 et
1001 559 1085 594 me
1105 543 1262 593 etiam
1279 557 1393 592 mu-

313 627 443 676 —sico
467 630 622 674 cantu
652 623 1008 673 oblectavero.

462 741 550 791 An
585 742 900 791 PALLADEM
924 740 1265 791 ΜιΝΕιινΛΜ.

331 844 547 894 Cerebri
565 843 737 907 liquor
754 842 977 906 paterni,
1005 842 1178 891 Pallas
1195 840 1398 901 Attica,

332 920 509 971 Mollis
551 919 798 980 medulla,
837 931 1070 982 sanguen
1107 923 1162 967 et
1207 930 1394 966 succus

314 997 579 1129 Qtfgvriz’c
593 1073 768 1135 deam,
780 1086 877 1122 nec
897 1070 1161 1134 feminam,
1177 1076 1393 1146 matrem

310 1167 606 1292 ,Tetlgi’vffi
626 1227 810 1278 merito
833 1233 978 1278 vates
998 1225 1284 1291 sapientem
1309 1240 1393 1276 vo-

324 1312 612 1434 ngnolim
635 1388 891 1432 tumentes
909 1395 1025 1431 cum
1043 1379 1246 1431 videres
1264 1378 1389 1431 buc·

316 1461 645 1602 .Ni(t:i¹‹i:::3ue
681 1536 873 1586 ocellos
907 1535 1062 1586 nimio
1101 1534 1244 1585 tendi
1283 1535 1387 1599 spi-

330 1621 551 1743 Irzizui’n
575 1682 737 1740 undas
759 1689 938 1739 tibiam
963 1688 1267 1753 projeceris.

316 1767 382 1817 ,Ο
406 1766 729 1833 bene„qnod
770 1767 909 1817 illam
939 1766 1100 1831 nigris
1135 1780 1388 1817 merseras

501 1845 512 1856 ·
559 1846 570 1880 ι

314 1856 916 2010 flgglzuodxoluem
949 1935 1068 1973 esse
1099 1921 1292 1973 nullam
1324 1922 1387 1973 ti·

320 1999 556 2140 ·At¹:mqu:1i
610 2076 1121 2142 profimdo=sustulit
1164 2091 1389 2128 mersam

327 2156 573 2283 Πέῑῗέἔὲι
596 2232 689 2282 ille
709 2239 924 2283 consuta
946 2232 1066 2298 gula
1088 2233 1271 2307 emori,

326 2309 577 2358 Debebat
616 2309 707 2358 ille
748 2311 977 2374 Marsyae
1019 2308 1186 2359 satum
1210 2322 1386 2373 ¹suppu-

327 2394 607 2530 Sigana
631 2478 811 2514 arenas
834 2463 957 2515 tabo
973 2462 1201 2516 irrorans
1223 2462 1386 2515 visce-

330 2555 529 2668 Ρεῖἷὲἓῖ
550 2619 729 2669 boanti
751 2618 1033 2682 praebuisse
1055 2624 1322 2683 tympano,

331 2695 551 2785 Tantum
590 2697 679 2746 illa
717 2697 905 2747 Doctis
950 2695 1076 2746 tibia
1109 2695 1389 2745 concinnat

329 2774 700 2915 Saaetlitaque,
739 2864 770 2899 o
793 2849 984 2914 Pallas,
1014 2849 1154 2899 unici
1170 2831 1388 2912 germen

324 2928 713 3070 Ageffsserite,
725 3021 815 3056 vos
833 3005 1017 3069 perite,
1033 3003 1196 3055 tibiae.
1216 3002 1387 3053 Faber.

396 3087 518 3137 Tota
560 3084 756 3147 (ἔπει-α]
802 3083 894 3134 Nil
936 3083 1152 3134 attinuit
1195 3081 1391 3145 dicere,

320 3161 450 3224 tota,
471 3169 527 3212 et
548 3162 826 3212 delendum
850 3167 949 3225 est,
972 3168 1031 3211 ut
1052 3160 1194 3211 alibi.
1262 3159 1388 3209 Om-

330 3254 420 3289 nes
443 3240 581 3289 enim
601 3239 834 3289 Terentii
858 3238 1139 3296 Comoediae
1167 3243 1289 3287 sunt
1310 3244 1389 3287 to·

333 3325 400 3366 tae
421 3317 650 3381 Graecae,
680 3316 781 3366 imo
805 3322 931 3366 totae
952 3316 1171 3377 Atticae,
1208 3313 1261 3362 id
1291 3317 1390 3377 est,

329 3396 455 3445 nibil
493 3397 544 3444 in
566 3395 629 3444 iis
651 3410 718 3445 ex
740 3395 1116 3446 consuetudine
1143 3399 1198 3445 et
1233 3391 1388 3443 mori·

329 3473 425 3523 bns
458 3475 814 3523 ‘Romanorum
856 3474 1133 3528 admistum
1175 3472 1384 3522 videas:

325 3550 469 3612 (nam
489 3550 613 3599 olim
635 3549 825 3600 erravit
842 3550 1102 3613 Donatus,
1126 3550 1213 3614 qui
1233 3549 1390 3600 alicu-

330 3626 382 3676 bi
427 3628 529 3677 tale
572 3625 766 3691 aliquid
809 3626 910 3676 sibi
959 3624 1391 3676 animadvertisse

328 3705 468 3754 visus
500 3713 584 3755 est
603 3704 651 3769 ι)
680 3711 738 3754 at
785 3704 1048 3769 pleroeque
1080 3702 1259 3753 Plauti
1290 3704 1389 3752 Fa-

329 3782 486 3846 bulae,
515 3783 724 3833 etiamsi
747 3782 951 3832 Graeuae
989 3781 1094 3831 illae
1132 3786 1277 3843 sunt,
1312 3786 1391 3831 ta-

330 3871 449 3909 men
472 3866 601 3908 totae
624 3857 829 3907 Graecae
848 3872 951 3908 non
975 3863 1113 3906 sunt.
1151 3858 1305 3908 Idem.

395 3936 473 3985 M.
498 3934 750 3996 Marcello,
776 3934 835 3983 C.
859 3932 1074 3997 Sulpicio
1098 3934 1260 3997 Com]
1285 3933 1388 3985 Hic

328 4011 606 4062 dicebatur
646 4012 706 4062 C.
746 4010 1007 4075 Sulpicius
1052 4011 1254 4075 Gallus,
1305 4012 1391 4061 ille

328 4089 440 4152 ipse
484 4089 553 4138 de
590 4094 695 4153 q‘uo
734 4088 785 4136 in
827 4087 937 4137 vita
977 4088 1209 4138 Terentii
1251 4089 1391 4153 apud

328 4165 650 4216 Suetonium.
715 4164 816 4214 Ille
837 4172 892 4213 et
915 4164 1026 4228 ipse
1051 4172 1153 4227 est,
1187 4164 1254 4214 de
1287 4180 1390 4229 quo

332 4243 516 4292 Cicero
535 4244 589 4292 in
611 4243 798 4292 Bruto.
853 4242 1004 4294 Alter
1025 4242 1297 4292 dicebatur
1313 4243 1389 4292 Μ.

332 4318 409 4369 Cl.
435 4319 734 4372 Marcellus.
790 4318 1067 4388 Utriusque
1089 4319 1388 4371 consulatus

2341 325 2530 444 stow

1452 539 1654 590 'incidit
1683 540 1750 590 in
1780 552 1985 590 xannum
2029 535 2188 587 Urbis
2223 550 2525 590 mxxxvrt.

1454 620 1716 669 Ceterum
1749 618 1836 682 qni
1868 616 2000 666 banc
2024 615 2270 665 Fabulam
2308 617 2523 680 primam

1450 709 1581 744 -esse
1627 695 1766 743 inter
1808 692 2150 742 Terentianus
2192 700 2394 755 putant,
2442 696 2526 757 (et

1450 769 1544 820 ›sic
1598 769 1743 820 credi
1797 769 1863 818 ab
1918 768 2153 818 omnibus
2205 767 2402 832 videm)
2451 771 2525 819 illi

1452 845 1739 897 falluntur.
1817 844 2005 897 Annon
2031 846 2127 894 ‘ita
2171 846 2422 910 scriptum
2467 849 2519 896 in
2547 886 2560 897 .

1470 923 1698 987 Prologo
1755 922 1964 973 Andriae
2018 924 2135 973 est?
2216 923 2277 972 In
2314 924 2523 986 prologis

1464 999 1726 1049 wibundis
1780 1014 1969 1063 opernm
2019 998 2250 1049 abutitur.
2333 1000 2396 1049 Id
2450 1000 2523 1049 ita

1466 1083 1564 1128 est.
1627 1076 1860 1128 Abutitur
1896 1084 2087 1139 autem,
2120 1084 2178 1127 nt
2225 1091 2292 1126 ex
2327 1076 2522 1125 Plauto

1465 1162 1520 1205 et
1554 1155 1947 1208 Jurisconsultis
1976 1159 2203 1215 constat,
2232 1152 2357 1202 nihil
2381 1152 2519 1201 aliud

1463 1239 1564 1291 est,
1623 1247 1796 1298 quam,
1862 1231 2105 1281 muniit.
2194 1229 2298 1280 Qui
2347 1235 2520 1278 antem

1462 1316 1638 1375 potest
1663 1309 1812 1368 fieri,
1859 1315 1917 1357 ut
1963 1308 2015 1356 ia
2053 1306 2263 1369 prologis
2304 1305 2522 1354 scribun-

1458 1388 1540 1437 dis
1580 1401 1766 1451 operam
1801 1401 1932 1435 suam
1974 1385 2109 1434 abuti
2163 1382 2385 1444 dicatur,
2430 1384 2522 1447 qui

1386 1480 1393 1487 ·
1462 1466 1653 1516 nullam
1695 1470 1817 1514 ante
1854 1462 2172 1514 Comoediam
2217 1461 2522 1526 scripserit?

1462 1543 1670 1591 Falsum
1691 1542 1867 1605 itaque
1889 1547 1967 1590 est
1988 1539 2240 1590 Andriam
2265 1538 2405 1588 inter
2424 1538 2523 1589 Te.-

1461 1619 1724 1668 rentianas
1745 1617 1967 1667 Fabulas
1989 1615 2208 1681 primam
2231 1630 2364 1666 esse.
2430 1614 2524 1664 Nil

1461 1709 1562 1759 ego
1582 1695 1697 1745 istis
1720 1692 2033 1743 Didascaliis
2052 1691 2206 1741 facile
2240 1691 2419 1754 credo,
2451 1691 2521 1740 nil

1461 1771 1732 1832 Suetonio,
1754 1771 1825 1820 nil
1848 1769 2286 1820 Pseudo—Donato
2303 1774 2405 1829 3>at
2424 1768 2520 1817 Te·

1462 1849 1651 1906 rentio,
1692 1849 1795 1899 alia
1830 1863 1929 1898 res.
1994 1848 2081 1897 Illi
2114 1845 2246 1896 fides
2283 1846 2522 1908 debetur,

1462 1930 1608 1975 certe
1632 1925 1718 1975 ubi
1743 1925 1809 1975 de
1830 1940 1886 1974 se
1908 1924 2046 1988 agit;
2080 1937 2250 1988 neque
2272 1923 2411 1972 enim
2433 1922 2523 1974 de-

1463 2003 1570 2067 cipi
1595 2002 1800 2067 potuit;
1829 2002 1919 2051 aiii
1942 2007 2239 2065 potuerunt.
2307 1999 2410 2062 An,
2431 2014 2523 2063 pu-

1462 2085 1565 2142 tas,
1605 2080 1717 2143 ipse
1754 2081 1957 2130 diceret
1977 2093 2031 2127 se
2054 2080 2228 2143 plnres
2251 2078 2522 2140 scripsisse

1463 2157 1713 2220 Prologus
1730 2156 1818 2221 qui
1838 2155 2031 2206 nullam
2046 2155 2187 2219 prius
2204 2152 2521 2204 Comoediam

1463 2233 1742 2285 edidisset?
1776 2233 1950 2284 Faber.

1530 2312 1593 2361 In
1612 2312 1888 2373 Prologum.
1921 2310 2142 2361 Constat
2159 2307 2374 2359 senariis
2389 2307 2522 2357 Iam·

1464 2387 1597 2437 bicis
1638 2388 1747 2437 slve
1788 2388 2068 2439 trimetris:
2105 2386 2195 2438 ubi
2237 2388 2291 2436 in
2333 2390 2413 2435 ll.
2447 2398 2524 2434 vs.

1464 2465 1695 2517 Faernus
1718 2475 1774 2516 et
1795 2465 1876 2515 alii
1887 2464 1946 2514 τὸ
1964 2468 2245 2527 argumento
2262 2460 2523 2527 τρισυλλά-

1462 2547 1561 2601 βως
1601 2544 1799 2607 legunt,
1840 2543 1969 2593 eliso
2027 2558 2060 2592 u
2083 2555 2200 2606 -per
2221 2552 2524 2604 syncopen,

1456 2619 1706 2686 *Guyetus
1728 2620 2138 2685 transpositione
2171 2623 2321 2668 sanat
2337 2631 2523 2670 versum

1463 2698 1600 2749 sicut
1641 2706 1697 2748 et
1741 2699 1792 2747 in
1853 2702 1934 2748 15.
1968 2703 2189 2746 metrum
2248 2692 2519 2743 emendat:

1464 2776 1670 2841 qnando
1721 2775 1808 2825 alii
1862 2776 2085 2838 prImum
2142 2771 2331 2837 pedem
2386 2771 2522 2819 Bac·

1463 2856 1634 2906 chium
1668 2854 1923 2904 tolerantz
1957 2852 2009 2900 id
2045 2850 2133 2901 isti
2166 2874 2260 2902 υ-
2281 2871 2331 2899 -.
2398 2846 2527 2898 Pro·

1463 2933 1592 2997 logis
1646 2922 1972 2982 Terentianis
2012 2944 2115 2980 non
2159 2935 2242 2979 est
2290 2927 2525 2991 proposi-

1467 3017 1595 3071 tum,
1627 3012 1696 3058 ’ut
1741 3013 2099 3072 argumentum
2161 3004 2350 3054 fabulae
2411 3016 2526 3051 nar-

1462 3093 1632 3148 retur,
1667 3085 1757 3133 sed
1794 3091 1854 3133 ut.
1892 3083 2083 3148 partim
2123 3081 2299 3132 studia
2341 3079 2526 3130 Poeta!

1466 3164 1912 3225 commendentur,
1940 3162 2132 3226 partim
2156 3158 2526 3210 criminationi-

1463 3241 1560 3291 bus
1585 3239 2014 3299 adversariurum,
2035 3236 2088 3287 id
2110 3243 2213 3298 est,
2234 3233 2406 3284 Luscii
2427 3234 2528 3283 La-

1465 3318 1645 3367 nuvini
1670 3317 1779 3366 sive
1795 3314 1997 3366 Lavinii
2012 3310 2410 3377 respondeatur.
2453 3310 2529 3361 U·
2629 3327 2640 3340 Ἣ

1467 3400 1653 3458 traque
1687 3407 1769 3442 res
1808 3390 2056 3456 singulari
2095 3389 2278 3440 Poetae
2314 3388 2527 3452 ingenio

1467 3468 1794 3534 artificioque
1812 3468 2099 3532 peragitur.
2146 3465 2250 3516 Sed
2269 3465 2333 3515 de
2354 3466 2526 3527 priore

1468 3547 1649 3612 paucis
1672 3544 1927 3608 agendum
1951 3550 2098 3608 puto.
2164 3542 2390 3592 Multum
2414 3547 2529 3591 erat

1467 3622 1927 3676 commendationis
1969 3636 2034 3671 eo
2078 3627 2309 3683 tempore
2352 3618 2403 3667 in
2437 3632 2529 3667 no-

1467 3704 1605 3753 mine
1646 3708 1701 3750 et
1739 3699 1926 3751 studiis
1950 3698 2169 3749 Poetaez
2206 3699 2385 3761 itaque
2418 3695 2528 3745 Sci-

1468 3782 1647 3846 piones
1676 3779 1834 3830 etiam
1871 3785 1927 3828 et
1955 3777 2106 3827 Laelii
2139 3775 2402 3826 ducebant
2427 3773 2530 3823 sibi

1458 3858 1626 3921 -laudi,
1670 3858 1734 3920 si,
1776 3858 1909 3906 hanc
1955 3862 2118 3905 artem
2159 3867 2249 3902 eos
2289 3852 2528 3909 coluisse,

1470 3936 1677 4001 publice
1720 3938 2003 3984 constaret.
2071 3929 2213 3980 Hinc
2252 3935 2307 3978 et
2351 3927 2528 3976 statim

1467 4011 1741 4076 magnifice
1785 4009 1852 4059 ab
1896 4008 2048 4057 initio
2095 4004 2304 4056 auditur
2356 4002 2483 4051 illud
2510 4019 2525 4050 ε

1468 4088 1689 4151 Ῥοὲῐε,
1747 4100 1865 4136 cum
1921 4086 2141 4149 primum
2197 4081 2420 4131 animum
2460 4077 2528 4127 ad

1469 4164 1801 4215 scribendum
1838 4160 2095 4225 appulit3’
2129 4158 2358 4220 itemque
2398 4155 2529 4203 alte-

1469 4256 1616 4300 rum;
1648 4240 1663 4267 ‘
1683 4239 1744 4288 In
1780 4238 1858 4286 his
1889 4234 2059 4286 Poeta
2096 4247 2282 4282 nomen
2315 4229 2527 4294 profite-

1469 4324 1556 4371 tur
1572 4314 1758 4379 suum,'
1783 4328 1845 4367 ac
1874 4312 1986 4377 ejus
2014 4308 2219 4376 generis
2242 4308 2393 4374 plura
2418 4322 2431 4356 z
2468 4312 2524 4360 et
