3035 4941
733 371 1099 420 TERENTH
1150 370 1439 420 PHORM.
1480 371 1650 420 AGT.
1695 375 1746 422 1.
1792 374 1897 426 SC.
1946 377 2024 426 11.

280 515 500 605 proprie
538 513 691 568 ὥκιι.
775 515 1042 567 Μειιιίιιιιω
1080 516 1217 567 enim
1260 529 1350 568 eos

279 593 377 657 qni
398 605 490 642 nos
513 596 722 642 amant.
754 593 972 645 timentes
992 594 1152 644 etiam
1181 592 1350 644 inimi·

282 668 1359 719 eos.1dem·‘

352 746 501 796 Iliam
539 750 710 800 dacem
747 748 981 812 cupiebat,
1012 754 1063 799 et
1094 687 1355 812 metuebat]

285 823 426 873 vide
453 824 867 891 ambiguitatem,
889 840 1044 891 quam
1077 830 1249 875 tamen
1276 839 1354 875 se·

283 902 504 964 quentia
526 903 736 953 tollunt.
767 904 921 954 Idem.

354 984 421 1031 69
457 983 589 1046 Non,
607 984 651 1032 si
670 984 876 1034 redisset
904 986 1063 1047 pater,
1092 979 1138 1031 ei
1170 980 1356 1031 veniam

284 1057 449 1124 daret]
480 1061 628 1112 Bene
662 1062 954 1127 interrogat
988 1063 1204 1111 Davus:
1255 1060 1355 1109 hoc

286 1136 428 1185 enim
449 1139 653 1200 sperari
670 1140 713 1189 si
733 1143 926 1205 posset,
958 1150 1059 1187 non
1078 1150 1209 1201 opus
1240 1143 1357 1186 erat

288 1210 563 1263 fraudibus
586 1214 930 1267 Phor-minuis.
962 1213 1116 1263 Idem.

359 1288 490 1353 Noa,
510 1291 554 1338 si
573 1290 798 1355 redisset]
845 1291 922 1356 Si,
942 1305 1038 1356 pro
1062 1296 1357 1355 postquam.

287 1365 561 1430 Virgilius,
604 1367 914 1419 ‘Praeterea
954 1367 998 1417 si
1045 1381 1182 1417 nona
1218 1364 1358 1416 diem

286 1443 598 1494 mortalibus
620 1447 811 1497 almum
843 1444 1050 1496 Aurora
1071 1440 1359 1498 extulerit!

357 1601 423 1647 70
460 1598 610 1649 Illeae
624 1599 886 1650 indotatam
902 1597 1162 1662 virginem]
1182 1598 1361 1661 Ἔμφα-

283 1677 429 1726 ταῶς
446 1675 548 1739 ille,
568 1676 633 1726 de
652 1691 757 1742 quo
790 1677 1014 1740 dixerat,
1034 1676 1225 1725 desinas
1239 1691 1261 1732 ,-
1291 1675 1362 1724 sio

285 1757 363 1804 αι
383 1753 627 1815 ingenium
642 1770 661 1803 .·
686 1762 745 1803 et
766 1754 855 1819 qui
877 1757 1097 1818 propter
1118 1764 1266 1814 spem
1286 1751 1363 1800 lu·

286 1828 369 1879 cri
409 1828 687 1893 navigarat
729 1844 909 1880 senex.
991 1825 1361 1878 Insinuandum

288 1908 458 1971 igitur
477 1906 578 1958 fuit
601 1924 617 1959 ι
651 1910 738 1960 bic
759 1909 895 1960 enim
919 1908 1022 1959 erit
1043 1921 1197 1958 omne
1219 1908 1358 1972 peri-

291 1984 470 2034 culum
501 1982 712 2035 fabulae.
779 1985 850 2036 Et
882 1984 1065 2036 ordine
1087 1984 1359 2034 Terentius

289 2060 438 2125 prius
474 2059 761 2110 insinuavit
796 2076 1070 2125 personam
1103 2061 1262 2123 senis,
1300 2066 1360 2111 ut

289 2136 535 2201 graviora
556 2135 745 2187 fierent
762 2152 877 2204 quae
894 2136 1212 2189 dirimebant
1229 2151 1359 2201 nup-

288 2212 412 2264 tias.
428 2212 587 2262 idem.

356 2289 513 2356 ,Illene
542 2295 805 2344 indotatam
837 2292 1091 2356 virginum,
1122 2297 1265 2356 atque
1283 2292 1361 2356 ig·

288 2367 518 2434 nobilem]
550 2372 672 2421 Duo
714 2368 869 2427 dixit,
906 2375 962 2419 et
994 2369 1274 2433 indotatam,
1307 2376 1367 2419 et
1406 2380 1415 2384 ’

286 2447 571 2511 ignobilem.
632 2448 767 2499 Haec
805 2448 942 2497 enim
972 2447 1076 2497 duo
1099 2447 1363 2513 prIncipa-

291 2526 422 2577 liter
466 2532 718 2591 petuntur
745 2546 759 2590 ;
811 2540 930 2576 cum
989 2525 1098 2576 sint
1141 2533 1366 2592 quatuor

294 2618 413 2669 quae
460 2605 516 2655 in
560 2604 761 2669 sponsis
796 2612 1136 2669 quaeruntur3
1184 2601 1367 2669 forma,

293 2681 556 2747 probitas,
575 2681 986 2745 dos,-nobilitas.
1034 2683 1105 2732 Et
1126 2681 1364 2732 manifes-

294 2765 410 2809 tum
450 2767 551 2823 est,
587 2774 682 2809 cnr
715 2760 783 2809 de
818 2759 988 2809 forma
1013 2766 1072 2810 et
1097 2760 1366 2824 probitate

293 2834 426 2885 nibil
449 2834 634 2885 dicati
669 2835 864 2900 quippe
896 2842 1013 2886 cum
1046 2852 1206 2901 supra
1226 2852 1367 2902 mag-

292 2924 494 2976 nopere
517 2926 582 2961 ea
602 2912 894 2963 laudaverit
909 2913 961 2962 in
982 2914 1172 2977 puella.
1212 2914 1368 2966 Idem.

366 2988 458 3038 Ille
484 2990 749 3039 indotatam
766 2989 1005 3052 virginem
1018 2996 1159 3055 atque
1182 2991 1371 3054 ignobi-

294 3069 391 3117 lem
408 3069 549 3117 daret
567 3066 678 3116 illi?
707 3081 943 3130 nunquam
961 3065 1177 3131 faceret]
1208 3065 1367 3133 Apud

296 3144 551 3194 Plautum
574 3157 737 3194 senex
757 3144 824 3193 ad
845 3142 1029 3207 filium,
1049 3143 1278 3193 Trinum.
1299 3157 1366 3196 ιι.

294 3227 349 3273 2.
392 3220 476 3274 97.
544 3223 559 3251 ‘
582 3223 763 3285 Egone
804 3221 1096 3272 indotatam
1142 3227 1198 3271 te
1241 3236 1368 3272 uxo-

296 3314 411 3351 rem
429 3306 491 3350 ut
512 3298 687 3365 patiar
700 3297 738 3348 2²
774 3312 850 3348 sc.
872 3297 1084 3347 ducere.
1104 3296 1367 3349 Boeclerus.

372 3374 650 3443 Virginem]
706 3380 1028 3444 Simpliciter
1069 3379 1372 3444 accipimus,

295 3457 579 3520 οἰνςὶιιεῄιῖ
625 3471 689 3505 an
732 3455 1088 3519 subaudimus,
1127 3455 1373 3520 quamvis?

297 3540 368 3585 ut
389 3533 461 3583 sit
480 3533 694 3597 quamvis
719 3533 974 3596 virginem.
1017 3534 1275 3582 Donatus.

367 3616 439 3663 ⁷1⁷
466 3613 625 3663 Daret
656 3613 756 3678 illi]
792 3614 940 3664 Bono
979 3611 1178 3663 affectu
1212 3613 1372 3676 dixit,

296 3693 443 3741 daret
478 3690 590 3740 illi?
642 3689 802 3740 Filius
836 3691 973 3741 enim
1009 3688 1246 3753 familiae,
1268 3705 1373 3740 non

300 3773 416 3817 tam
445 3765 594 3816 ducit
615 3779 848 3829 uxorem,
884 3781 1035 3832 qnam
1060 3782 1091 3816 a
1113 3773 1264 3831 patre
1286 3782 1374 3816 ac·

248 3894 253 3897 ,
298 3843 473 3907 cipit:
510 3843 702 3907 quippe
723 3857 838 3892 cum
861 3843 1001 3906 patri
1025 3844 1376 3894 committatur

300 3921 486 3986 puella
517 3920 690 3983 potius
714 3919 764 3968 in
800 3919 1091 3983 hujusmodi
1120 3918 1374 3969 conditio-

299 3996 478 4060 nibus,
503 4010 655 4060 quam
679 3995 886 4044 marito.
920 3994 1070 4044 Idem.

376 4079 539 4128 Daret
578 4077 692 4127 illi?
733 4090 968 4140 nunquam
993 4075 1209 4141 faceret]
1237 4076 1376 4126 Ἀπο·

298 4155 536 4217 σιῶπησις
550 4153 807 4205 secunda:
830 4153 917 4204 hic
936 4153 1072 4202 enim
1088 4167 1190 4202 non
1214 4160 1378 4203 trans-

302 4237 351 4285 it
385 4233 451 4282 ad
475 4231 633 4290 aliud,
655 4230 747 4281 sed
782 4230 942 4280 instat
962 4231 1204 4294 incepto:
1238 4240 1297 4281 ut
1320 4226 1379 4281 e‘t

307 4324 409 4376 per
451 4309 912 4373 interrogationem
958 4307 1175 4372 diceret,
1219 4307 1378 4357 Daret

441 4391 620 4455 Delph.
633 4396 691 4445 et,
708 4390 823 4441 Var.
842 4390 973 4440 Clas.

1305 4387 1496 4438 Terent.

2318 356 2490 442 1617

1420 516 1533 567 intr
1579 523 1636 568 et
1678 532 1776 583 per
1821 513 2208 585 responsionem
2252 521 2493 589 inferret,

1420 595 1882 658 uunquamfaoeret.
1907 598 1976 647 Et
1993 604 2115 648 nota
2125 614 2378 664 numquam
2395 615 2491 664 pro

1420 685 1536 733 aon,
1560 672 1613 721 in
1635 673 1885 738 majorem
1909 676 2199 739 negationis
2230 676 2494 742 significa·

1423 747 1619 798 tionem
1643 749 1767 813 poni
1790 765 2014 815 semper.
2051 752 2205 804 Idem.

1488 825 1649 876 Daret
1670 826 1767 891 illi]
1799 827 1938 878 Mire
1958 832 2138 879 daret·
2118 866 2132 879 .
2170 837 2231 880 ut
2251 831 2488 883 ostende-

1423 908 1508 954 ret
1528 903 1658 953 nibil
1673 919 1790 955 esse
1813 907 2090 969 potestatis
2113 907 2168 958 in
2190 907 2316 959 filio.
2338 909 2491 961 Idem.

1494 982 1627 1038 Quid
1652 981 1727 1047 fit
1739 982 1960 1048 deaque]
1994 984 2147 1034 More
2176 1000 2270 1036 suo
2294 986 2491 1036 Teren-

1428 1059 1532 1109 tina
1546 1059 1747 1122 denique
1767 1060 1942 1124 posuit
1963 1060 2015 1109 in
2041 1060 2144 1111 fine
2165 1076 2362 1113 sensus.
2423 1065 2494 1115 Et

1428 1142 1510 1186 est
1529 1135 1832 1185 adverbium
1856 1137 2068 1186 ordinis.
2131 1138 2218 1188 Sic
2240 1140 2292 1187 in
2317 1139 2492 1190 Heau-

1432 1213 1888 1276 tontimorumeno,
1918 1213 1936 1243 ‘
1955 1213 2172 1277 Fodere,
2204 1222 2295 1265 aut
2327 1231 2496 1282 arare,

1431 1294 1526 1338 aut
1554 1288 1749 1354 aliquid
1796 1288 1975 1340 facere
2014 1289 2276 1355 denique!
2324 1299 2383 1341 ut
2426 1293 2496 1344 sit

1430 1364 1646 1493 dmm,
1656 1364 1741 1414 vel
1756 1363 1968 1430 deinde,
1979 1366 2063 1417 vel
2076 1366 2142 1417 ad
2155 1373 2493 1452 postremum.

1502 1520 1636 1578 Quid
1662 1521 1789 1588 fiat]
1823 1523 2009 1588 Deest,
2046 1524 2275 1587 rogitas?
2316 1534 2373 1577 et
2417 1534 2499 1579 est

1432 1596 1754 1668 ‘voa-dmen-
1773 1605 1976 1665 quarta.
2009 1600 2163 1651 Idem.

1499 1680 1566 1726 72
1605 1676 1702 1726 Est
1734 1677 1976 1741 parasitus
2014 1679 2209 1741 quidam
2246 1679 2499 1744 Phormio]

1435 1754 1684 1817 Phormio,
1699 1768 1801 1803 non
1818 1751 2103 1812 afer-mula,
2125 1754 2217 1806 sed
2242 1757 2500 1821 phormio-

1435 1844 1504 1879 ne
1529 1830 1725 1880 dicitur
1756 1837 1987 1895 sparteo,
2009 1846 2163 1897 quem
2187 1848 2282 1883 nos
2314 1850 2498 1885 eronem

1436 1906 1652 1957 dicimus
1677 1907 1957 1958 trivialiter
1978 1915 2036 1959 et
2051 1923 2148 1975 pro
2169 1911 2500 1962 consuetudi-

1434 1999 1522 2034 ne.
1554 1985 1707 2035 Idem.

1497 2064 1563 2111 73
1598 2062 1759 2111 Homo
1792 2061 2054 2128 confidens]
2104 2062 2261 2113 Homo
2300 2064 2500 2115 comice

1435 2137 1704 2189 additumz
1739 2153 1857 2188 nam
1900 2140 2015 2205 quis
2052 2139 2260 2204 ignoret
2301 2142 2498 2206 parasi-

1437 2221 1547 2265 tum
1569 2215 1830 2265 hominem
1854 2215 2009 2266 esse?
2040 2218 2193 2269 Idem.

1504 2292 1779 2359 ConfidensJ
1799 2292 1903 2344 Hic
1924 2293 2175 2359 confidens,
2199 2308 2293 2358 pro
2312 2294 2510 2359 improq

1438 2370 1526 2433 bo,
1565 2369 1770 2435 audaci,
1803 2386 1865 2421 ac
1903 2372 2177 2423 temerario
2212 2376 2408 2437 posuit.
2429 2379 2505 2437 ut,

1440 2448 1456 2476 ‘
1476 2447 1526 2498 Ο
1549 2446 1812 2513 ingentem
1831 2446 2199 2500 confidentiam
2217 2448 2251 2501 l’
2283 2450 2438 2503 Idem.

1505 2525 1665 2575 Homo
1684 2526 1942 2592 confidens]
1976 2527 2195 2593 Cicero:
2232 2535 2248 2557 ‘
2272 2529 2382 2581 Qui
2401 2527 2504 2578 for·

1441 2603 1508 2655 tis
1526 2610 1627 2666 est,
1650 2603 1787 2653 idem
1801 2608 1885 2653 est
1899 2602 2065 2655 fidens
2085 2620 2099 2654 ε
2123 2606 2365 2671 quoniam
2379 2621 2503 2657 con-

1439 2680 1608 2730 fidens
1631 2681 1766 2729 mala
1788 2681 2168 2731 cousuetudine
2189 2682 2434 2747 loquendi
2449 2683 2504 2732 in

1439 2758 1569 2808 vitio
1593 2757 1837 2820 ponitur:
1869 2757 2081 2808 ductum
2099 2759 2311 2808 verbum
2336 2774 2367 2808 a
2382 2774 2506 2809 con-

1439 2833 1672 2898 fidendo,
1689 2832 1826 2899 quod
1844 2832 2012 2891 laudis
2028 2832 2148 2882 est!
2168 2835 2301 2886 Mer.
2321 2835 2505 2886 Casan·

1510 2992 1627 3055 Qui,
1648 2989 1807 3053 illum]
1844 2989 1962 3054 Qui,
1985 2990 2184 3039 utinam
2202 2996 2302 3040 est.
2323 2997 2381 3041 ut
2402 2991 2505 3043 Lu·
2582 3031 2588 3036 .

1442 3067 1593 3118 cilius
1637 3067 1690 3116 in
1727 3066 1977 3130 secundo,
2007 3065 2145 3118 ‘Qui
2184 3071 2239 3116 te
2268 3067 2508 3116 Momen-

1442 3152 1563 3197 tane
1581 3147 1765 3196 malum
1778 3145 1892 3210 jam
1906 3150 2104 3196 caetera
2118 3144 2344 3208 perdat!
2377 3144 2507 3210 Aut,

1440 3224 1458 3253 ‘
1475 3212 1588 3275 Qtii‘
1602 3223 1699 3272 hoc
1722 3223 2013 3285 consilium,
2034 3221 2174 3286 quod
2203 3221 2396 3287 dicam,
2417 3222 2507 3273 de-

1442 3298 1557 3350 dit!
1589 3300 1829 3349 Donatus.

1513 3378 1633 3441 Qui,
1663 3378 1798 3427 illum
1833 3376 1924 3427 DI
1938 3390 2097 3426 omnes
2123 3374 2374 3441 perduint]
2412 3377 2511 3434 Qui

1445 3462 1504 3506 ut
1538 3455 1878 3519 expletivum,
1917 3460 2009 3503 aut
2049 3467 2371 3517 pronomen:
2406 3468 2511 3519 quo

1446 3534 1699 3597 incipiens
1764 3531 2131 3582 Phormionem
2191 3530 2512 3593 describere,

1447 3609 1712 3661 cohorruit
1753 3607 2168 3659 consideratione
2197 3606 2327 3672 ejus,
2365 3615 2421 3657 et
2458 3608 2511 3658 in

1445 3688 1579 3736 hanc
1615 3700 1815 3749 vocem,
1855 3683 2001 3750 quasi
2036 3684 2281 3734 confusus
2317 3686 2512 3748 erupit.

1446 3765 1549 3813 hoc
1583 3770 1758 3813 autem
1779 3772 1981 3814 certum
2003 3777 2165 3828 genus
2188 3767 2269 3813 est
2293 3759 2513 3826 παρενθέ-

1448 3856 1586 3892 σεως.
1617 3841 1767 3890 Idem·

1514 3923 1581 3970 74
1617 3918 1747 3976 Quid
1766 3918 1813 3967 is
1829 3916 1979 3980 fecit]
2012 3915 2261 3965 Servatur
2294 3913 2514 3964 affectus

1451 3997 1614 4047 tristis
1657 3996 1889 4046 hominis.
1936 4001 1996 4043 ut
2031 4007 2190 4056 supra
2232 3992 2324 4056 ait,

1453 4074 1574 4139 quid
1599 4081 1656 4124 ιιι
1679 4088 1734 4124 es
1759 4072 1956 4123 tristis?
1988 4072 2140 4120 Idem.

1520 4152 1652 4208 Quid
1671 4151 1713 4200 is
1735 4152 1863 4212 fecit
1876 4148 1927 4213 1²]
1962 4148 2205 4199 Correxit
2227 4146 2512 4211 interroga-

1453 4227 1595 4279 tione
1619 4236 1877 4278 errantem
1905 4241 1918 4274 :
1957 4233 2016 4275 ιιι
2039 4224 2234 4274 rediret
2264 4224 2328 4273 ad
2353 4224 2512 4273 norni-

1452 4307 1683 4356 nativum
1699 4321 1875 4356 casum
1890 4303 1992 4368 qui,
2009 4302 2146 4351 unde
2162 4302 2500 4353 aberraverat
2531 4358 2544 4364 ,

2267 4383 2384 4432 5‘1(

2370 3992 2512 4041 ‘Sed
2599 4060 2602 4061 7
