3035 4941
543 376 718 443 1314

547 538 691 604 poris
732 537 972 591 videatur
1012 540 1353 600 assumptum.
1451 531 1606 583 Unde

547 613 772 665 efficitur
792 615 1076 666 consolatio
1107 629 1138 664 a
1162 611 1459 677 Clitiphone
1481 610 1606 660 ami-

548 706 633 753 co,
665 706 780 741 cum
802 692 952 756 dicit,
992 691 1008 719 ‘
1028 690 1172 741 Nihil
1209 688 1345 756 quod
1384 688 1607 739 videaris

543 765 656 818 esse
671 768 943 829 sollicitus,
956 765 1348 832 haudquaquam
1365 763 1609 827 cessant:

542 845 641 894 hoc
661 850 765 908 est,
784 859 885 894 nou
908 842 1189 902 diutissime
1212 840 1438 891 tardant.
1500 839 1609 889 Ve-

541 934 657 970 rum
678 935 795 970 cum
817 920 955 969 intus
988 917 1215 983 positum
1237 916 1456 966 Cliniam
1479 915 1605 965 allo·

541 1003 694 1046 cutus
737 1002 897 1058 esset,
933 994 1161 1058 Clitipho
1199 992 1485 1057 egreditur,
1520 1006 1609 1055 pa·

541 1078 677 1121 trem
720 1072 993 1136 prospicit,
1017 1071 1085 1120 ·ei
1128 1069 1455 1121 commendat
1495 1067 1607 1118 offi-

541 1148 681 1199 cium
702 1163 871 1210 suum,
894 1161 960 1196 ne
983 1147 1222 1197 videatur
1254 1147 1432 1197 nescio
1454 1160 1607 1210 quem

540 1224 984 1275 adolescentulum
1017 1224 1300 1289 recepisse,
1325 1229 1384 1273 ut
1417 1222 1607 1272 merito

453 1346 469 1362 Ἰ.
538 1303 639 1353 hoc
661 1301 896 1353 effecisse
930 1303 1182 1364 declaret.
1246 1301 1418 1352 Sumit
1448 1300 1609 1364 igitur

540 1379 831 1440 exordium,
855 1378 990 1444 quod
1024 1377 1370 1439 commendat,
1405 1376 1609 1426 adoles·

540 1461 744 1524 centem
781 1455 879 1505 sibi
924 1454 1051 1505 olim
1091 1454 1203 1519 jam
1237 1451 1398 1503 fuisse
1430 1450 1607 1516 cogui-

539 1539 668 1594 tum,
689 1547 751 1581 ac
772 1546 830 1581 se
854 1536 1090 1582 coactum
1122 1529 1370 1593 amicitia,
1391 1542 1509 1579 eum
1532 1542 1608 1578 re·

537 1610 769 1674 cepisse.
827 1609 948 1660 ideo
998 1608 1215 1673 adjecit,
1260 1607 1278 1636 ‘
1304 1608 1439 1658 Nam
1480 1606 1622 1668 mihi„

539 1699 654 1735 cum
691 1700 754 1735 eo
778 1700 964 1748 magna
994 1699 1059 1736 ex
1092 1684 1320 1748 pueritia
1341 1681 1609 1733 familiari·

538 1760 657 1812 tas.'
691 1763 1017 1827 Eagmpaiu.

603 1838 746 1888 Nihil
765 1839 916 1888 adhuc
937 1844 1013 1889 est
1040 1841 1165 1903 qaod
1193 1852 1382 1888 vereare
1406 1837 1606 1888 Clinia:

533 1918 886 1983 haudquaquam
906 1919 1052 1969 etium
1071 1918 1278 1992 cessent]
1301 1919 1501 1968 Versus
1521 1925 1605 1969 est

535 1997 825 2048 trochaicus
868 2003 1177 2048 tetrameter
1216 1998 1601 2049 acatalecticus.

535 2073 776 2126 Fa‘e‘mas.

599 2151 743 2201 Nihil
778 2151 955 2215 adhuc]
1010 2150 1164 2201 Intus
1209 2149 1449 2201 relictum
1493 2148 1601 2200 Cli-

532 2225 669 2276 niam
704 2228 986 2292 alloquitur
1010 2227 1258 2291 Clitipho,
1299 2227 1353 2276 in
1391 2240 1603 2291 prosce-

530 2303 673 2353 nium
695 2303 989 2367 egrediens.
1031 2301 1318 2353 Farnabtm.

598 2379 822 2442 Cessent]
856 2380 1015 2444 Syrus
1052 2386 1109 2428 et
1144 2379 1339 2427 Dromo
1373 2376 1510 2426 servi
1545 2376 1601 2426 iu

530 2453 714 2505 urbem
757 2456 898 2506 missi
935 2455 1001 2506 ad
1045 2453 1410 2506 accersendam
1446 2451 1598 2505 Anti-

530 2531 757 2594 philam=
784 2532 991 2582 videtur
1011 2532 1132 2581 hinc
1157 2546 1316 2582 scena
1337 2531 1391 2581 in
1413 2531 1601 2581 subur-

528 2606 666 2656 bano
704 2610 1008 2666 constituta,
1042 2623 1145 2672 quo
1183 2609 1499 2659 accersenda
1529 2623 1598 2659 ex

528 2683 664 2733 urbe
687 2682 972 2748 Antiphila.
1005 2684 1156 2735 Ideni.

597 2760 668 2809 Et
704 2759 838 2809 iliam
875 2762 1017 2810 daia
1051 2776 1156 2811 cum
1189 2761 1358 2811 antio
1392 2760 1485 2811 tibi
1521 2761 1599 2810 hic

527 2849 616 2898 ego
647 2837 926 2897 affuturum
961 2830 1098 2888 hodie
1130 2837 1250 2901 seio]
1282 2839 1472 2887 Versus
1511 2838 1597 2887 hic

526 2926 717 2964 novem
750 2914 938 2978 pedum
969 2922 1079 2966 est:
1114 2915 1202 2981 qui
1237 2916 1285 2965 si
1317 2930 1385 2965 ex
1410 2930 1472 2966 eo
1504 2916 1595 2966 de·

526 3004 639 3040 mas
679 3006 965 3056 pronomen
1002 3007 1107 3055 ego,
1145 2992 1285 3057 quod
1327 3006 1497 3058 neque
1541 2993 1596 3041 in

526 3068 660 3120 libro
676 3069 934 3120 Bembiuo
955 3076 1056 3134 est,
1070 3083 1236 3135 neque
1259 3069 1314 3118 in
1332 3067 1595 3133 plerisque

526 3145 662 3208 aliis,
689 3146 854 3196 adhuc
894 3153 1063 3196 tamen
1106 3150 1342 3194 remanet
1375 3144 1596 3208 impedi-

527 3226 634 3285 tus,
668 3223 763 3271 nisi
797 3222 890 3272 tibi
921 3222 974 3271 in
1008 3235 1163 3272 uuam
1196 3221 1448 3284 syllabam
1471 3235 1597 3270 cou-

530 3298 722 3359 trahas,
764 3306 842 3356 et,
884 3297 1021 3362 quod
1056 3296 1377 3362 frequentius
1418 3304 1519 3360 est,
1539 3298 1594 3346 iu

528 3371 759 3423 dictione
779 3375 913 3425 illata
937 3374 1105 3438 prima
1125 3374 1441 3439 corripiatur
1465 3375 1595 3425 eliso

529 3462 633 3497 uuo
650 3449 687 3500 l.
702 3450 799 3498 hoc
815 3449 969 3499 modo
986 3463 1163 3499 versus
1177 3449 1281 3499 erit
1295 3449 1593 3500 octonarius

529 3523 800 3575 iambicus.
838 3526 1075 3577 Fu'e'rntts.

591 3606 622 3650 8
663 3603 813 3651 Proin
841 3608 896 3653 tu
927 3600 1299 3654 sollicitudinem
1326 3605 1470 3655 istam
1488 3606 1595 3666 sal·

520 3691 641 3741 sam,
655 3693 761 3742 quoe
777 3684 824 3729 te
843 3679 1087 3729 excruciat
1106 3681 1322 3744 omittas]
1343 3681 1593 3748 Plerique

524 3754 561 3803 l.
580 3771 621 3804 s.
643 3757 780 3805 iuter
799 3771 925 3821 quos
943 3756 1457 3819 Bembiuus,habent
1479 3760 1592 3809 mit·

522 3834 633 3889 ἐπες
666 3831 742 3881 ita
775 3845 953 3882 versus
985 3840 1069 3883 est
1106 3834 1399 3885 trochaicus
1432 3843 1591 3886 tetra-

522 3916 691 3958 meter
707 3909 1100 3974 acatalecticus,
1133 3915 1191 3960 ut
1220 3909 1415 3974 primus
1436 3912 1592 3975 hujus

524 3998 710 4035 scenae.
751 3985 985 4036 Fuiirnus.

587 4065 621 4112 4
658 4061 757 4119 Qui
809 4077 915 4111 eum
967 4062 1177 4128 loquatur
1215 4063 1380 4129 filius]
1443 4066 1588 4116 Satis

521 4151 711 4202 magna
739 4144 855 4189 erat
894 4153 1072 4201 causa,
1110 4154 1225 4204 quae
1262 4139 1589 4192 Chremetem

525 4215 592 4264 ad
613 4215 857 4266 convivas
892 4222 1258 4283 properantem
1287 4223 1592 4268 moraretur.

523 4291 815 4357 argumenti
852 4294 987 4344 enim
1024 4294 1302 4360 intererat,
1339 4294 1461 4346 sciri
1500 4297 1590 4346 ad-

1242 388 1461 439 ⁸0⁹1·AE
1509 388 1912 440 vammum
1960 386 2043 438 IN

1679 538 1890 584 ventum
1914 533 2116 597 Cliniae,
2139 537 2415 601 antequam
2438 532 2740 599 ingredere-

1679 618 1782 661 tur.
1810 612 1986 677 itaque
2008 612 2261 678 Clitipho,
2281 605 2339 662 ut
2358 611 2459 661 hoc
2477 612 2746 661 nuntiaret

1680 688 1749 746 ei,
1771 703 2008 752 egressus
2029 698 2162 752 erat,
2185 703 2351 754 neque
2384 688 2559 751 potuit
2581 689 2748 752 negli-

1680 776 1804 827 gere
1819 766 2139 816 occasionem
2157 767 2422 827 Chremes,
2441 765 2564 830 quin
2579 764 2745 815 filium

1678 842 1777 892 hoc
1809 845 2047 907 exemplo
2080 843 2146 893 ad
2174 843 2422 893 virtutem
2445 842 2749 892 cohortare-

1681 924 1801 968 turt
1834 920 2055 969 aliorum
2080 919 2279 970 scilicet
2314 918 2468 968 rebus
2489 917 2750 983 intentus,

1679 1011 1886 1047 suarum
1925 998 2107 1049 sedulo
2139 999 2368 1062 ignarus.
2401 997 2542 1065 quod
2575 997 2749 1061 ipsum

1680 1082 1762 1125 est
1781 1073 2083 1137 οἰκονομικόν.
2117 1073 2279 1141 quid?
2312 1075 2454 1139 quod
2484 1080 2610 1124 ante
2645 1089 2750 1123 coe·

1678 1165 1796 1201 nam
1830 1151 2000 1201 omnia
2036 1152 2124 1201 illa
2158 1152 2266 1214 geri
2305 1151 2592 1213 debebant,
2629 1166 2750 1215 qnae

1678 1231 1851 1276 actum
1896 1241 1961 1277 11.
2002 1225 2348 1277 constituunt.
2396 1242 2514 1291 quae
2564 1240 2754 1285 morae,

1678 1302 1899 1364 seilicet,
1938 1303 2212 1367 plurimum
2250 1303 2485 1367 rationis,
2504 1302 2752 1368 adeoque

1676 1379 2008 1429 necessitatis
2038 1380 2250 1430 habent.
2286 1395 2386 1445 quo
2408 1381 2549 1430 enim
2573 1377 2756 1430 differ·

1678 1464 1862 1508 rentur
1880 1458 2011 1508 ista?
2046 1457 2309 1510 Baetem.

1746 1534 1845 1591 Qui
1864 1549 1971 1583 crim
1990 1533 2369 1599 loquiturfilius]
2401 1533 2604 1583 Versus
2645 1539 2756 1583 tro·

1678 1607 1890 1660 cbaicus
1903 1610 2126 1660 dimeter
2139 1609 2494 1661 catalecticus.
2504 1610 2758 1661 Faernus.

1742 1691 1776 1736 6
1811 1687 1941 1744 Quid
1976 1686 2072 1750 at]
2104 1688 2354 1754 Plerique
2392 1684 2505 1736 fere
2542 1701 2592 1736 o.
2632 1687 2674 1737 1.
2716 1701 2759 1735 s.

1678 1762 1871 1813 habeut
1884 1763 2001 1827 qaid
2018 1765 2072 1813 ia
2107 1768 2196 1825 est,
2216 1771 2278 1814 ut
2302 1763 2434 1813 ratio
2459 1777 2647 1813 versus
2675 1778 2758 1813 re·

1679 1839 1858 1902 quirit.
1889 1840 1965 1890 ita
1994 1841 2130 1890 enim
2153 1839 2468 1890 ordinandus
2508 1847 2594 1890 est
2635 1855 2758 1891 ver·

1678 1929 1784 1976 sus,
1821 1916 1907 1981 qui
1945 1922 2028 1966 est
2060 1916 2372 1977 trochaicus,
2407 1916 2758 1979 quemadmo-

1676 1992 1799 2041 dum
1822 1992 1876 2042 in
1898 1992 2032 2043 libro
2065 1993 2324 2042 Bembiuo
2356 2001 2457 2042 est.
2493 1999 2555 2042 ut
2581 1994 2760 2043 dictio

1672 2069 1815 2133 probe
1855 2084 1973 2120 eum
2023 2069 2173 2120 finiat
2231 2070 2329 2119 hoc
2370 2068 2568 2120 modo:
2644 2071 2759 2122 Cn.

1679 2146 1813 2202 Quia
1827 2147 2002 2197 idest?
2025 2147 2119 2197 Cr..
2141 2147 2266 2196 hunc
2283 2147 2626 2196 Menedemum
2647 2162 2760 2197 nes-

1673 2225 1751 2273 tin
1771 2231 1983 2275 neuram
2003 2225 2246 2275 uicinum?
2291 2226 2397 2275 Cn.
2432 2223 2599 2287 probe.
2638 2225 2729 2275 Id.

1739 2302 2083 2353 Aduenientem
2137 2317 2164 2352 c
2206 2300 2344 2365 navi]
2415 2301 2764 2353 Adventoria

1675 2392 1823 2430 coena
1856 2380 2046 2429 amicos
2078 2394 2299 2444 peregre
2337 2379 2629 2430 redeuutes
2668 2396 2765 2430 ex-

1675 2456 1853 2522 cipere
1875 2457 2033 2508 moris
2065 2464 2199 2509 erat.
2232 2456 2467 2507 Martial.
2508 2456 2694 2521 Epist.
2726 2458 2763 2510 l.

1673 2548 1775 2585 xtt.
1818 2541 1833 2565 ‘
1857 2536 1931 2586 Ut
1971 2532 2394 2585 familiarissimas
2432 2532 2560 2582 mihi
2597 2548 2761 2584 aures

1673 2618 1788 2662 tuas
1811 2613 2106 2676 acciperem
2143 2609 2451 2661 adventoria
2464 2609 2500 2662 ι’
2532 2615 2593 2660 et.
2636 2626 2762 2676 quas

1678 2703 1769 2738 nos
1790 2688 1883 2739 ibi.
1918 2688 1986 2738 de
2023 2688 2157 2736 libro
2194 2693 2441 2753 tanquam
2466 2700 2630 2736 coena
2667 2687 2761 2737 ad-

1672 2765 1913 2816 ventoria
1966 2766 2194 2827 locutus,
2248 2777 2401 2828 quam
2464 2761 2768 2827 vovebant,

1672 2856 1824 2907 quam
1843 2856 1908 2892 ex
1927 2848 2049 2891 voto
2064 2839 2336 2891 solvebant
2355 2855 2369 2890 z
2394 2839 2586 2904 passim
2609 2840 2762 2906 apud

1675 2917 1974 2980 Horatium,
1994 2918 2315 2980 Martialem,
2335 2916 2480 2967 alios.
2532 2917 2763 2968 Fama.

1738 2999 1771 3044 9
1804 2996 2005 3045 Adduxi
2027 2996 2090 3043 cd
2111 2993 2297 3056 cenarit]
2339 2994 2497 3043 Liber
2532 2995 2763 3046 Bembi-

1672 3083 1768 3119 uus
1811 3077 1867 3120 et
1908 3069 2147 3136 plerique
2192 3070 2279 3120 alii
2323 3068 2543 3120 abduxit
2581 3073 2764 3136 prima

1673 3144 2031 3212 autem'huJus
2064 3161 2245 3196 versus
2279 3147 2478 3212 syllaba
2512 3149 2765 3210 pertinet

1673 3221 1739 3271 ad
1761 3223 2166 3287 proecedentem,
2182 3228 2240 3272 nt
2257 3222 2341 3271 hic
2358 3221 2427 3270 sit
2444 3225 2762 3274 octonarius

1671 3297 1942 3360 iambicus,
1961 3304 2021 3347 ut
2043 3297 2229 3347 ceteri.
2275 3296 2514 3348 Faernus.

1740 3378 1801 3424 1⁰
1842 3373 2143 3438 Voluptatem
2168 3372 2415 3437 onmem]
2452 3374 2571 3424 scit
2613 3376 2761 3425 enim

1672 3450 1940 3513 Chremes,
1993 3451 2333 3501 vehementer
2378 3456 2585 3514 patrem
2637 3466 2762 3502 esse

1670 3528 1968 3579 sollicitum.
2035 3527 2190 3580 Quod
2226 3528 2374 3578 audit
2407 3541 2537 3592 ergo
2569 3542 2761 3579 rever-

1670 3622 1782 3657 sum
1826 3605 2397 3670 adolescentem,‘dicit
2434 3606 2536 3655 sibi
2569 3613 2760 3657 natam

1671 3698 1908 3747 magnam
1946 3683 2290 3746 voluptatem.
2358 3682 2614 3747 Denique
2659 3683 2758 3733 hu-

1663 3760 1755 3824 jus
1794 3759 2077 3822 voluptatis
2117 3773 2327 3809 causam
2360 3759 2414 3808 in
2449 3760 2630 3809 anino
2665 3762 2761 3810 ha·

1673 3836 1818 3899 bens,
1840 3835 2149 3901 subjunxitz
2178 3836 2195 3863 ‘
2218 3828 2389 3887 Quam
2415 3835 2604 3885 vellem
2635 3837 2757 3887 Me-

1670 3911 1943 3962 nedemum
1961 3911 2239 3962 invitatum
2262 3911 2506 3976 amplius,
2527 3920 2587 3962 ut
2609 3913 2754 3965 hauc

1668 3988 1909 4039 laetitiam
1953 4001 2053 4038 nec
2091 3987 2329 4053 opinanti
2366 3987 2514 4052 prius
2548 3988 2756 4054 objice-

1668 4078 1779 4115 rem
1802 4064 1943 4115 domi
1960 4064 1994 4114 l'
2039 4065 2130 4115 Uti
2159 4078 2265 4114 uon
2302 4064 2618 4128 suspicanti,
2639 4056 2755 4117 am-

1668 4142 1804 4206 plius
1837 4143 1996 4193 etiam
2024 4157 2177 4208 quam
2212 4149 2411 4206 speret,
2442 4140 2578 4193 hauc
2611 4143 2753 4193 larti-

1668 4218 1794 4270 tiam
1819 4219 1960 4269 domi
1984 4219 2260 4283 objiceret.
2294 4219 2624 4282 Eae-raphiae.

1730 4293 2397 4360 smmfmsmaiartm.
2448 4295 2556 4346 cn.
2578 4248 2750 4358 „unp-⁸
