3035 4941
664 404 1031 454 TERENTH
1080 406 1408 454 Annum-1.
1455 405 1622 455 Ac’r.
1673 408 1771 456 lv.
1819 406 1921 457 Se.
1971 410 2048 457 11.

283 548 387 598 laba
407 547 657 598 redundat
678 565 694 610 ς
718 549 838 615 'sed,
859 551 967 600 dixi
993 551 1318 615 saepius,vah‚

285 632 334 674 et
366 625 475 675 aliae
511 626 763 689 ejusmodi
802 627 1208 691 interjectiones,
1233 642 1319 675 ex·

284 701 616 763 clamationes,
640 710 788 752 extra
807 710 1027 754 metrum
1059 703 1319 754 interdum

283 785 550 828 censentur.
582 780 756 830 Foloer.

338 857 394 902 17
430 856 608 918 Culleo]
638 856 839 906 Callide
862 856 990 907 scio.
1024 857 1263 924 Donatus.
1312 899 1317 906 .

284 954 292 964 ·
341 935 398 980 18
432 934 712 992 Cumservit
732 933 975 998 maxume]
998 936 1181 999 Tertia
1201 948 1319 983 cou-

276 1007 524 1071 jugatione
558 1008 709 1072 dixit,
732 1010 867 1059 unde
887 1009 1083 1070 fervere
1113 1009 1321 1074 dicitur,

281 1090 508 1146 correpta
525 1085 692 1134 media
715 1084 932 1149 syllaba.
969 1087 1118 1136 Idem.

338 1159 519 1222 Fervit]
566 1161 672 1211 Ira.
707 1177 823 1226 quae
859 1162 1097 1213 ebullitio
1131 1161 1321 1211 dicitur

282 1236 528 1298 sanguinis
552 1237 691 1287 circa
712 1252 814 1287 cor.
852 1238 1136 1287 Far-nobiae.
1176 1289 1179 1292 ,

341 1311 441 1367 Quo
488 1313 646 1376 modo]
699 1315 940 1370 Miratur,
998 1313 1117 1378 quia
1172 1313 1324 1363 timet

280 1403 401 1452 eum,
420 1406 571 1456 quem
595 1392 692 1441 iste
713 1391 1017 1442 contemnit.
1051 1391 1292 1441 Donatus.

278 1499 285 1504 ·
339 1470 398 1515 19
426 1467 693 1517 Laudarier
706 1474 752 1518 te
767 1469 901 1518 audit
921 1468 1143 1532 libenter]
1169 1467 1321 1520 Quod

281 1555 308 1589 a
327 1542 521 1593 Demea
551 1543 761 1607 dicitur,
788 1545 841 1594 in
873 1559 1050 1595 omues
1078 1552 1323 1609 parentes

278 1616 370 1668 dici
395 1627 533 1683 puta,
570 1636 688 1670 nam
728 1634 879 1671 nemo
912 1629 1017 1671 tam
1058 1635 1212 1685 asper
1242 1628 1325 1671 est

279 1700 437 1758 pater,
459 1703 518 1747 ut
537 1712 643 1746 non
659 1697 834 1748 statim
852 1698 1090 1792 mitescat
1111 1698 1324 1798 laudato

278 1767 393 1822 filio.
426 1772 576 1823 Idem.

337 1847 475 1896 Facio
498 1855 546 1899 te
567 1850 694 1912 opud
713 1850 846 1899 illum
867 1849 1029 1913 deum]
1064 1849 1326 1902 Laudibus

277 1927 329 1972 te
346 1923 409 1973 ad
432 1927 616 1974 coeium
641 1941 802 1992 usque
825 1927 1041 1977 extollo.
1085 1928 1328 1977 Socrates

276 2000 405 2063 apud
430 2002 745 2054 Platonem
731 2019 785 2053 m
805 2004 1065 2053 Menone:
1092 2003 1154 2052 οἱ
1171 2002 1329 2052 Λάκω-

280 2092 360 2132 νες,
375 2075 485 2127 ὅταν
497 2078 604 2128 τινὰ
615 2080 965 2144 ἐγκωμιάζουσιν
977 2081 1156 2142 ἀγαθὸν
1169 2080 1329 2146 ἄνδρα,

278 2155 403 2218 θεῖοι,
422 2156 585 2222 φασιν,
603 2156 718 2221 ἀνὴρ
735 2154 886 2209 οὗτος.
914 2159 1198 2209 Farnobius.

335 2234 397 2280 20
438 2233 655 2284 Virtutes
687 2235 856 2298 norro]
908 2235 1028 2284 Non
1066 2234 1194 2285 dicit
1227 2235 1330 2284 ele·

278 2314 474 2371 gentem
499 2310 748 2374 indolem,
769 2311 861 2361 sed
884 2312 1101 2361 virtutes.
1164 2311 1330 2362 Virtu-

277 2389 341 2434 tes
362 2393 528 2437 autem
557 2396 681 2438 sunt
704 2386 925 2453 perfecti
952 2389 1223 2452 sapientis,
1247 2388 1330 2438 vel

281 2461 376 2513 divi
401 2465 640 2528 alicujus.
724 2465 796 2515 Et
818 2465 952 2516 bene
975 2480 1093 2516 cum
1117 2473 1329 2529 stupore

277 2542 549 2605 respondet
563 2549 730 2593 meas?
762 2543 1044 2594 ostendens
1059 2542 1197 2608 quod
1215 2542 1331 2593 nul-

278 2614 336 2664 1ae
358 2624 550 2667 essent.
588 2619 827 2668 Βοηαιιιι.

340 2692 429 2742 (ΣΤ.
461 2692 647 2744 Meas?
697 2694 793 2744 SY.
827 2693 959 2756 tuas]
1009 2693 1141 2744 Cum
1180 2700 1332 2759 gestu

280 2770 607 2830 pronuntiare
628 2769 893 2834 debemus,
923 2776 984 2820 ut
1005 2769 1332 2835 intelligatur

280 2841 455 2895 irrisio.
491 2847 643 2896 Idem.
718 2892 719 2897 ,

276 2952 281 2955 v
338 2920 588 2973 Lacrumoe
610 2922 807 2987 cudunt]
845 2922 999 2981 Hom.
1030 2922 1097 2973 11.
1123 2936 1203 2973 vt.
1237 2930 1334 2972 Aa·

280 2998 431 3061 κρυόεν
479 2997 751 3062 γελάσασα.
841 3000 1084 3064 Xenoph.
1142 3001 1336 3050 Rerum

281 3073 573 3127 Graecarum
594 3090 697 3128 vn.
733 3076 898 3127 Κοινόν
924 3094 974 3125 τι
994 3076 1084 3141 ἄρα
1109 3076 1238 3137 λύω-η
1259 3076 1338 3127 καὶ

279 3149 442 3217 δάκρυά
460 3153 579 3204 ἐστι.
618 3155 895 3219 Lacrymas
918 3155 970 3203 in
993 3154 1195 3217 angulis
1217 3169 1337 3204 ocu-

280 3228 440 3281 lorum
463 3246 521 3281 se
555 3232 851 3294 ostendere,
888 3246 1228 3295 prorumpere
1260 3240 1338 3282 ta·-

280 3316 392 3355 men
414 3322 482 3357 ex
503 3308 837 3371 spiramentis
870 3307 1090 3370 duobuS,
1127 3321 1338 3370 quorum
1408 3340 1413 3347 -

281 3393 429 3433 unum
450 3385 592 3435 sitin
615 3384 884 3449 superiore
906 3398 1056 3449 gena,
1086 3383 1139 3434 in
1160 3381 1338 3433 iuferi-

283 3472 368 3525 ore
392 3462 653 3525 alterum,
702 3468 975 3511 autumant
1018 3461 1338 3524 Philosophi.

282 3536 567 3604 lacrymas,
581 3553 648 3588 ex
669 3539 745 3588 ira
758 3540 842 3588 vel
863 3538 1079 3596 tristitia
1095 3552 1190 3602 per
1206 3535 1339 3587 infe-

285 3612 386 3662 rius
406 3628 644 3670 manare,
666 3615 790 3677 qnia
810 3614 981 3664 cordis
1016 3627 1081 3664 ea
1110 3621 1231 3663 sunt
1254 3626 1339 3663 ac-

278 3688 538 3751 'cidentin
574 3693 677 3742 alia
698 3705 814 3757 quae
838 3691 1035 3741 ratione
1059 3688 1343 3754 profluunt,

284 3777 378 3829 per
428 3769 672 3832 superins
699 3777 913 3830 'meare,
957 3766 1080 3830 quia
1123 3770 1344 3815 eventus

287 3853 436 3893 causa
458 3843 528 3893 sit
550 3844 617 3894 de
643 3842 880 3894 cerebro·
946 3840 1345 3905 coe1.Rhodig.

280 3916 370 3968 lib.
395 3933 502 3970 xn.
525 3935 573 3970 c.
594 3925 644 3969 4.
680 3914 967 3969 Γαιηιαὸἰιιι.
1012 3970 1015 3975 ,

276 4022 291 4030 ·
347 4000 408 4047 21
468 3997 641 4053 Quasi
676 4011 839 4061 puero,
891 3994 1093 4059 gaudio]
1158 3996 1347 4059 Deest,

282 4088 414 4135 proe:
446 4080 509 4123 nt
533 4075 620 4137 sit,
638 4074 945 4138 proegaudio.
982 4075 1255 4123 Donatus.

276 4186 281 4189 -
350 4149 517 4212 Lupus
560 4152 612 4200 ιἰι
639 4150 836 4213 subula]
886 4148 1091 4199 Silentii
1131 4147 1350 4198 indictio

289 4224 439 4274 estin
461 4226 562 4275 hoc
587 4226 892 4290 proverbio=
917 4232 1072 4291 atque
1095 4222 1351 4289 ejusmodi

282 4300 515 4364 silentio,
541 4302 620 4351 vel
642 4301 694 4367 in
718 4300 833 4365 ipso
856 4300 1034 4364 verbo,
1054 4307 1115 4353 ut
1137 4301 1259 4365 ipsa
1274 4296 1350 4348 fa·

2231 479 2238 484 ‚
2285 393 2458 461 1459

1392 550 1514 600 bula
1539 552 1873 602 conticescat.
1906 552 2044 605 Quia
2067 553 2245 618 lupum
2270 552 2459 604 vidisse

1392 628 1625 678 homiues
1649 628 1887 690 dicimus,
1911 628 2000 692 qui
2038 636 2254 693 repente
2277 629 2456 680 obmu-

1394 703 1627 753 tuerintz
1675 703 1811 767 quod
1850 702 1964 753 fere
1997 704 2058 754 iis
2099 705 2294 769 evenit,
2331 721 2458 771 qnos

1314 823 1317 828 .
1394 781 1538 845 prior
1557 781 1750 830 viderit
1782 782 1969 845 lupus:
2018 790 2077 832 ut
2110 797 2227 833 cum
2261 784 2458 847 cogita-

1396 858 1540 907 tione
1562 858 1615 908 in
1650 872 1752 923 qua
1783 852 2195 921 suerint,‘etiam
2235 873 2367 909 voce
2403 867 2461 910 et

1395 934 1570 984 verbis
1608 941 1838 985 careant.
1904 935 1991 987 Sic
2031 935 2370 998 Theocritus,
2405 937 2461 986 οὔ

1396 1010 1575 1078 φθέγξῃ
1596 1029 1611 1072 3
1632 1011 1781 1061 λύκον
1799 1009 1932 1062 εἶδες.
1999 1014 2070 1062 Et
2086 1013 2273 1075 Virgil-
2307 1014 2460 1066 ‘Vox

1396 1103 1603 1153 quoque
1640 1089 1829 1137 Moerin
1864 1088 1983 1138 Jam
2020 1086 2158 1151 fugit
2194 1090 2325 1152 ipsa,
2351 1088 2463 1151 lupi

1397 1165 1590 1214 Moerin
1624 1165 1801 1215 videre
1834 1165 2073 1229 priores.'
2134 1164 2241 1214 Alii
2276 1172 2465 1229 putant

1399 1256 1465 1292 ex
1507 1241 1769 1292 nutricum
1814 1240 2002 1291 fabulis
2044 1248 2239 1305 natum,
2276 1257 2464 1305 pueros

1397 1319 1772 1369 ludificantium
1812 1327 2014 1369 terrore
2052 1319 2180 1382 lupi,
2215 1319 2465 1382 paulatim

1400 1413 1427 1445 e
1451 1411 1613 1446 cavea
1635 1396 1891 1446 venientis
1914 1409 2076 1460 usque
2100 1394 2164 1443 ad
2188 1394 2345 1443 limen
2378 1409 2466 1443 cu-

1400 1474 1578 1523 biculi.
1615 1474 1747 1522 Nam
1771 1470 1959 1522 falsum
1984 1477 2064 1521 est
2088 1469 2224 1535 quod
2250 1470 2466 1533 dicitur,

1399 1547 1743 1598 intervenisse
1764 1547 1944 1612 lupum
1974 1547 2245 1597 Naevianae
2268 1545 2466 1598 fabula

1401 1626 1658 1688 alimoniae
1699 1624 1850 1673 Remi
1884 1630 1942 1673 et
1980 1623 2211 1687 Romuli,
2247 1624 2370 1674 dum
2414 1625 2470 1674 in

1403 1702 1604 1750 theatro
1626 1704 1889 1764 ageretur.
1927 1700 2078 1749 Idem.

1466 1778 1630 1841 Lupus
1666 1777 1718 1825 ιἰι
1743 1776 1941 1839 fabula]
1989 1776 2203 1826 Silentii
2249 1775 2468 1828 indictio

1403 1855 1607 1919 quoties
1645 1852 1933 1902 intervenit
1968 1852 2012 1900 is
2048 1850 2115 1900 de
2155 1866 2258 1916 quo
2295 1851 2470 1906 fuerat

1403 1930 1617 1979 mentio.
1658 1929 1814 1978 Plato
1857 1928 1910 1977 in
1956 1927 2199 1977 Phaedro.
2267 1927 2470 1988 Λέγεται

1403 2007 1539 2067 γοῦν,
1561 2003 1597 2054 ὦ
1618 2006 1805 2069 Φαῖδρε,
1833 2003 2007 2053 δίκαιον
2043 2001 2175 2065 εἶναι,
2199 2002 2278 2052 καὶ
2296 2003 2356 2052 τὸ
2384 2005 2471 2056 τοῦ

1404 2081 1553 2132 λύκου
1604 2080 1767 2131 εἰπεῖν.
1835 2081 2213 2131 obmutescere
2268 2077 2492 2145 qnippe‘

1406 2158 1663 2209 creditum
1705 2165 1835 2221 'quos
1880 2156 2023 2220 prior
2069 2156 2256 2206 viderit
2300 2157 2475 2221 lupus.

1405 2235 1526 2284 vide
1547 2250 1662 2300 quae
1683 2248 1777 2284 nos
1811 2233 1877 2283 ad
1910 2234 2091 2297 Eclog.
2129 2246 2210 2283 lx.
2233 2234 2468 2298 Virgilii:

1404 2313 1560 2361 ‘Vox
1584 2324 1789 2376 qnoque
1813 2309 2004 2359 Moerin
2035 2309 2156 2360 Jam
2178 2308 2314 2374 fugit
2335 2311 2472 2376 ipsa,

1406 2388 1515 2452 lupi
1549 2387 1742 2438 Moerin
1780 2385 1959 2436 videre
1999 2386 2217 2450 priores.
2219 2385 2235 2409 '
2285 2387 2471 2436 Fama

1406 2466 1528 2517 bins.

1471 2547 1538 2593 22
1570 2543 1708 2606 Fuge
1735 2544 1873 2592 modo
1906 2542 2060 2606 intro]
2107 2543 2229 2594 Non
2266 2542 2400 2594 dixit
2433 2544 2472 2605 i,

1406 2620 1493 2668 vel
1513 2619 1611 2675 abi,
1634 2619 1717 2669 vel
1736 2622 1885 2669 vade:
1934 2619 2026 2669 sed
2052 2618 2198 2682 fuge,
2223 2626 2371 2671 tanta
2391 2634 2474 2670 ce-

1408 2696 1618 2746 leritate
1643 2711 1772 2760 opus
1790 2702 1889 2745 est.
1922 2697 2164 2746 Donatus.

1475 2777 1540 2823 23
1573 2772 1635 2822 Si
1667 2771 1783 2836 qaid
1802 2772 2012 2836 rogabit,
2039 2788 2269 2837 nusquam
2300 2780 2356 2825 ιιι
2377 2775 2476 2837 ms]

1411 2851 1611 2912 Magna
1628 2850 1824 2899 virtute
1840 2850 2115 2900 Terentius
2133 2851 2337 2915 rudem,
2357 2852 2477 2901 sime

1412 2927 1624 2991 plicem,
1667 2925 2006 2991 timidumque
2046 2926 2251 2976 inducit
2307 2926 2477 2979 Ctesi.

1412 3002 1640 3068 phonem
1671 3001 1738 3051 ab
1761 3001 1939 3051 initio:
1979 3009 2039 3052 ut
2062 3000 2330 3065 is.sit„qui
2352 3016 2473 3053 mox

1412 3079 1800 3145 opprimeretur
1823 3093 1940 3129 cum
1972 3077 2248 3128 meretrice
2270 3092 2474 3141 accum-

1413 3158 1543 3207 bens
1565 3157 1864 3205 interventu
1887 3154 2068 3219 patris,
2087 3152 2155 3203 ob
2179 3153 2479 3217 impruden·

1416 3233 1545 3282 tiam
1563 3245 1626 3280 ac
1649 3224 1997 3279 rusticitatem
2020 3242 2180 3278 suam.
2213 3229 2368 3278 Idem.

1483 3311 1731 3373 Nusquam
1769 3314 1823 3357 tu
1858 3308 1955 3371 me]
2005 3306 2128 3357 Seii.
2165 3306 2359 3357 vidisse
2396 3319 2476 3356 re·

1415 3386 1689 3451 spondeas.
1745 3383 2029 3434 Familiaris
2051 3381 2259 3445 ἔλλειψις
2280 3387 2335 3433 et
2355 3387 2482 3445 apta

1416 3460 1738 3527 properanti.
1762 3474 1920 3525 quare
1953 3460 2068 3509 haec
2098 3458 2266 3509 omnia
2303 3471 2482 3521 pressa

1415 3552 1546 3591 voce
1601 3552 1720 3588 cum
1767 3535 2038 3586 celeritate
2091 3534 2484 3598 pronuncianda

1418 3618 1556 3662 sunt.
1591 3612 1741 3662 Idem.
2377 3650 2380 3653 ,

1408 3708 1419 3719 ·
1482 3690 1751 3740 sennan.
1816 3686 2092 3738 Trochaici
2120 3686 2375 3737 octonarii
2397 3699 2483 3736 ea·

1418 3762 1654 3815 talectici
1678 3768 1819 3813 sunt.
1851 3777 1929 3812 vs.
1961 3767 2011 3811 3.
2038 3763 2163 3813 Mss.
2184 3761 2351 3811 nostri
2374 3775 2482 3811 om-

1414 3854 1529 3904 nes,
1540 3846 1600 3889 ut
1611 3837 1887 3888 edidimus.
1906 3851 1980 3886 vs.
1996 3843 2045 3888 5.
2058 3837 2187 3887 duo:
2201 3837 2484 3886 discernere.

1420 3931 1586 3966 unus:
1610 3915 1767 3964 nescio
1787 3928 1883 3977 pro
1904 3927 2094 3976 nequeo.
2126 3927 2202 3963 vs.
2224 3916 2303 3963 12.
2322 3925 2481 3963 nnus:

1409 4007 1508 4055 ego
1528 3992 1649 4042 istrie
1670 3990 1826 4040 hodie.
1851 3990 2015 4038 alter:
2049 4004 2135 4050 ego
2171 3988 2308 4040 hodie
2341 3989 2485 4039 istuc.

1412 4083 1503 4133 ys.
1528 4072 1608 4118 13.
1627 4079 1803 4117 omnes
1820 4062 2275 4124 omittunt-rojam.
2309 4079 2382 4113 vs.
2401 4068 2485 4116 14.

1425 4159 1589 4194 unns:
1624 4148 1763 4201 tum5
1799 4141 1950 4203 alter,
1970 4140 2156 4189 tuntum
2190 4152 2282 4203 pro
2308 4143 2485 4188 tamen.

1424 4236 1501 4272 vs.
1541 4196 1620 4270 17.
1651 4230 1828 4281 omnes
1850 4215 2126 4278 omittunt,
2139 4215 2258 4280 Ιιεηι.
2309 4227 2381 4263 vs.
2404 4217 2486 4267 22.

1426 4296 1564 4357 duo.
1617 4294 1865 4361 prodiisse.
1912 4306 2121 4344 omnes:
2164 4289 2354 4353 sactum
2395 4295 2487 4340 est.
