3035 4941
223 2710 230 2729 ,
294 2676 740 2728 contradictionis.

759 448 1123 498 TERENTH
1169 448 1449 498 PHORM.
1497 447 1664 498 AOT.
1710 448 1788 499 11.
1834 447 1936 500 SC.
1987 450 2036 494 1.

304 597 417 660 sim,
457 602 514 647 ut
551 594 816 660 Demipho
856 608 958 644 non
992 592 1187 644 audiat.
1223 593 1350 643 Mer.

308 674 624 723 casaubonus.

302 759 303 764 ’
367 755 431 800 30
474 751 638 814 Ipsum
656 748 809 813 gestio
830 749 961 814 dari]
984 749 1208 799 Verbum
1228 747 1355 810 dari,

301 844 368 880 ex
389 828 645 879 Bembino
668 835 723 878 et
747 826 1004 891 aliquibus
1041 819 1163 875 aliis
1188 824 1353 883 libris,

299 919 403 954 non
424 905 541 955 huic
565 903 754 966 versui,
777 903 866 953 sed
891 901 1241 966 subsequenti·
1262 915 1351 963 ap-

298 982 585 1047 plicamus:
618 982 716 1031 hoe
739 980 909 1043 modo,
947 979 963 1007 ‘
982 978 1112 1028 Dari
1147 976 1271 1027 mihi
1299 978 1351 1025 in

298 1057 636 1124 conspectum
664 1074 678 1108 t
744 1073 882 1108 nuuc
935 1072 1028 1106 sua
1079 1057 1236 1120 culpa
1291 1065 1351 1107 ut

298 1136 465 1187 sciat!
507 1136 558 1185 in
580 1135 729 1200 cujus
748 1135 1031 1198 scansione,
1054 1134 1172 1183 mihi
1194 1141 1247 1183 et
1262 1149 1350 1184 sua

230 1215 241 1224 “
300 1215 351 1263 iu
371 1228 523 1264 uuam
542 1214 786 1278 syllabam
811 1213 1201 1262 contrahuntur.
1236 1212 1314 1261 Id.

312 1325 317 1328 -
368 1291 559 1356 Gestio]
577 1290 704 1340 Plus
715 1288 891 1353 gestio,
914 1304 1066 1354 quam
1088 1290 1204 1337 uolo.
1241 1290 1347 1339 Do-

300 1375 473 1417 natus.

362 1448 425 1494 31
460 1443 590 1494 Dari
630 1443 747 1494 milri
787 1443 841 1493 in
880 1442 1192 1507 conspectum]
1228 1443 1348 1493 Non

297 1520 429 1571 dixit
471 1521 648 1583 venire,
689 1526 746 1570 ut
781 1519 972 1569 filium:
1008 1519 1099 1569 sed
1131 1519 1256 1620 dari,
1290 1527 1348 1568 ut

299 1612 461 1648 reum.
498 1598 648 1647 Idem.
686 1600 694 1606 ’

361 1678 424 1724 32
466 1675 638 1724 Lenem
674 1680 861 1739 patrem
901 1673 1056 1737 illum]
1111 1674 1161 1725 Ο
1185 1673 1345 1724 artifi-

296 1752 432 1803 cium
456 1751 623 1815 poetae
651 1754 663 1800 !
697 1753 749 1801 in
770 1754 940 1802 media
966 1753 1125 1817 patris
1148 1753 1345 1803 saevitia

296 1830 609 1879 mentionem
636 1831 868 1881 lenitatis
891 1831 1131 1881 induxit:
1167 1838 1225 1879 ut
1266 1845 1343 1880 os-

297 1906 480 1956 tendat
503 1920 653 1971 quam
678 1905 831 1957 facile
853 1907 1049 1971 placari
1070 1907 1251 1971 possit.
1267 1909 1344 1956 Id.

303 2007 311 2013 ·
359 1983 534 2032 Lenem
559 1988 743 2046 patrem
772 1984 924 2042 illum,
946 1984 1138 2043 saeuam
1157 1999 1230 2033 me
1250 1999 1347 2034 esse

293 2059 593 2124 aceri-inmun]
630 2060 772 2110 Nota
794 2058 1048 2110 antenor.
1084 2075 1185 2110 non
1209 2061 1345 2109 enim

295 2136 401 2184 leui¹
423 2136 779 2200 asperrimum,
799 2136 890 2185 sed
906 2137 1208 2185 acerrimum
1231 2136 1344 2185 red·

295 2212 451 2274 didit,
465 2211 757 2263 et'mutavit
773 2213 1007 2277 gradum,
1023 2214 1245 2276 positivo
1262 2229 1343 2263 su·

295 2288 601 2354 perlativum
625 2303 909 2354 opponens.
942 2289 1093 2339 Idem.

358 2366 534 2416 Lenem
579 2371 763 2429 putrem
799 2366 951 2428 illum,
984 2366 1196 2431 saelum]
1256 2367 1344 2417 Sic

293 2441 478 2508 virgil.
531 2443 548 2470 ⁴
573 2443 833 2495 Quantum
874 2450 1099 2494 mutatus
1143 2444 1207 2494 ab
1255 2444 1344 2497 ilio

295 2517 768 2571 Hectore!’1dem.

357 2601 422 2646 33
455 2597 610 2661 Atqui
628 2596 1101 2663 nihilfecitfflutrue]
1133 2600 1344 2651 Summa

781 2685 835 2727 et
866 2692 968 2727 non
1005 2679 1156 2741 dixit,
1176 2681 1348 2729 leniter·

286 2754 526 2817 peccarit:
560 2754 955 2816 sed,nih1'lfecit.
993 2756 1043 2804 N
1049 2758 1343 2821 eque‚quod

293 2832 494 2896 punias,
510 2831 618 2894 sed,
631 2831 768 2895 quod
786 2845 1111 2882 succenseas:
1138 2831 1190 2881 id
1207 2833 1343 2898 quod

289 2909 600 2959 levissimum
621 2915 719 2956 est.
754 2908 902 2956 Idem.

302 3006 309 3011 ·
357 2990 421 3036 34
459 2987 578 3036 Ecce
597 2992 754 3034 autem
785 2985 960 3034 similia
996 2985 1175 3049 omnia]
1221 2987 1347 3038 Eece

197 3107 206 3123 ,
289 3067 464 3124 autem,
494 3076 593 3110 vox
615 3068 696 3110 est
720 3070 840 3124 apta
861 3060 961 3123 bis,
998 3077 1111 3125 quae
1131 3078 1266 3112 nova
1289 3070 1345 3113 et

291 3139 568 3204 improvise
590 3139 758 3187 animo
794 3138 1052 3189 accidunt.
1116 3140 1204 3189 Sic
1227 3142 1343 3189 Vir-

290 3217 461 3287 gilius,
481 3216 497 3243 ‘
516 3217 657 3265 Ecce*
673 3216 845 3265 autem
863 3214 1053 3278 gemini
1075 3230 1105 3265 a
1126 3216 1343 3267 Tenedo

291 3292 567 3356 tranquilla
587 3305 681 3355 per
703 3291 841 3340 alta.’
875 3290 1026 3341 Idm.

301 3375 308 3389 ³
354 3370 547 3420 Similia
601 3369 754 3417 omnia
775 3384 792 3417 .-
857 3382 1015 3417 omnes
1060 3338 1353 3436 congruunt]

288 3449 439 3499 More
472 3446 854 3503 stomachantis,
886 3447 1044 3495 omnia
1078 3454 1134 3495 et
1167 3462 1340 3504 omues,

288 3524 355 3574 de
390 3524 466 3573 his
497 3524 628 3574 dicit
662 3516 777 3590 quae
802 3522 865 3571 ad
890 3521 1019 3572 duos
1058 3523 1339 3587 pertinent.

286 3601 439 3650 Idem.

357 3679 532 3728 Omnes
565 3678 848 3741 congruunt]
913 3677 1116 3728 Similes
1149 3677 1343 3728 habent

285 3754 432 3807 labra
452 3756 702 3805 lactucas.
736 3755 961 3818 Dignum
984 3755 1178 3820 patella
1192 3768 1340 3818 oper·

287 3834 481 3886 culum.
518 3833 647 3881 Mer.
673 3832 985 3882 Casaubomae.
1076 3860 1095 3883 .·

298 3950 307 3957 ,
328 3914 416 3959 ’35
458 3910 617 3959 Unum
632 3909 866 3970 cognoris,
878 3924 1033 3958 omnes
1051 3911 1203 3974 noris]
1235 3912 1339 3961 Ite·

286 4003 405 4053 rum
416 4000 523 4053 ‘non
536 3987 668 4041 duos,
684 3985 774 4033 sed
791 3998 963 4035 omnes.
986 3992 1040 4035 et
1058 3989 1219 4051 varie,
1230 4004 1339 4051 cog-

284 4067 436 4129 noris,
459 4065 604 4113 noris.
633 4064 894 4111 Donatus.

360 4145 520 4194 Unum
540 4140 935 4202 cognoris,omnes
954 4139 1109 4204 noris]
1128 4140 1214 4191 Sic
1225 4141 1341 4190 Vir·

287 4222 461 4287 gilius,
495 4219 509 4245 ‘
532 4217 730 4279 Accipe
753 4230 889 4264 nunc
913 4216 1143 4265 Danaum
1168 4216 1359 4266 iusidi-

202 4284 207 4299 “
289 4315 366 4360 as,
397 4303 454 4351 et
474 4293 688 4350 crimine
710 4291 793 4350 ab,=
814 4306 913 4345 uno
940 4292 1096 4346 Disce
1128 4293 1340 4349 omne&

244 4366 250 4373 ’
290 4376 443 4429 Idem.

2313 431 2483 499 1637

1491 598 1557 643 36
1591 594 1694 643 Hic
1709 595 1762 643 in
1781 609 1910 644 noxa
1932 599 2023 655 est,
2043 593 2126 644 ille
2149 595 2212 644 nd
2229 595 2479 654 defenden-

1426 673 1535 720 dam
1560 688 1744 722 causam
1766 672 1919 735 adest]
1957 672 2073 721 Hoc
2099 672 2355 734 Demipho
2377 686 2480 726 non

1425 751 1535 799 sine
1559 751 1775 815 quadam
1791 750 2133 799 delectatione
2149 749 2304 798 dixit:
2329 764 2478 815 quam

1429 835 1598 876 tamen
1646 829 1834 890 premit
1872 829 1936 876 ob
1974 826 2098 876 iram
2145 837 2477 891 praesentem.

1426 902 1579 952 Idem.

1490 985 1570 1031 36.
1613 986 1676 1031 37
1731 983 1968 1047 Guyetus
2017 984 2168 1047 plane
2211 983 2478 1048 expungit.

1424 1057 1612 1106 nollem
1652 1056 1864 1109 factum.
1904 1061 2026 1108 satis
2063 1059 2386 1123 eninrprohi
2422 1067 2479 1111 et

1423 1136 1616 1184 eruditi
1653 1143 1706 1185 et
1741 1137 1987 1186 Terentio
2022 1137 2161 1201 digni
2202 1137 2475 1188 videntur:

1424 1227 1550 1276 quos
1576 1214 1808 1262 Donatus
1833 1214 1961 1262 bene
1994 1215 2385 1279 interpretatur,
2419 1219 2478 1264 et

1421 1290 1660 1354 exemplo
1683 1290 2019 1340 Ciceronisno
2058 1292 2210 1355 plane
2238 1291 2337 1341 huc
2356 1306 2479 1341 con·

1421 1367 1653 1417 venienti
1669 1368 1907 1416 illustrat.
1925 1367 2059 1417 sieut
2079 1366 2296 1417 invicem
2311 1365 2476 1418 Asco-

1421 1443 1536 1496 nius
1557 1443 1818 1493 Pedianus
1840 1458 1953 1494 cum
1986 1444 2102 1493 loco
2139 1443 2477 1493 Ciceroniano

1420 1519 1509 1569 hos
1532 1520 1659 1570 duos
1680 1535 1859 1569 versus
1882 1526 2164 1583 comparat.
2197 1520 2457 1570 Boeclerus.

1485 1601 1549 1647 37
1602 1598 1759 1653 Quum
1794 1597 1875 1646 ille
1911 1603 2000 1658 est,
2038 1596 2116 1645 hic
2154 1601 2331 1659 presto
2375 1597 2471 1660 est]

1421 1673 1564 1723 Huic
1600 1675 1714 1724 loco
1737 1673 1962 1728 reddidit
2001 1674 2188 1723 Cicero
2223 1674 2365 1724 illum
2399 1676 2474 1725 lo-

1420 1765 1534 1801 cum
1562 1752 1613 1800 in
1635 1751 1896 1800 Verrinis:
1934 1757 1946 1778 ‘
1965 1751 2066 1802 Qui
2086 1751 2228 1801 cives
2253 1752 2472 1801 Romani

1419 1833 1589 1889 erant,
1622 1828 1666 1876 si
1701 1826 1860 1876 Siculi
1896 1833 2092 1888 essent,
2132 1833 2239 1875 tum
2271 1827 2473 1878 Siculos

1418 1921 1597 1957 eorum
1637 1907 1839 1969 legibus
1880 1906 1992 1956 dari
2031 1913 2333 1970 oporteret:
2382 1909 2472 1973 qui

1420 1984 1598 2050 Siculi,
1623 1986 1667 2034 si
1690 1984 1829 2035 cives
1845 1985 2062 2034 Romani
2083 1984 2295 2034 essent!
2332 1985 2471 2035 Nam

1421 2062 1731 2113 subauditur
1752 2063 1816 2111 ad
1849 2064 1862 2089 ‘
1883 2062 1984 2114 Qui
2007 2063 2144 2111 cives
2168 2063 2383 2112 Romani
2414 2079 2470 2113 e-

1419 2139 1571 2202 rant‚'
1592 2140 1781 2201 judices
1811 2139 2061 2201 dabantur,
2091 2139 2159 2188 ad
2197 2146 2212 2169 ‘
2234 2139 2290 2189 Si
2312 2140 2469 2200 Siculi

1418 2218 1627 2279 essent‚'
1647 2218 1954 2268 subauditur
1974 2219 2059 2267 rei.
2091 2219 2340 2269 Donatus.

1486 2296 1647 2351 Quum
1681 2296 1762 2345 ille
1795 2295 1891 2359 est]
1941 2297 2128 2358 Ζεῦγμα
2167 2297 2467 2347 secundum.

1415 2388 1532 2424 nam
1551 2384 1606 2424 et
1621 2375 1701 2425 bic
1716 2373 2117 2425 subaudiendum
2131 2375 2291 2439 est,in
2307 2376 2471 2428 noxia.

1416 2452 1585 2504 Idem.

1485 2531 1605 2578 Cum
1623 2530 1706 2578 illo
1719 2528 1817 2593 est]
1847 2529 1909 2579 In
1929 2535 2050 2578 nota
2065 2529 2174 2580 scil.
2192 2529 2276 2579 vel
2297 2484 2468 2595 culpa.

1414 2607 1544 2655 Mer.
1566 2607 1880 2656 casaubonus.

1480 2684 1591 2732 Hie
1612 2689 1787 2748 proesto
1821 2683 1914 2748 est]
1972 2681 2055 2733 Ad
2089 2682 2467 2734 defendendam

1416 2775 1642 2820 causam,
1664 2759 1983 2811 subauditur.
2019 2758 2256 2809 Donum.
2451 2784 2454 2789 ·

1483 2840 1696 2887 Tradunt
1716 2852 1879 2901 operas
1907 2835 2115 2900 mutuas]
2159 2836 2334 2887 Mulus
2357 2852 2470 2888 mu·

1416 2915 1523 2964 lum
1546 2913 1734 2965 scabit.
1769 2914 1920 2962 Idem.

1481 2994 1545 3039 38
1592 2990 1750 3040 Probe
1798 3005 1954 3039 :orum
1993 2989 2134 3048 fitcia
2170 2990 2465 3053 imprudens]

1416 3066 1546 3117 Ideo
1561 3068 1853 3130 imprudens.-
1884 3067 2003 3131 quin
2023 3066 2192 3115 ‘nescit
2219 3067 2270 3115 in
2293 3081 2467 3115 amore

1414 3142 1744 3193 citharistria:
1766 3156 1877 3192 esse
1896 3141 2204 3191 Phaedriam.
2228 3143 2466 3192 Donatus.

1480 3217 1781 3283 Imprudens]
1820 3217 1979 3267 Modo
1999 3217 2244 3268 insciens.
2279 3219 2432 3268 Idem.

1478 3294 1779 3360 Imprudens]
1814 3293 2055 3342 Nondum
2079 3294 2214 3343 enim
2250 3294 2325 3344 ita
2355 3309 2464 3344 rem

1412 3374 1603 3424 habere
1657 3377 1984 3435 compererat
2037 3369 2315 3433 Demipho,
2371 3371 2465 3420 sed

1413 3451 1551 3516 quod
1573 3438 1651 3500 ira
1672 3447 2001 3513 suggerebat,
2017 3453 2074 3496 et
2094 3462 2159 3496 ex
2175 3448 2472 3511 suspicione,

1411 3526 1728 3592 loquebatur.
1766 3525 1893 3574 Mer.
1911 3524 2230 3573 omnebonum.

1442 3630 1445 3637 ·
1478 3608 1543 3653 39
1580 3603 1710 3652 Num
1741 3602 1795 3651 ni
1830 3601 1930 3652 laaec
1961 3602 2036 3649 ita
2070 3601 2466 3663 essent,cumillo

1412 3681 1539 3729 harad
1556 3684 1725 3738 stares,
1746 3676 1995 3740 Phaon-ia]
2017 3688 2020 3693 ·
2048 3676 2185 3726 Vide
2221 3677 2464 3742 quemad-

1412 3754 1617 3805 modum
1642 3753 1754 3817 jam
1793 3757 2070 3815 praestruat
2106 3752 2261 3815 poeta
2299 3752 2365 3803 ad
2401 3769 2467 3804 ea

1411 3850 1526 3899 quae
1563 3832 1735 3882 futura
1769 3829 1993 3893 sunt,ad
2032 3828 2378 3894 adjuvandum
2412 3844 2465 3879 a·

1413 3925 1606 3961 morem
1629 3907 1902 3959 Phaedriae.
1938 3907 2172 3957 Donatus.

1444 4024 1449 4027 -
1479 3989 1599 4036 Cum
1616 3987 1700 4036 illo
1718 3986 1844 4034 haud
1861 3989 2031 4046 stares,
2047 3981 2299 4047 Phoedria]
2332 3984 2464 4034 Cum

1418 4062 1717 4126 Antiphone
1738 4059 1953 4111 scilicet.
2018 4059 2087 4109 Et
2110 4059 2328 4122 camillo,
2358 4060 2465 4110 ἀντὶ

1411 4140 1499 4188 τοῦ
1529 4155 1617 4202 pro
1651 4137 1747 4188 illo.
1814 4137 1879 4186 In
1917 4136 2027 4200 ejus
2068 4142 2218 4198 parte
2248 4143 2464 4202 stamus,

1414 4234 1509 4283 pro
1529 4233 1632 4282 quo
1651 4215 1882 4267 facimus.
1946 4215 2033 4265 Sic
2052 4213 2316 4278 Virgilius,
2339 4215 2356 4243 ‘
2372 4215 2406 4266 J
2411 4231 2465 4266 u

1415 4295 1553 4359 piter
1573 4293 1656 4342 hic
1680 4290 1814 4343 stat!
1846 4293 1995 4345 Idem.
2289 4318 2294 4321 -

1481 4371 1604 4426 Cum
1633 4370 1716 4421 illo
1735 4369 1861 4421 haud
1875 4367 2055 4432 stares]
2097 4367 2218 4423 Non
2235 4382 2373 4423 esses
2394 4368 2461 4422 ab
