3035 4941
585 358 762 426 1486

590 523 892 574 sententias.
909 538 1077 590 neque
1086 524 1329 588 congruit
1347 521 1643 585 exemplum

586 600 738 663 illud,
785 602 922 666 quod
964 600 1137 664 affert,
1175 608 1279 651 tam
1305 618 1368 649 ex
1401 614 1566 664 prono
1589 606 1646 649 et

586 675 732 727 facili
772 680 1014 741 petitum,
1050 694 1204 742 quam
1239 679 1386 742 hujus
1424 673 1524 726 loci
1558 691 1645 725 ex·

586 753 804 817 plicatio
838 771 869 805 a
907 770 1030 804 vero
1074 754 1453 818 interpretandi
1495 754 1646 803 modo

588 821 776 892 abiret,
800 832 842 881 si
866 832 930 882 ad
953 821 1091 883 huuc
1115 833 1321 904 niodum
1346 832 1644 882 instituere·

587 911 701 958 tur.¹
727 908 991 968 Ceterum,
1014 915 1106 958 aut
1126 910 1266 958 clare
1291 908 1519 972 loquitur
1540 921 1646 956 ser·

585 1002 698 1048 vus,
734 988 785 1037 iu
826 989 1214 1039 admirationem
1247 995 1303 1039 et
1343 983 1643 1050 simplicita-

584 1072 695 1115 tem
719 1057 1038 1130 compositus
1063 1067 1138 1131 (q.
1161 1068 1214 1116 d.
1238 1068 1335 1116 ohe
1352 1075 1406 1115 tn
1425 1067 1643 1129 Demea,

586 1147 646 1190 ut
671 1141 844 1204 video,
881 1142 945 1191 ad
986 1149 1250 1206 precepta
1274 1143 1545 1205 sapientioe
1569 1156 1645 1190 re-

585 1216 687 1279 dis,
728 1231 822 1266 seu
856 1219 1019 1267 veroa
1055 1216 1227 1268 fundis
1264 1217 1544 1283 sapientia,
1589 1222 1647 1267 ut

586 1292 811 1342 dudum:
852 1291 1202 1357 subiuidicans,
1235 1310 1290 1345 se
1327 1305 1505 1358 parum
1532 1295 1645 1357 jam

585 1375 836 1431 capacem
863 1383 978 1418 esse
1014 1370 1131 1420 talis
1168 1371 1525 1435 philosophiae.
1570 1370 1647 1419 ita

585 1457 768 1508 senex,
794 1460 891 1493 nou
910 1461 1092 1495 curans
1113 1446 1231 1510 Syri
1257 1447 1436 1505 verba,
1460 1459 1645 1509 perge·

585 1528 689 1582 ret,
712 1531 770 1572 ut
787 1532 1045 1587 coeperat:
1063 1525 1162 1575 oh!
1183 1526 1350 1574 scelus.
1367 1523 1468 1573 tun*
1487 1526 1532 1572 si
1550 1537 1644 1571 me-

582 1612 644 1647 us
663 1613 799 1657 esses,
816 1602 1098 1664 exmpleum,
1106 1597 1190 1663 ξε.
1195 1600 1235 1666 ),
1251 1608 1397 1651 autse
1411 1615 1529 1650 cum
1547 1599 1645 1649 hoc

586 1683 982 1739 commentatur,
1027 1677 1103 1726 ita
1136 1686 1194 1727 ut
1236 1679 1368 1728 nolit
1405 1676 1575 1727 audiri
1611 1691 1641 1726 a

581 1764 725 1827 sene,
741 1767 791 1817 q.
813 1751 865 1804 d.
888 1754 983 1803 ohe
1008 1769 1188 1818 parum
1212 1755 1522 1818 tempeative
1543 1754 1644 1803 huc

584 1829 837 1892 processi,
862 1831 904 1879 si
930 1837 987 1879 tu
1002 1830 1354 1895 philosophari
1375 1837 1466 1879 tuo
1483 1844 1645 1892 more,

582 1915 661 1954 ac
689 1905 753 1955 de
786 1905 1063 1971 disciplina
1104 1916 1161 1958 et
1194 1908 1420 1958 moribus
1452 1908 1643 1971 incipis

582 1982 744 2046 loqui.
766 1984 1038 2055 possisque
1061 1985 1280 2049 opinari,
1314 1987 1403 2035 illa
1424 1998 1645 2051 quoque,

582 2074 701 2123 quoe
724 2060 922 2110 comice
945 2062 1291 2125 subjiciuntur
1327 2062 1643 2128 (di-squidem

582 2149 704 2185 esses
713 2137 911 2200 Demea,
922 2154 978 2187 ac
988 2154 1088 2189 rem
1108 2145 1240 2189 tuam
1258 2136 1642 2203 constabilisses),

585 2212 651 2261 ad
676 2222 1003 2277 spectatores
1042 2218 1169 2279 dici,
1208 2217 1405 2267 Demea
1425 2231 1528 2265 non
1553 2231 1641 2265 au-

583 2289 781 2341 diente.
798 2293 902 2343 imo
924 2306 1025 2344 non
1050 2295 1277 2358 opineris
1300 2295 1409 2359 jam
1425 2293 1516 2343 sed
1542 2294 1640 2343 sci·

583 2381 658 2431 as,
682 2370 724 2417 si
744 2371 1003 2430 attendas,
1034 2373 1164 2420 hauc
1199 2373 1414 2421 Demea?
1448 2371 1640 2421 oratio-

580 2458 703 2495 nem
720 2459 905 2497 revera
928 2447 1218 2499 cohaereree
1241 2451 1300 2498 οΙι
1314 2449 1464 2498 scelus
1478 2447 1504 2499 Ι
1521 2451 1641 2498 tun?

569 2522 625 2571 si
643 2538 775 2574 meus
795 2539 936 2585 esses,
973 2528 1234 2590 exemplum
1267 2526 1476 2575 omnibus
1498 2540 1638 2575 cura·

580 2612 684 2648 rem
714 2605 768 2648 at
811 2615 948 2651 esses.
994 2602 1241 2666 quicquid
1276 2601 1640 2666 interponitur,

582 2688 687 2724 non
731 2677 1073 2740 respondetur
1104 2680 1339 2728 Demeae.
1381 2680 1448 2728 ad
1486 2692 1639 2744 quem

581 2754 695 2799 tum
716 2751 922 2801 demum
941 2767 1218 2803 conversus
1240 2755 1401 2819 Syrus
1422 2770 1436 2804 ε
1479 2770 1639 2818 quam-

582 2825 776 2878 obrem?
821 2828 1008 2893 inquit,
1046 2830 1160 2894 quid
1177 2829 1324 2888 feci?
1354 2838 1419 2899 *et
1457 2839 1640 2895 postea

580 2902 771 2953 iterum
805 2920 908 2956 non
952 2907 1166 2957 Demeae
1204 2909 1294 2958 sed
1336 2924 1530 2971 secum,
1579 2915 1639 2957 ut

579 2985 904 3044 spectatores
921 2983 1192 3034 audirent:
1228 2999 1343 3035 sane
1364 2986 1531 3034 nollem
1549 2985 1641 3034 lucc

580 3055 781 3106 exitum.
816 3058 1102 3110 Boeclerus.

646 3136 680 3181 8
710 3133 808 3183 Dis
829 3134 1014 3196 quidem
1035 3149 1173 3195 esses,
1199 3136 1401 3199 Demea]
1458 3136 1541 3186 Ab
1574 3150 1636 3186 eo

580 3209 718 3272 qnod
760 3219 842 3259 est
876 3211 1011 3274 ‘dis,
1050 3211 1211 3273 ditis,’
1243 3213 1260 3241 ⁴
1281 3213 1439 3262 dites'
1474 3211 1636 3262 facit:

579 3287 646 3336 ab
662 3300 725 3336 eo
749 3288 884 3352 qnod
908 3296 992 3338 est
1012 3288 1207 3347 ‘dives,
1229 3289 1445 3353 divitis,'
1473 3292 1488 3319 ‘
1505 3290 1638 3341 divi·-

581 3373 681 3415 tes.
685 3364 701 3387 '
736 3365 976 3416 Donatus.

643 3441 742 3491 Du
776 3434 963 3506 quidem
997 3443 1144 3507 esses]
1184 3444 1346 3494 Dives
1383 3457 1544 3506 esses,
1580 3456 1637 3493 re

580 3518 681 3566 tua
689 3518 927 3568 familiari
955 3520 1085 3570 bene
1104 3521 1476 3571 administrata.
1511 3522 1636 3570 Far-

490 3591 765 3642 ‚nebim

643 3674 678 3718 9
712 3670 996 3735 Exemplum
1017 3673 1227 3723 omnibus
1254 3688 1464 3723 curarem
1488 3681 1545 3723 ut
1566 3688 1636 3723 es-

536 3790 537 3793 ,
577 3744 678 3809 aa]
712 3745 869 3795 Liber
909 3747 1209 3810 Bembinus,
1240 3751 1467 3814 exempla.
1515 3757 1638 3800 sunt

579 3829 754 3871 autem
791 3825 1023 3887 exempla,
1056 3827 1310 3890 exquisita
1343 3827 1633 3891 supplicia·

576 3898 661 3949 hic
683 3905 853 3949 tamen
888 3901 1084 3964 accipit
1113 3902 1388 3953 Terentius
1406 3905 1637 3968 exempla,

576 3982 673 4038 pro
693 3990 758 4025 eo
784 3977 1046 4040 exemplo,
1068 3979 1206 4042 quod
1231 3980 1466 4029 omuibus
1481 3980 1634 4030 datur

578 4064 644 4099 ex
679 4052 935 4116 exquisito
967 4055 1224 4118 supplicio
1256 4055 1477 4119 alicujus
1508 4055 1632 4106 faci-

579 4126 772 4174 norosi.
815 4126 1049 4178 Formas.

646 4204 709 4250 lo
744 4201 1098 4258 Quamobrem?
1144 4205 1258 4268 quid
1294 4165 1423 4269 feci]
1489 4206 1633 4257 Nihil

578 4287 717 4326 nanc
739 4277 794 4326 in
828 4277 960 4342 Syro
991 4280 1087 4329 nisi
1126 4281 1345 4344 simplex
1367 4289 1423 4333 et
1445 4297 1632 4347 purum

1683 2985 1856 3037 tabiit.

1291 375 1511 428 No'rss
1557 374 1959 427 vammum
2007 375 2092 424 IN

1722 520 1792 572 ob
1815 521 2146 573 ebrietatem.
2211 521 2287 573 Et
2330 520 2470 583 vide,
2513 519 2773 586 ‘quamoh-

1724 600 1869 649 rem?
1902 600 2025 664 quid
2050 596 2204 649 feci?
2228 600 2427 662 dicere,
2440 612 2545 649 uon
2572 614 2686 648 esse
2707 614 2779 649 so·-

1726 674 1824 726 brii
1846 675 1981 739 Syri.
2022 678 2259 726 Donatus.

1794 757 1854 802 11
1891 753 1952 801 In
1991 753 2096 816 ipsu
2130 751 2294 815 turba]
2328 752 2449 801 Non
2475 751 2648 800 minus
2671 749 2782 800 ridi·

1725 829 1839 878 cula
1864 829 2229 893 importunitas
2256 829 2472 877 Demeae
2507 831 2610 891 est,
2641 841 2783 893 quam

1727 907 1955 956 ebrietas
1996 907 2144 970 Syri:
2194 907 2280 972 qui
2315 906 2595 956 adversum
2629 916 2783 957 temu-

1726 984 1923 1032 lentum
1943 991 2105 1032 tautae
2124 983 2399 1046 gravitatis
2412 984 2659 1033 oratione
2679 997 2785 1047 per-

1725 1068 1894 1121 sonat,
1933 1067 1989 1107 ut
2012 1074 2078 1108 ex
2102 1059 2328 1109 dicentis
2354 1060 2502 1110 vultu
2525 1068 2584 1111 et
2608 1059 2789 1123 verbis,

1726 1143 1783 1185 et
1827 1150 1891 1185 ex
1936 1136 2193 1187 audientis
2239 1136 2422 1185 habitu
2461 1144 2517 1186 et
2551 1145 2786 1202 stupore,

1727 1207 1963 1277 magnam
1979 1215 2302 1278 voluptatem
2323 1215 2626 1278 percipiant
2648 1230 2787 1280 spec-

1729 1295 1944 1339 tatores.
1980 1290 2124 1360 vides
2155 1291 2293 1340 enim
2328 1299 2526 1355 quanto
2556 1292 2785 1356 pondere

1728 1366 2001 1416 verborum
2026 1357 2144 1417 curn
2168 1367 2315 1417 ebrio
2337 1368 2534 1430 litiget.
2578 1367 2728 1417 Idem.

1745 1464 1755 1469 ·
1793 1446 1855 1493 12
1889 1444 2123 1507 Potastis,
2152 1442 2326 1506 scelus]
2360 1446 2483 1495 Non
2509 1446 2651 1511 quod
2679 1445 2788 1508 plus

1726 1520 1872 1570 videt
1909 1536 2087 1579 senex,
2126 1537 2275 1587 quam
2311 1522 2564 1586 objicitur
2601 1523 2786 1573 oculis:

1726 1597 1817 1647 sed
1882 1599 2111 1648 oratorie
2169 1600 2375 1663 potastis
2426 1599 2590 1662 dixit,
2636 1613 2784 1665 quum

1725 1685 1883 1724 unum
1920 1675 2120 1726 ebrium
2155 1682 2370 1725 cernat:
2417 1684 2643 1742 propter
2664 1675 2780 1726 illud

1724 1750 1862 1817 quod
1918 1753 2013 1813 ait,
2066 1751 2084 1779 ⁴
2109 1754 2434 1818 exemplum-
2462 1751 2784 1818 disciplinae!

1724 1828 1872 1893 quasi
1918 1829 1969 1878 in
2006 1828 2237 1878 omuibus
2281 1829 2371 1891 sit,
2404 1829 2546 1894 quod
2596 1831 2651 1880 in
2689 1844 2782 1878 uno

1722 1920 1861 1955 nunc
1903 1905 2168 1969 aspicitur.
2224 1906 2494 1969 Virgilius,
2535 1907 2555 1933 ‘
2582 1908 2653 1956 Et
2695 1906 2783 1955 cri-

1722 1981 1861 2032 mine
1883 1981 1949 2030 ab
1974 1996 2075 2032 uno
2100 1982 2263 2032 Disce
2288 1981 2506 2030 omnes.’
2540 1983 2698 2033 Idem.
2755 1997 2762 2005 ·

1791 2062 1852 2107 13
1887 2057 2013 2107 Sane
2032 2059 2201 2107 nollem
2222 2058 2546 2121 huces-itum]
2598 2060 2672 2109 Et
2692 2060 2781 2108 hoc

1725 2135 1919 2185 dictum
1959 2141 2268 2198 argumento
2307 2146 2406 2195 cst,
2434 2135 2630 2198 Syrum
2665 2134 2781 2184 obli·

1723 2218 1833 2263 tum
1857 2214 2078 2263 omnium
2103 2211 2277 2263 rerum
2307 2213 2434 2262 nihil
2460 2213 2783 2277 respondisse

1722 2290 1941 2339 Demeae
1976 2304 2071 2352 per
2109 2287 2401 2338 fallaciam:
2438 2289 2532 2339 sed
2568 2296 2788 2340 tautum-

1721 2366 1876 2415 modo
1900 2366 2152 2430 poeuitere
2179 2364 2320 2429 quod
2345 2364 2555 2416 exierit.
2607 2367 2757 2415 Idem·

1786 2444 1973 2494 Scnlu
2029 2457 2092 2494 11.
2158 2444 2359 2494 Seuarii
2414 2450 2556 2495 sunt.
2627 2458 2701 2494 vs.
2743 2446 2787 2493 1.

1720 2513 1849 2572 Mss.
1872 2523 2035 2571 nostri
2053 2534 2246 2572 vomnes
2280 2522 2550 2584 geminant
2584 2521 2646 2570 τὸ
2667 2523 2790 2571 heus.

1721 2614 1795 2651 vs.
1811 2605 1861 2651 2.
1884 2600 2020 2661 duo;
2057 2600 2172 2663 quid
2192 2601 2251 2648 de
2276 2599 2585 2662 Ctesiphone.
2643 2614 2720 2648 vs.
2740 2603 2786 2649 4.

1722 2692 1854 2727 uuus
1891 2676 2091 2727 omittit
2127 2674 2187 2724 τὸ
2207 2675 2417 2740 quidam.
2477 2691 2554 2725 vs.
2581 2682 2633 2726 5.
2656 2676 2786 2735 dno;

1717 2756 1856 2805 mitte
1874 2770 1949 2804 me
1966 2755 2055 2804 ire.
2080 2769 2146 2803 ex
2171 2755 2357 2816 glossa.
2407 2768 2483 2802 vs.
2501 2758 2553 2802 6.
2577 2766 2784 2811 omnes;

1720 2845 1814 2881 aon
1850 2847 2018 2881 mantes
2049 2829 2258 2880 abstines
2278 2846 2343 2880 m.
2400 2844 2477 2879 vs.
2506 2835 2558 2879 7.
2586 2843 2786 2888 omnes;

1719 2924 1783 2958 au
1826 2909 1920 2958 tibi
1955 2909 2109 2958 mavis
2150 2907 2395 2956 cerebrum
2438 2905 2662 2970 dispergi
2695 2904 2783 2954 hie.

1892 2985 2180 3034 Boeclerus.

1788 3067 1813 3111 l
1851 3062 2013 3123 Heus,
2036 3058 2185 3125 Syre]
2227 3058 2402 3111 Quam
2437 3059 2589 3109 clare
2630 3058 2783 3120 dicat,

1721 3138 2019 3189 ostenditur
2078 3151 2143 3186 ex
2194 3151 2258 3186 eo
2325 3136 2465 3202 quod
2521 3134 2784 3199 praemisit,

1720 3215 1738 3243 ‘
1776 3212 1938 3273 heus?
1981 3218 2261 3279 antequam
2310 3212 2632 3278 loqueretur.
2687 3211 2782 3262 Do-

1716 3294 1874 3340 natus.
2077 3312 2082 3315 ¹

1786 3366 2032 3430 Ctesipho]
2053 3366 2189 3416 Mire
2213 3365 2449 3415 additum
2464 3380 2656 3416 nomen
2680 3362 2784 3415 est':

1717 3456 1874 3506 quum
1918 3450 2009 3491 aut
2040 3443 2153 3491 sine
2187 3442 2306 3504 hoc,
2339 3448 2432 3490 aut
2466 3456 2567 3506 per
2599 3454 2782 3505 prono·

1718 3534 1837 3568 meu
1858 3518 2081 3582 intelligi
2110 3519 2275 3582 possit
2299 3519 2573 3583 Ctesipho.
2611 3519 2755 3568 Idem·

1729 3614 1738 3617 ·
1788 3596 1855 3645 Ut
1887 3594 2074 3657 redeas]
2106 3594 2384 3644 ‘nedem'
2418 3595 2665 3655 dicendo,
2705 3609 2782 3642 os-

1718 3671 1890 3722 tendit
1920 3678 1977 3720 et
2017 3672 2158 3720 illum
2193 3671 2333 3721 inter
2367 3673 2579 3737 pocula,
2616 3686 2648 3721 a
2684 3683 2782 3736 quo

1718 3761 1958 3814 egressus
1980 3756 2061 3798 est
2085 3748 2280 3798 ebrius.
2315 3749 2471 3799 Idem.

1723 3846 1726 3853 ·
1782 3827 1945 3888 Rogat
1969 3831 2027 3879 te
2042 3825 2268 3890 Ctesipho
2291 3831 2348 3875 ut
2366 3826 2560 3890 redeas]
2591 3827 2607 3854 ⁶
2628 3825 2783 3875 Arca·

1715 3918 1837 3953 num
1859 3904 2074 3954 demens
2107 3901 2314 3966 detegit
2338 3901 2612 3952 ebrietas?
2645 3900 2784 3966 quod

1714 3986 1954 4029 versutus
1991 3980 2156 4044 Syrus
2207 3979 2297 4027 diu
2345 3980 2568 4043 celarat,
2610 3978 2785 4043 prodit

1713 4059 1914 4106 Dromo
1936 4056 2132 4108 ebrius.
2170 4056 2455 4106 Pambius.
2779 4045 2784 4053 ’

1778 4137 1809 4181 3
1847 4133 1948 4182 Cur
1967 4133 2045 4182 hic
2066 4132 2298 4194 nominat]
2348 4133 2516 4184 Quasi
2544 4146 2645 4183 non
2675 4133 2782 4182 siut

1713 4209 1800 4258 alii
1825 4208 2187 4273 Ctesiphones.
2221 4209 2376 4259 Rom.

1776 4289 1809 4336 4
1842 4287 1935 4336 Est
1953 4286 2080 4338 alias
2109 4280 2304 4350 quidam
2322 4287 2644 4352 musitante?
2667 4302 2776 4357 ppr-
