3035 4941
487 533 794 586 lanontatio
834 529 1043 594 sororis,
1074 530 1275 596 reiiqna
1310 529 1550 593 pervarie

489 619 545 661 et
560 611 796 674 jucunde
819 617 1112 660 narrantur.
1175 609 1327 660 Quod
1353 608 1397 657 si
1419 608 1550 656 bano

488 688 807 737 brevitatem
818 685 1127 752 quaesisset,‘
1143 683 1389 748 Effertur,
1401 684 1551 746 imus,

488 764 554 813 ad
577 765 869 829 sepulcrum
891 763 1141 824 venimus,
1174 761 1239 810 In
1261 761 1433 825 ignem
1458 774 1550 823 po·

487 841 589 890 sita
620 840 737 902 est‚’
773 840 824 887 in
845 839 923 888 his
944 832 1057 888 fere
1076 839 1256 888 decem
1280 837 1550 886 versiculis

485 923 655 966 totum
699 914 954 965 conficere
1011 915 1300 978 potuisset.-
1367 915 1545 966 Quan-

485 1007 641 1056 quam
681 993 777 1042 hoc
812 992 1003 1057 ipsum,
1040 993 1056 1018 ‘
1081 989 1327 1052 Effertur‚
1371 989 1545 1052 imus,'

485 1070 749 1119 concisum
794 1075 877 1119 est
915 1070 1010 1131 ita,
1053 1075 1113 1118 ιιι
1150 1083 1256 1119 non
1297 1068 1545 1119 brevitati

485 1145 733 1195 servitum
776 1146 862 1209 sit,
908 1146 999 1195 sed
1041 1145 1320 1196 venustati.
1388 1144 1544 1198 Quod

482 1222 526 1270 si
547 1220 674 1270 nihil
694 1220 901 1284 fuisset,
922 1221 1019 1270 nisi
1051 1221 1066 1249 ‘
1088 1221 1152 1270 In
1176 1221 1345 1285 ignem
1369 1222 1544 1284 posita

477 1298 598 1359 'ost‚’
631 1303 806 1347 tamen
843 1312 927 1348 res
963 1303 1079 1347 tota
1112 1297 1354 1361 cognosci
1384 1295 1542 1346 facile

482 1374 740 1437 potuisset
756 1373 790 1423 :'
823 1374 912 1423 lib.
935 1373 1000 1424 de
1024 1373 1271 1424 Oratore.
1308 1374 1515 1423 Famob.

543 1456 606 1501 91
638 1454 794 1502 Unam
813 1451 1017 1516 aspicio]
1053 1453 1134 1501 Ex
1159 1451 1539 1502 consuetudine

480 1526 641 1589 dicit,¹
672 1543 835 1589 unam,
874 1535 932 1578 ut
973 1528 1208 1585 dicimus,
1245 1530 1260 1557 ‘
1282 1526 1426 1576 Unus
1456 1533 1541 1578 est

479 1601 781 1652 adolescens
799 1602 833 1652 :’
868 1604 993 1653 tolle
1011 1619 1171 1661 mm,
1193 1610 1250 1654 et
1271 1603 1344 1652 ita
1366 1602 1458 1654 flet
1479 1610 1540 1653 ut

478 1680 651 1728 sensui
697 1680 821 1728 nihil
867 1681 1033 1731 desit:
1081 1682 1172 1731 sed
1215 1681 1539 1731 consuetudo

477 1755 708 1806 mirantis
744 1772 843 1806 non
895 1758 998 1807 erit
1042 1773 1309 1822 expressa.
1383 1759 1541 1808 Unam

475 1845 601 1893 ergo
644 1835 714 1893 τῷ·
753 1831 1003 1896 ι’διωτισμῷ
1045 1834 1212 1885 dixit:
1257 1836 1341 1885 vel
1374 1848 1537 1900 unm,

476 1921 572 1968 pro
595 1908 830 1972 quadam.
864 1912 1099 1961 Donatus.

539 1988 604 2032 92
627 1985 801 2034 Formo
821 1991 868 2035 et
890 1987 1046 2050 vultu]
1073 1989 1143 2037 Et
1156 1987 1246 2045 *hic
1271 1988 1375 2038 duo
1396 1995 1538 2053 sunt,

474 2064 528 2107 et
560 2069 687 2109 aetas
710 2070 765 2111 et
789 2060 978 2126 forma,
998 2065 1183 2130 quibus
1207 2065 1419 2117 additur
1440 2083 1535 2133 pu-

473 2133 598 2184 dor:
637 2138 1028 2201 quiameretrix
1048 2156 1152 2191 uon
1173 2150 1272 2192 est.
1300 2144 1460 2197 Idem.

537 2213 715 2263 Forma
751 2219 800 2264 et
839 2217 995 2280 vultu]
1037 2219 1222 2268 Forma
1256 2219 1533 2272 immobilis

471 2297 554 2338 est
587 2298 642 2340 et
670 2293 955 2342 naturalis:
993 2295 1165 2344 vultus
1201 2304 1439 2346 movetur
1475 2304 1533 2348 et

468 2367 698 2431 fingitur.
731 2370 884 2420 Idem.
1304 2386 1309 2389 “

534 2445 606 2493 Et
626 2447 777 2508 vuum,
797 2446 959 2511 Sosia,
988 2448 1104 2498 adeo
1127 2449 1360 2514 modesto]
1393 2451 1533 2504 Quia

468 2519 648 2571 formae
670 2524 902 2574 laudatio
937 2540 1055 2576 cum
1091 2528 1370 2578 meretrice
1393 2543 1532 2580 com·-

370 2627 375 2630 -
468 2598 624 2647 missa
656 2607 753 2663 est,
787 2601 1121 2665 progreditur
1144 2603 1334 2654 artifex
1361 2606 1532 2656 Poeta

467 2674 533 2723 ad
557 2675 816 2725 laudanda
837 2691 916 2739 ea,
934 2692 1050 2742 quae
1074 2678 1370 2732 honestiora
1391 2691 1532 2746 sunt,

470 2766 621 2817 quam
643 2751 830 2804 forma.
865 2754 1016 2804 Idem.

532 2830 605 2878 Et
625 2832 776 2893 vultu,
796 2831 962 2895 Sosia]
996 2831 1134 2886 Quid
1156 2834 1242 2885 hic
1268 2835 1439 2902 deest,
1469 2846 1531 2889 ut

467 2921 582 2957 eam
618 2921 804 2958 nurum
843 2910 1088 2976 dignetur
1107 2914 1266 2978 Simo,
1289 2915 1388 2965 nisi
1419 2919 1532 2968 sola

432 3024 436 3028 .
463 2985 726 3048 cognitio?
759 2993 814 3038 et
830 2986 1046 3039 formam
1067 2991 1259 3055 probat
1278 2993 1328 3042 in
1354 2996 1531 3058 puella

464 3060 723 3126 Pamphili
756 3070 924 3129 pater,
955 3074 1011 3117 et
1044 3071 1382 3121 matronalem
1418 3085 1527 3123 mo·

462 3138 682 3189 dentiam
705 3142 921 3193 miratur
941 3144 994 3194 in
1017 3147 1185 3210 vultu,
1207 3153 1262 3199 et
1285 3157 1526 3212 venusta-

461 3220 568 3265 tem
590 3224 787 3282 stupet.
842 3222 1027 3272 Nonne
1051 3238 1179 3289 ergo
1212 3226 1325 3290 jam
1359 3229 1527 3278 cerni-

460 3301 573 3341 mus
593 3293 691 3342 hoc
724 3298 1091 3357 praestrnxisse
1109 3301 1432 3366 Terentium,
1463 3309 1525 3354 ιιι

461 3381 579 3416 cum
598 3369 888 3420 Chrmnetis
903 3372 1065 3422 filiam
1083 3389 1198 3424 esse
1215 3381 1525 3441 cognoverit

458 3442 621 3507 Simo,
658 3444 790 3495 hanc
824 3447 997 3510 potius
1020 3450 1195 3515 eligat,
1215 3467 1371 3517 qnam
1395 3456 1520 3506 Phi·

457 3520 734 3584 lumenam,
770 3525 985 3573 nurum?
1015 3540 1304 3592 quanquam
1340 3545 1406 3580 ex
1437 3545 1521 3581 so*

457 3596 590 3645 roris
625 3599 1032 3666 pulchritudine,
1064 3609 1123 3653 et
1139 3619 1315 3656 amore
1338 3609 1520 3659 Chari-

455 3674 529 3736 ni,
576 3682 631 3725 et
674 3676 814 3726 Davi
869 3679 1198 3745 laudatione3
1250 3684 1303 3733 id
1345 3686 1517 3751 ipsum

453 3764 659 3815 quoque
718 3754 881 3817 probe
942 3763 1309 3812 monstraverit
1348 3763 1515 3816 nobis.

523 3904 695 3970 Vultu]
719 3907 850 3958 Haec
870 3910 983 3960 laus
1006 3913 1234 3981 adjuvat,
1256 3922 1376 3979 post
1397 3932 1513 3983 cog·

449 3981 720 4048 uitionem,
746 3985 973 4038 futuram
994 3993 1196 4042 nurum.
1231 3993 1381 4044 Idem·

515 4063 580 4108 93
610 4060 987 4129 Adeo-mdeste,
1017 4070 1131 4118 adeo
1150 4071 1368 4134 venusto]
1398 4073 1511 4122 Μο-

449 4135 628 4199 destas,
659 4138 725 4187 ad
755 4141 1070 4204 probitatem
1110 4147 1285 4197 vultus
1318 4154 1376 4199 et
1403 4163 1511 4198 mo-

450 4223 561 4260 rum
599 4216 856 4276 pertinet:
890 4226 1130 4284 venustus,
1171 4222 1237 4272 ad
1274 4230 1509 4274 naturam

450 4290 700 4354 corporis.
777 4294 957 4361 Atque
994 4297 1128 4350 adeo
1169 4297 1270 4349 sibi
1307 4302 1509 4351 vultum

1189 384 1410 433 No'rffi
1456 383 1551 432 VA
1566 384 1865 434 monum
1913 384 1995 433 IN

1626 528 1828 592 fingere
1841 528 1993 580 multi
2010 535 2254 594 possunt:
2272 523 2498 583 'formam
2518 547 2689 588 nem

1627 604 1780 655 Idem.

1677 683 1744 731 Ut
1765 682 1886 732 m‘laiz
1903 682 2068 747 supra]
2083 682 2326 748 Ἔλλειψιε
2339 687 2652 738 Terentiana
2668 704 2685 738 ε

1623 773 1741 808 nam
1764 774 1866 809 non
1890 775 2105 810 necesse
2125 768 2207 811 est
2226 762 2545 828 subjungere
2558 766 2689 816 duos

1626 848 1823 885 versus.
1857 836 2011 886 Idem.
2363 898 2364 903 Ἰ

1687 916 1754 962 94
1787 913 1917 969 Quia
1958 919 2060 964 tum
2098 914 2245 980 mihi]
2279 917 2559 970 Excusatio
2595 935 2688 971 ne·

1622 989 1864 1038 cessaria.
1897 989 2050 1041 Idem.
2675 1040 2678 1045 .

1684 1065 1881 1114 Proeter
1901 1067 2104 1131 ceterae]
2138 1068 2199 1118 Id
2237 1074 2339 1133 est,
2376 1071 2493 1134 plus
2531 1087 2686 1138 quam

1619 1149 1832 1191 ceterae.
1865 1142 2014 1193 Idem.

1684 1222 1750 1267 96
1784 1219 2000 1269 Honesta
2020 1213 2078 1269 uc
2104 1221 2313 1286 liberali]
2348 1225 2583 1288 Honesta,
2618 1227 2688 1278 ad

1618 1293 1857 1359 formam,
1889 1297 2091 1356 liberali,
2130 1299 2197 1349 ad
2241 1302 2442 1353 vultum
2482 1305 2685 1358 retulit.

1681 1453 1747 1500 98
1767 1449 2037 1514 Percussit]
2071 1451 2192 1503 Hoc
2212 1458 2314 1518 est,
2330 1455 2581 1520 suspicio,
2598 1459 2685 1513 vel

1615 1524 1810 1589 aliquid
1836 1526 1962 1578 tale.
1997 1528 2151 1579 Idem.

1679 1602 1750 1651 At
1764 1603 1842 1666 at]
1860 1604 2176 1669 Interjectio
2192 1604 2513 1661 admirantis.
2528 1611 2683 1662 Idem.

1679 1680 1826 1746 Atat]
1872 1682 1960 1731 Ita
1997 1683 2152 1734 scribi
2188 1684 2365 1743 debet,
2400 1692 2454 1736 ut
2490 1693 2563 1751 at,
2603 1689 2708 1739 sic.

1614 1757 1752 1806 enim
1777 1758 1988 1823 Groeci3
2020 1761 2110 1826 qui
2148 1776 2245 1826 per
2278 1764 2466 1829 duplex
2491 1766 2534 1814 Τ
2557 1768 2684 1817 scri-

1614 1835 1746 1886 bunt
1777 1844 1971 1888 tamen.
2038 1840 2162 1898 Sed,
2200 1846 2293 1891 ant
2332 1843 2483 1893 valde
2514 1843 2685 1909 fallor,

1614 1921 1704 1964 ant
1726 1915 1822 1964 hoc
1847 1916 1984 1979 loco,
2005 1924 2487 1984 proptermetrum,
2524 1923 2683 1973 scribi

1611 1996 1842 2056 oportet,
1873 1999 1926 2042 ot
1961 1998 2014 2043 αι
2051 1999 2136 2053 nt,-
2169 2003 2225 2046 ut
2250 1997 2377 2048 tlibi
2400 1998 2541 2062 apud
2564 2015 2682 2050 nos-

1612 2074 1749 2118 trum
1770 2069 1928 2134 hunc,
1950 2076 2007 2122 et
2029 2074 2170 2137 apud
2194 2075 2438 2125 Plautum
2462 2078 2679 2142 saepius.

1613 2147 1787 2197 Faber.

1674 2224 1836 2275 Atat!
1865 2226 1955 2276 hoe
1990 2227 2112 2277 illud
2150 2228 2246 2292 est]
2277 2229 2411 2280 Hac
2435 2245 2533 2281 vox
2555 2238 2680 2292 atat,

1610 2301 1782 2364 priore
1799 2302 2003 2367 syllaba
2016 2315 2070 2357 et
2087 2308 2349 2370 producta
2362 2317 2418 2360 et
2432 2320 2680 2377 correpta

1607 2377 1910 2443 invenitur:
1942 2382 2081 2446 qnod
2118 2397 2183 2432 ex
2220 2398 2284 2434 eo
2322 2384 2516 2437 factum
2541 2402 2678 2454 reor,

1606 2453 1729 2519 qnia
1749 2470 1867 2505 cum
1890 2458 2088 2524 antiqui
2121 2461 2253 2512 banc
2276 2462 2557 2517 dictionem
2580 2479 2678 2531 per

1609 2529 1713 2580 duo
1733 2539 1775 2594 t,
1796 2533 1850 2581 iu
1868 2534 2040 2584 medio
2063 2538 2372 2602 scriberent,
2395 2555 2457 2591 ea
2480 2544 2678 2607 syllaba

1608 2608 1866 2670 positione
1888 2610 2046 2675 longa
2074 2622 2221 2664 erat:
2258 2617 2536 2669 subtracto
2548 2634 2677 2671 vero

1606 2684 1774 2734 altero
1807 2691 1849 2748 t,
1883 2701 1980 2750 per
2017 2691 2342 2755 parellipsin,
2378 2694 2549 2745 brevis
2581 2696 2676 2747 fie-

1608 2760 1720 2811 bat.
1785 2764 1888 2813 Sed
1912 2765 2149 2818 hocloco
2188 2777 2385 2834 quanta
2422 2773 2493 2823 sit
2530 2774 2676 2838 prior

1606 2839 1809 2903 syllaba
1828 2841 1955 2891 nihil
1977 2841 2174 2896 refert:
2198 2861 2263 2894 ex
2286 2850 2576 2911 posteriore
2600 2852 2675 2901 vi-

1606 2914 1760 2965 detur
1783 2929 1960 2968 versus
1992 2921 2250 2986 laborare,
2283 2940 2399 2975 cum
2439 2933 2462 2978 t
2491 2928 2545 2977 in
2567 2927 2673 2979 fine

1604 2994 1856 3059 corripiat
1894 2998 2144 3062 syllabam
2164 3017 2181 3050 :
2213 3003 2311 3052 sed
2347 3012 2674 3056 sustentatur

1604 3083 1671 3119 ex
1715 3079 1952 3125 veterum
1999 3075 2231 3143 licentia,
2276 3082 2463 3145 quibus
2507 3083 2669 3136 etiarn

1602 3147 1943 3210 producebat.
2024 3153 2201 3219 Livius
2244 3156 2574 3209 Andronicus
2615 3162 2669 3212 in

1601 3225 1879 3292 Odyssea:
1913 3230 1930 3259 ⁴
1948 3232 2079 3282 Cum
2102 3227 2270 3284 socios
2292 3243 2500 3290 nostros
2522 3252 2670 3295 man·

1598 3302 1763 3353 disset
1785 3305 1971 3370 impius
1994 3308 2260 3374 Cyclops?
2322 3313 2523 3363 Ennius
2538 3329 2556 3364 ι
2575 3316 2592 3343 ‘
2608 3314 2667 3366 It

1597 3394 1776 3445 eques,
1810 3389 1867 3432 et
1888 3384 2072 3447 plausu
2097 3401 2225 3437 cava
2244 3390 2486 3439 concutit
2501 3403 2668 3455 ungu-

1595 3455 1897 3518 la'terramss
1940 3461 2087 3510 Idem
2110 3479 2124 3512 :
2146 3462 2163 3491 ⁴
2187 3462 2372 3515 Omnis
2390 3480 2516 3517 cura
2539 3468 2666 3517 viris

1594 3538 1713 3582 nter
1734 3542 1877 3585 esset
1899 3536 2276 3603 induperator?
2342 3543 2514 3593 Item:
2539 3544 2555 3571 ⁴
2574 3544 2665 3594 In-

1592 3606 1671 3672 fit,
1695 3610 1745 3660 Ο
1769 3613 1931 3678 cives,
1953 3614 2073 3679 quae
2102 3630 2185 3666 me
2207 3616 2417 3668 fortuna
2450 3617 2564 3670 fero
2585 3621 2665 3671 sic

1594 3686 1843 3739 Contudit
1864 3690 2081 3755 indigno
2098 3692 2258 3757 bello,
2271 3694 2508 3746 confecit
2523 3711 2666 3747 aces·-

1592 3762 1698 3815 bo!
1735 3768 1967 3819 Falimus.

1654 3839 1846 3894 Atiae!
1895 3844 1981 3893 hoc
2022 3846 2141 3895 illud
2172 3846 2269 3909 est]
2301 3847 2428 3899 Sub.
2462 3850 2538 3900 sic
2573 3866 2662 3901 co·

1590 3918 1851 3981 gitabam:
1888 3928 2010 3972 aut:
2045 3932 2251 3987 egomet
2281 3928 2661 3979 continuone-

1589 4010 1728 4057 cum,
1761 4003 2029 4062 utsupra:
2067 4008 2302 4052 ceterum
2344 4005 2464 4055 illa:
2499 4010 2515 4035 ‘
2538 4007 2659 4057 Hoc

1586 4071 1716 4122 illud
1736 4081 1847 4124 est:
1886 4069 2005 4126 binc
2032 4077 2132 4127 illae
2155 4079 2409 4132 lacrimae:
2434 4084 2661 4136 hoec’illa

1588 4156 1670 4198 est
1688 4150 2046 4203 misericordia
2067 4155 2099 4204 :'
2130 4157 2355 4208 animum
2385 4162 2524 4210 senis
2559 4161 2662 4213 sol·

1588 4226 1864 4278 lieitndine
1922 4233 2287 4295 perturbatum
2323 4239 2655 4291 ostendunt:

1587 4305 1804 4356 multum
1827 4307 1962 4359 enim
1986 4310 2069 4361 hic
2107 4314 2371 4378 repetitio,
2403 4323 2460 4366 et
2498 4317 2656 4369 inter-
