3035 4941
513 326 687 393 1246

583 494 648 541 19
695 491 888 553 Nequeo
923 488 1093 539 mirari
1123 486 1266 548 satis]
1311 486 1459 537 Bene
1489 484 1575 535 hic

514 584 692 634 omnes
746 569 1065 632 suspiciones
1127 568 1193 616 ad
1249 566 1576 624 Eunuchum,

511 660 663 710 quem
683 646 845 704 novit,
864 655 1103 696 revocat:
1126 643 1293 693 nescit
1311 643 1575 692 Chaeream

517 722 768 788 siquidem
795 723 928 773 hunc
952 737 1077 771 esse.
1122 724 1190 771 Et
1213 721 1345 770 mira
1367 720 1576 775 locutio,

519 814 615 863 pro
638 811 703 849 eo
724 801 860 864 quod
884 808 983 862 est,
1001 800 1170 848 nescio.
1206 800 1464 848 Donatus.

579 884 646 929 20
678 879 914 942 Ignavus]
950 877 1037 927 ΑΙ.
1057 877 1274 939 ignarus,
1293 875 1480 939 hospes
1503 886 1577 923 sca

516 956 716 1005 viarum
743 956 973 1019 ignarus.
1009 952 1297 1003 Furnabius.

579 1037 643 1081 21
690 1032 803 1082 Vise
838 1030 1003 1080 amabo
1031 1044 1144 1078 num
1171 1028 1262 1092 sit]
1297 1028 1443 1078 Domi
1465 1026 1581 1076 sub-

515 1108 833 1158 andiendum
858 1115 972 1156 est:
1006 1114 1118 1169 aut,
1140 1107 1155 1135 ‘
1178 1106 1315 1156 Num
1340 1105 1408 1154 sit
1438 1103 1577 1169 quod

516 1186 685 1237 dicis!
722 1186 960 1235 Donatus.
991 1191 998 1200 ‘

582 1266 647 1312 24
681 1262 780 1311 Sed
799 1262 923 1311 nihil
941 1260 1144 1324 potesse]
1198 1260 1272 1310 Ut
1296 1259 1578 1309 voluntatis

518 1342 594 1389 rei
619 1340 742 1399 sint,
765 1354 864 1387 non
888 1340 1046 1388 etiam
1068 1337 1214 1388 facti.
1252 1338 1402 1386 Idem.

584 1416 679 1465 Sed
701 1417 825 1464 nihil
842 1414 1051 1480 potesse]
1068 1416 1175 1467 Jul.
1193 1417 1253 1465 C.
1275 1414 1466 1478 Scalig.
1489 1427 1579 1462 ex·

517 1501 625 1542 erc.
686 1497 803 1543 275.
851 1492 1063 1554 coeunt,
1101 1493 1288 1557 inquit,
1323 1491 1415 1540 sed
1455 1491 1580 1541 nihil

519 1570 786 1619 emittunt.
798 1568 1035 1621 Juvenal.
1055 1572 1160 1618 Sat.
1177 1583 1257 1617 νι.
1272 1569 1287 1596 ‘
1305 1561 1438 1617 Sunt
1452 1582 1582 1632 quas

517 1647 754 1698 Eunuchi
776 1646 1160 1708 imbelles,'&c.
1184 1646 1420 1695 Martiai.
1441 1646 1478 1694 l.
1500 1659 1581 1697 νι.

519 1726 620 1788 Ep.
645 1727 729 1775 39.
753 1731 809 1774 et
824 1728 906 1773 62.
932 1722 1300 1786 Aphrodisaeus
1316 1722 1351 1771 1.
1370 1734 1411 1770 ι.
1447 1721 1581 1770 Pro*-

517 1802 678 1852 blem.
711 1800 1014 1852 Philostrat.
1034 1801 1071 1848 l.
1102 1814 1140 1851 1.
1162 1814 1209 1849 c.
1229 1803 1312 1849 28.
1359 1798 1582 1849 Hieron.

519 1878 687 1943 Epist.
712 1877 778 1927 ad
797 1879 1015 1927 Laetam.
1052 1876 1341 1926 Farnobius.

591 1954 762 2004 Verum
797 1954 982 2003 miserae
1016 1968 1109 2003 non
1143 1953 1197 2002 t'n
1218 1959 1419 2003 mentem
1446 1966 1583 2002 vene·

515 2032 619 2096 rat]
654 2032 793 2092 Non,
815 2032 941 2080 nihil
961 2045 1114 2095 posse
1138 2045 1247 2094 eos,
1271 2031 1361 2080 sed
1386 2035 1584 2079 amato·

516 2122 601 2156 res
621 2122 735 2158 esse
756 2108 1021 2158 maximos.
1086 2108 1168 2157 Ad
1208 2114 1407 2172 partem
1444 2107 1584 2156 enim

519 2186 795 2235 sententiae
837 2185 1069 2250 pertinet
1107 2186 1241 2249 qnod
1281 2184 1431 2246 dicit,
1468 2184 1587 2232 Non

517 2261 570 2309 in
610 2267 815 2311 mentem
870 2265 1063 2314 venerat
1083 2277 1102 2310 .·
1154 2275 1256 2309 non
1300 2260 1366 2309 ad
1411 2266 1582 2309 totum

518 2338 657 2400 quod
681 2338 968 2388 audivisset
990 2336 1201 2386 dudum.
1268 2336 1442 2386 Etiam
1480 2335 1584 2385 nisi

520 2417 731 2480 penitus
747 2416 989 2480 negative
1009 2415 1439 2476 consideraveris„
1460 2427 1582 2463 con-

521 2494 773 2543 troversia
806 2494 979 2545 inerit.
1043 2493 1097 2543 Si
1122 2493 1260 2543 enim
1283 2493 1407 2543 nihil
1429 2508 1582 2557 posse

521 2573 782 2634 audieras,
820 2572 944 2636 quid
983 2579 1066 2621 est
1097 2570 1232 2636 quod
1273 2571 1322 2619 in
1353 2576 1582 2619 mentem

520 2666 622 2701 non
645 2651 849 2700 venerit
871 2658 930 2701 ut
955 2651 1178 2700 vitares?
1219 2657 1392 2700 utrum
1423 2649 1584 2714 igitur

520 2733 778 2779 amatores
796 2728 1066 2776 mulierum
1091 2741 1201 2775 esse
1224 2723 1471 2774 maximos
1493 2740 1587 2774 au«

521 2804 746 2863 dieras?
770 2803 907 2866 quod
952 2803 1120 2868 ipsum
1162 2802 1427 2851 vitandum
1459 2800 1581 2850 fuit.

522 2881 709 2946 Neque
743 2882 879 2930 enim
906 2882 1004 2931 hoc
1041 2881 1166 2930 satis
1190 2887 1271 2931 est
1294 2878 1358 2928 ad
1384 2878 1582 2942 pudici-

520 2952 666 3021 tiam,
686 2965 922 3022 stuprum
948 2959 1161 3022 vitasse,
1176 2973 1293 3008 cum
1316 2956 1582 3020 impudica

439 3084 442 3087 .
518 3032 634 3083 fieri
656 3035 739 3083 vel
765 3036 872 3084 solo
895 3035 1073 3084 osculo
1098 3034 1280 3096 possit,
1297 3046 1449 3097 quam
1472 3045 1581 3081 om-

516 3112 641 3160 nino
663 3112 918 3175 integram
948 3119 1005 3161 et
1034 3110 1285 3161 illibatam
1309 3109 1453 3158 velia.
1494 3107 1580 3156 An

485 3237 491 3259 l
527 3187 703 3237 Verum
738 3203 841 3237 non
875 3188 979 3238 erit
1010 3187 1323 3251 conjunctio,
1360 3184 1450 3234 sed
1495 3199 1582 3233 no·

520 3264 674 3312 men?
707 3264 915 3313 utillud
948 3263 1093 3327 quasi
1121 3261 1304 3311 falsum
1335 3260 1582 3310 audierit.

519 3339 618 3389 hoc
641 3346 835 3402 autem,
856 3338 990 3404 quod
1012 3353 1187 3388 verum
1202 3338 1467 3387 inventum
1484 3344 1584 3398 est,

521 3431 624 3465 non
646 3416 757 3479 ipsa
782 3408 1047 3480 suspicata
1067 3416 1154 3465 sit.
1220 3415 1356 3464 Nam
1379 3415 1431 3463 in
1454 3430 1582 3464 men·

520 3497 616 3542 tem
636 3494 813 3556 venire,
833 3507 931 3542 non
957 3493 1218 3542 reminisci
1242 3500 1465 3555 tantum,
1488 3492 1584 3542 sed

521 3570 682 3619 etiam
702 3570 938 3632 cogitare
960 3567 1239 3632 significat.
1272 3568 1359 3619 Sic
1382 3568 1586 3633 Cicero,

519 3650 537 3675 ⁴
559 3646 624 3696 In
661 3655 885 3696 mentem
923 3646 1019 3696 tibi
1050 3658 1151 3696 non
1192 3647 1355 3711 venit,
1376 3661 1582 3696 causam

479 3776 484 3787 .
520 3723 782 3787 publicam
806 3724 1098 3795 sustinere?
1116 3723 1169 3772 id
1191 3732 1291 3786 est,
1317 3738 1419 3773 non
1444 3724 1584 3789 cogi-

522 3808 620 3861 ωε,
641 3816 740 3851 non
765 3801 1060 3865 suspicaris.
1093 3802 1329 3852 Donatus.

594 3874 774 3927 ’Verum
808 3877 1019 3940 miserae]
1068 3878 1125 3928 Si
1157 3894 1319 3928 verum
1338 3893 1436 3943 pro
1460 3893 1584 3928 con-

514 3955 792 4020 junctione
834 3957 1136 4021 accipimus,
1176 3956 1584 4006 subaudiendum

522 4033 647 4094 erit,
677 4039 909 4083 amatores
928 4033 1176 4084 mulierum
1195 4049 1274 4083 eos
1302 4047 1397 4083 esse
1430 4034 1584 4083 maxi-

521 4124 637 4158 mos.
668 4106 838 4161 Idem.

591 4185 653 4235 In
674 4194 874 4237 mentem
903 4204 999 4237 non
1028 4187 1247 4251 venant]
1300 4187 1419 4236 Non
1444 4184 1584 4250 quod

525 4261 817 4313 audieram:
852 4263 965 4328 sed,
995 4264 1132 4329 quod
1168 4265 1252 4312 hic
1284 4261 1429 4313 fecit.
1498 4262 1585 4312 An

1215 337 1430 389 NOTAE
1483 337 1881 390 VARIORUM
1935 335 2012 387 IN

1648 497 1749 536 non
1785 488 1924 537 aliud
1961 488 2013 536 in
2043 491 2272 536 mentem
2306 487 2557 536 venerat?
2606 491 2703 533 non

1648 564 1852 615 scilicet
1890 559 2147 630 facturum
2187 563 2343 614 fuisse
2388 564 2529 629 quod
2563 562 2707 613 fecit.

1650 643 1802 693 Idem.
1882 643 1887 650 ‘

1719 721 1828 770 Non
1861 718 2151 782 immeritem
2185 720 2405 784 venerat]
2462 720 2572 769 Aut
2610 716 2711 768 non

1651 804 1764 846 erat
1787 799 2073 860 cogitatum
2096 816 2109 849 ε
2151 805 2360 849 autnon
2378 810 2519 846 eram
2545 811 2715 846 recor-

1652 873 1792 923 data.
1825 875 1976 925 Idem.

1725 952 1897 1003 Verum
1919 953 2106 1003 miseroe
2139 968 2233 1002 non
2260 952 2315 1002 *in
2348 959 2552 1003 mentem
2582 944 2716 1017 pen]

1653 1031 1879 1093 Egregie
1905 1039 2186 1096 nugantur,
2216 1031 2305 1094 qui
2328 1045 2493 1079 verum
2514 1031 2597 1078 liic
2621 1036 2719 1096 pro

1653 1110 1856 1159 veritate
1879 1110 2144 1173 accipiunt
2162 1126 2178 1171 ;
2212 1113 2226 1138 ‘
2246 1107 2409 1161 Quasi
2431 1106 2599 1169 illud,'
2619 1109 2717 1155 ὅτε.

1655 1187 1792 1250 apud
1829 1188 2111 1246 Donatum,
2146 1186 2235 1236 ubi
2276 1187 2417 1235 clara
2453 1183 2719 1233 sententia
2776 1173 2782 1180 ’

1654 1263 1841 1313 misere
1863 1259 2158 1314 intricatur.
2189 1261 2450 1312 Boeelerus.
2708 1257 2713 1264 '

1717 1346 1780 1391 25
1834 1344 1961 1391 Nam
1997 1342 2134 1391 {uum
2172 1342 2330 1405 aliquo
2373 1337 2718 1401 conclusissem]

1655 1419 1792 1469 Mire
1816 1419 2160 1470 conclusissent
2176 1420 2332 1481 dixit,
2351 1427 2408 1468 ut
2427 1434 2619 1468 saevam
2643 1414 2719 1485 fess

1656 1511 1783 1547 ram.
1817 1498 1893 1547 sic
1917 1498 2077 1547 aiibi:
2130 1503 2145 1527 ‘
2165 1498 2474 1547 Conclusam
2509 1496 2595 1545 hic
2628 1495 2720 1545 ha-

1656 1573 1757 1623 beo
1780 1589 1994 1624 uxorem
2019 1573 2252 1623 saevam.’
2285 1573 2523 1622 Donatus.
2710 1573 2714 1580 '

1723 1651 1891 1715 Neque
1919 1652 1996 1701 illi
2021 1651 2348 1699 commisissem
2369 1647 2632 1710 virginem]
2665 1645 2718 1712 Si

1657 1728 1742 1776 vei
1783 1733 2064 1778 amatorem
2111 1734 2310 1779 tantum
2354 1726 2720 1775 meminissem.
2752 1733 2755 1740 '¹

1659 1806 1811 1857 Idem.
2706 1860 2713 1866 ⁶

1721 1882 1908 1931 Scmu
1950 1894 2026 1932 ιν.
2080 1879 2323 1930 Iambicis
2374 1876 2608 1927 Senariis
2667 1883 2724 1926 et

1656 1960 1957 2009 Trochaicis
2002 1956 2316 2021 septenariis
2356 1963 2563 2005 constat
2608 1955 2721 2002 haec

1657 2049 1831 2085 scena.
1855 2050 1929 2084 νε.
1947 2040 1997 2085 2.
2012 2035 2134 2096 fine,
2153 2032 2612 2098 Argentoratensis
2632 2046 2724 2079 co.-

1657 2111 1780 2172 dex,
1801 2113 1916 2162 eho:
1939 2112 2106 2162 nostri
2128 2112 2254 2159 Mss.
2283 2110 2361 2158 αΙι.
2395 2123 2470 2155 νε.
2489 2112 2538 2156 4.
2560 2122 2722 2156 unus:

1655 2190 1857 2239 mutatio
1890 2194 1982 2239 est.
2019 2203 2096 2238 vs.
2119 2192 2168 2237 8.
2191 2186 2325 2235 dno:
2361 2184 2488 2234 istuc
2518 2185 2601 2247 pol
2627 2199 2723 2232 non

1656 2267 1786 2318 bene.
1808 2277 1938 2317 unus
1955 2265 2120 2323 addit,
2128 2266 2336 2326 factum.
2362 2278 2436 2312 νε.
2453 2266 2534 2311 13.
2556 2265 2724 2311 unus}

1654 2361 1766 2395 nam
1786 2345 1934 2395 alium
1950 2344 2118 2394 habuit
2132 2342 2381 2392 neminem.
2408 2354 2482 2390 vs.
2499 2342 2580 2387 17.
2614 2353 2722 2387 om-

1655 2436 1781 2475 ues:
1816 2437 1939 2473 nune
1961 2438 2013 2473 eo
2034 2420 2127 2472 tibi
2157 2417 2407 2477 uidet-urs.
2433 2425 2488 2465 et
2523 2431 2603 2465 vs.
2639 2419 2722 2466 18.

1649 2502 1912 2563 paululum.
1938 2514 2010 2550 vs.
2032 2502 2116 2549 21.
2149 2511 2311 2547 unus:
2355 2495 2434 2543 hic
2459 2498 2532 2542 est
2570 2498 2723 2552 cetus,

1655 2577 1897 2634 incurvus,
1919 2581 2102 2626 veteru.
2126 2574 2204 2623 νε.
2224 2577 2305 2622 24.
2341 2586 2471 2620 unus
2493 2588 2506 2619 z
2543 2570 2629 2619 eho
2650 2575 2722 2625 tu,

1656 2667 1744 2714 ego
1766 2653 1859 2702 emi
1894 2658 1958 2702 te.
1994 2668 2068 2701 vs.
2097 2646 2180 2700 27‘.
2215 2663 2434 2699 omnes:
2485 2646 2569 2696 hoc
2604 2647 2722 2695 milri

1655 2747 1780 2781 nunc
1801 2731 1983 2795 expedi.
2007 2744 2086 2781 νε.
2121 2733 2202 2778 35.
2249 2728 2382 2776 duo:
2410 2726 2573 2788 jamne
2605 2726 2727 2773 satis

1656 2823 1726 2856 cr.
1760 2822 1837 2857 νε.
1855 2811 1938 2856 40.
1965 2806 2098 2855 duo:
2131 2810 2179 2854 et
2202 2819 2306 2853 eam
2326 2807 2397 2852 est
2411 2802 2623 2851 indutus.
2648 2817 2725 2850 vs.

1656 2889 1740 2935 47.
1790 2899 2002 2934 omnes:
2051 2884 2200 2946 intro,
2239 2882 2565 2942 omittentes,
2599 2895 2725 2928 nunc

1643 2962 1768 3023 jam.
1810 2976 1890 3012 vs.
1928 2966 2010 3011 54.
2047 2961 2184 3008 duo:
2235 2961 2357 3022 quod
2391 2957 2520 3006 scias
2551 2957 2726 3007 nescis.

1657 3039 1844 3089 tertius
1867 3057 1878 3087 ε
1902 3040 2025 3102 quod
2042 3037 2166 3086 scias
2184 3036 2381 3085 nescias.
2419 3049 2494 3084 vs,
2517 3039 2598 3085 55.
2622 3049 2728 3083 om-

1657 3129 1749 3163 nes
1772 3131 1784 3164 ε
1822 3114 1882 3164 ab
1901 3115 2030 3164 omni
2052 3113 2205 3163 turba.
2230 3112 2528 3169 ⁴Baeclerus.

1725 3196 1750 3240 1
1788 3192 2040 3250 Exisoras
2066 3189 2286 3252 sceleste]
2335 3189 2609 3240 Jocundus
2644 3203 2722 3236 er-

1661 3283 1766 3331 ror,
1792 3270 1841 3318 in
1876 3284 1979 3333 quo
2013 3283 2115 3316 non
2144 3267 2355 3316 dubitet
2380 3266 2626 3316 Pliaedria
2645 3267 2724 3329 ip-

1658 3359 1770 3393 sum
1794 3358 1912 3392 esse
1936 3345 2023 3408 qui
2048 3343 2332 3406 quaeritnr:
2369 3357 2546 3390 verum
2584 3343 2722 3390 insu-

1653 3435 1754 3484 per
1775 3420 1850 3470 sic
1874 3419 2193 3485 aggreditur,
2231 3424 2476 3485 tanquam
2501 3420 2565 3468 sit
2593 3420 2726 3483 ipse,

1658 3498 1896 3546 Donatus.

1723 3573 1955 3637 Sceleste]
2003 3573 2172 3625 Quale
2203 3579 2288 3622 est
2318 3573 2597 3622 scelestum
2635 3560 2725 3634 apss

1660 3650 1860 3714 pellari,
1880 3649 1967 3715 qui
1993 3650 2115 3699 nihil
2140 3650 2310 3699 sciat?
2344 3650 2496 3698 Idem.

1725 3724 1969 3788 Restitas]
2017 3725 2334 3774 Necessario
2371 3725 2603 3786 restitat,
2635 3724 2723 3787 qui

1658 3801 1876 3851 miratur
1895 3817 1950 3850 se
1973 3801 2221 3864 protrahi.
2256 3801 2408 3850 Idem.

1725 3882 1756 3926 2
1791 3876 2043 3940 Fugitive]
2100 3878 2170 3928 Et
2194 3877 2472 3927 scelestum
2504 3884 2560 3925 et
2591 3876 2724 3940 fugi-

1660 3953 1820 4003 tivum
1837 3955 2092 4018 increpat,
2112 3955 2164 4003 in
2182 3953 2320 4003 hunc
2337 3953 2535 4004 crimen
2560 3961 2724 4002 trans-

1660 4029 1836 4080 ferens
1860 4030 2113 4080 Chaereae.
2148 4031 2300 4080 Idem
2716 4018 2719 4025 ¹

1727 4108 1859 4156 Male
1894 4106 2165 4170 conciliate]
2209 4105 2490 4170 Oportune
2522 4104 2722 4156 adoles-

1660 4184 1882 4235 censhic’
1891 4185 2360 4248 exprobratmunus
2377 4197 2563 4246 magno
2581 4196 2721 4245 emp·

1658 4269 1786 4312 tum.
1820 4262 1969 4325 Male,
1986 4275 2170 4325 magno
2192 4259 2472 4324 significat,
2487 4271 2546 4312 ut
2562 4261 2719 4310 Plau·
