3035 4941
602 417 773 485 1378

601 594 697 645 per
716 577 961 645 cip-nlo.
1002 577 1320 641 Emanium.

665 657 798 707 Adeo
832 662 1110 708 exornatum
1150 654 1290 718 dabo]
1337 654 1654 705 Verberibus

599 741 654 783 et
675 733 907 783 cruciatu
930 733 1288 783 carminatum.
1368 731 1457 782 1’11
1473 748 1527 782 so
1543 731 1657 782 erim

598 810 711 860 him.
746 809 1049 860 Fornahius.

666 889 732 935 ’18
768 885 903 936 Adeo
947 884 1200 949 ἅψεα-σιω]
1237 885 1353 934 Hoc
1381 890 1478 949 est,
1519 898 1655 935 com·

600 963 826 1027 positum
848 963 1016 1028 poenis
1051 969 1106 1012 et
1137 962 1428 1013 tormentis.
1463 963 1654 1025 Eug'm·

596 1040 755 1103 plaiae.

1290 432 1504 481 No'rAE
1555 427 1960 480 VAluontJM
2009 431 2088 479 nt

1729 574 1820 639 ris,
1843 575 2154 640 exemplum.
2185 574 2201 605 ‘
2222 573 2361 626 Nam
2385 573 2520 640 qnod
2544 570 2783 635 exemplo

1727 651 1808 713 fit,
1829 653 1882 702 is
1915 652 2068 702 etiam
2087 653 2211 715 jnre
2227 651 2342 702 fieri
2364 657 2573 716 putant.
2609 649 2782 712 Atque

1731 728 1946 792 aliquid,
1960 734 2115 793 atque
2139 727 2269 777 adeo
2290 727 2451 777 multa
2473 724 2695 775 afferunt
2715 722 2785 771 de

1730 808 1855 854 suo.’
1895 805 2001 856 Cic.
2027 805 2063 854 l.
2088 818 2169 855 ιν.
2195 805 2361 869 Epist.
2386 809 2434 853 8.
2469 801 2753 854 Pan-aban.

1791 885 1825 931 6
1870 883 2056 940 Nescio,
2078 896 2163 932 nec
2182 881 2414 932 rationem
2434 880 2592 944 capio]
2627 875 2786 931 Dissi-

1728 959 1891 1009 mulat
1924 960 2261 1011 Menedemus
2301 974 2355 1009 se
2387 961 2541 1021 scire,
2561 958 2700 1023 qnod
2724 969 2788 1005 ex

1729 1037 2004 1087 Chremete
2042 1038 2325 1088 audiverat.
2389 1037 2481 1088 Ita
2514 1038 2655 1085 enim
2678 1039 2789 1083 erat

665 1113 944 1179 Depeaeum]
964 1113 1184 1179 Flagris.
1210 1114 1656 1187 Plaut.Menaech.
1718 1112 1978 1177 juvandus
2018 1114 2248 1179 Clitipho
2285 1114 2472 1163 solatio
2510 1121 2565 1161 et
2600 1110 2787 1166 officio,

598 1191 615 1219 ⁴
633 1191 802 1240 Pecte
826 1190 1009 1254 pugnis
1026 1189 1063 1240 :’
1098 1197 1201 1240 act.
1238 1204 1293 1240 v.
1315 1206 1388 1241 sc.
1412 1196 1461 1242 7.
1506 1191 1656 1241 Poen.

600 1277 705 1318 act.
726 1282 767 1316 1.
789 1281 862 1319 sc.
882 1271 929 1317 2.
964 1268 980 1295 ‘
1001 1268 1142 1317 Leno
1174 1268 1359 1332 pugnis
1396 1265 1658 1332 pectitur?

603 1342 746 1393 Rnd.
766 1349 866 1394 act.
889 1357 980 1393 111.
1001 1357 1073 1393 se.
1094 1348 1145 1394 2.
1181 1343 1464 1394 Famabius.

606 1437 611 1438 ⁷
663 1422 729 1467 80
757 1418 925 1470 Viam
943 1419 1154 1482 mlieri]
1178 1420 1364 1470 Facilis
1387 1419 1523 1470 enim
1540 1419 1655 1470 illn-

608 1494 686 1552 sio
730 1501 813 1545 est
854 1496 906 1544 in
947 1510 1082 1557 eam,
1125 1500 1240 1560 quai
1279 1502 1334 1546 et
1373 1497 1560 1546 mulier
1601 1502 1656 1546 et

600 1569 759 1620 vidua
780 1577 880 1620 est.
912 1571 1238 1635 Bag-raphim.

673 1647 843 1698 Vidua
894 1648 1106 1711 mlien']
1167 1649 1230 1698 In
1274 1662 1428 1713 quam
1468 1649 1657 1714 injuria

597 1719 902 1788 plerumque
942 1724 1215 1787 impunita.
1279 1725 1499 1778 Quintil.
1546 1728 1654 1776 De-

601 1798 749 1849 clam.
781 1798 1079 1849 ‘Imbecilla
1100 1814 1185 1850 res
1220 1806 1302 1851 est
1330 1800 1565 1866 foemina,
1599 1810 1656 1853 et

597 1876 754 1927 affert
799 1877 1086 1929 infirmitati
1122 1878 1344 1929 naturali
1390 1892 1491 1928 non
1543 1880 1656 1930 leve

598 1954 819 2018 pondus,
839 1955 978 2020 qnod
997 1956 1153 2006 vidua
1175 1956 1284 2007 est.’
1317 1956 1604 2006 Fumobius.

664 2032 851 2081 Sczru
865 2046 930 2082 ιι.
951 2032 1143 2083 Satura
1158 2039 1258 2094 est,
1270 2046 1336 2082 ex
1352 2033 1655 2082 Trochaicis

598 2109 919 2159 catalecticis
941 2116 998 2158 et
1019 2109 1259 2159 Iamhicis
1282 2108 1655 2159 acatalecticis.

600 2200 676 2236 vs.
696 2190 748 2237 2.
770 2200 902 2235 nnus
935 2186 1061 2237 Mss.
1085 2187 1280 2237 omittit
1309 2188 1367 2236 de
1385 2201 1474 2237 me.
1510 2201 1585 2236 vs.
1605 2190 1655 2235 7.

599 2276 797 2324 omnes,
818 2269 875 2312 nt
893 2262 979 2313 ed.
1021 2278 1096 2313 vs.
1115 2266 1195 2312 11.
1214 2276 1420 2313 omnes:
1441 2268 1499 2312 ut
1511 2277 1657 2325 neque

597 2344 653 2388 tu
672 2352 846 2399 egeres.
890 2353 966 2390 vs.
989 2343 1069 2388 18.
1101 2338 1319 2402 Argent.
1350 2339 1493 2401 prius
1511 2339 1654 2389 cua·-

592 2416 689 2480 pho
731 2416 876 2467 disce.
919 2430 996 2466 vs.
1032 2421 1111 2468 19.
1148 2416 1284 2467 idem
1333 2431 1399 2466 ex
1445 2418 1649 2483 glossa:

490 2493 494 2498 '
597 2494 716 2543 istoc
733 2499 859 2544 noto.
879 2508 958 2545 vs.
973 2497 1057 2544 22.
1078 2488 1210 2544 dn'o:
1244 2509 1380 2543 nemo
1402 2500 1450 2544 te
1468 2501 1657 2545 demat

600 2568 742 2634 Syre.
774 2583 850 2620 vs.
869 2574 950 2620 25.
990 2584 1194 2621 omnes:
1228 2570 1342 2635 quid
1380 2570 1539 2635 Syre?
1579 2587 1653 2623 vs.

600 2647 683 2694 88.
705 2658 882 2694 omnes
899 2661 917 2695 .·
947 2647 1069 2709 quod
1089 2645 1143 2694 in
1163 2646 1444 2696 mentemihi
1464 2652 1553 2696 est.
1577 2663 1651 2697 vs.

600 2723 685 2778 48.
708 2720 844 2771 duo:
879 2722 1013 2783 cuias
1031 2722 1098 2771 sis
1125 2723 1285 2788 filius,
1323 2739 1440 2774 cum
1463 2726 1656 2789 glossa.

601 2811 679 2849 vs.
697 2802 779 2849 44.
805 2814 934 2849 unus
957 2799 1156 2850 omittit
1175 2798 1234 2849 τὸ
1253 2801 1320 2851 ia.
1344 2817 1416 2853 vs.
1438 2807 1522 2852 46.
1548 2817 1654 2853 om-

601 2888 694 2923 nes
715 2888 729 2923 =
777 2890 915 2926 anne.
951 2890 1024 2927 vs.
1048 2878 1130 2925 47.
1166 2875 1301 2926 duo:
1353 2877 1409 2927 ob
1443 2878 1529 2927 Ιιοο
1563 2893 1657 2942 pro

599 2951 768 3001 adhuc.
815 2967 887 3001 vs.
905 2957 987 3003 48.
1028 2966 1201 3001 omnes
1223 2966 1237 3001 z
1281 2953 1391 3003 hinc
1430 2969 1556 3004 nunc
1592 2958 1658 3006 ad

599 3028 792 3078 Mened.
810 3043 1022 3092 pergam.
1055 3028 1340 3079 Boeclerus.

664 3108 693 3153 1
728 3105 868 3154 Itone
887 3103 1099 3166 tandem]
1116 3102 1200 3153 Ad
1224 3105 1655 3158 satisfaciendum

597 3180 741 3230 valet
756 3180 868 3229 haec
891 3194 1069 3243 scena,
1091 3187 1146 3230 et
1159 3182 1359 3233 veniam
1378 3186 1530 3249 petit.
1554 3187 1656 3236 Eu-

593 3258 842 3321 graphius·

664 3338 709 3382 1.
729 3338 761 3382 2
801 3335 870 3384 Ut
888 3340 1027 3398 pater
1046 3336 1216 3385 tamin
1236 3336 1366 3386 brevi
1384 3341 1538 3401 spatio
1557 3355 1653 3389 om-

595 3423 701 3457 nem
719 3411 778 3459 de
800 3424 872 3459 me
893 3409 1001 3470 o'ec.
1019 3411 1166 3463 anim.
1194 3412 1379 3475 patris]
1412 3412 1656 3479 Ἐνέργεια

598 3484 872 3548 singularis
895 3486 948 3535 in
975 3487 1168 3550 verbis,
1203 3503 1320 3553 qnae
1356 3490 1655 3554 frequentia

598 3561 763 3610 voluit
785 3575 900 3611 esse
923 3561 1077 3624 poeta
1094 3577 1107 3608 ε
1127 3568 1267 3626 pater
1287 3564 1424 3625 decit
1445 3567 1654 3618 animem

593 3637 770 3699 putris,
791 3645 846 3688 et
884 3638 935 3687 in
967 3642 1067 3688 tm
1103 3640 1232 3689 brevi
1271 3643 1444 3705 spatio.
1511 3644 1653 3695 Hoc·

596 3712 716 3763 cine
755 3719 838 3763 est
870 3713 1122 3765 credibile
1154 3723 1244 3766 aut
1281 3719 1649 3779 memorabile:

596 3788 727 3838 itane
758 3792 963 3849 tandem,
1003 3805 1175 3854 «μου,
1211 3798 1301 3854 est,
1343 3795 1616 3846 Menedemo
1630 3795 1657 3848 2

599 3865 759 3928 Nota,
778 3880 928 3930 quam
945 3865 1206 3932 significet
1221 3869 1449 3933 graviter
1466 3870 1527 3920 τὸ
1547 3877 1653 3923 tan·

595 3943 714 3992 dem.
748 3943 1031 3993 Boeclerus.

660 4022 695 4069 4
735 4020 882 4082 Vulgo
907 4020 1126 4085 sacismt]
1163 4021 1315 4073 Quod
1345 4024 1653 4076 meretrices

596 4111 770 4147 omnes
793 4103 969 4147 amant
987 4099 1359 4161 adolescentes.
1406 4102 1475 4151 Et
1498 4116 1652 4166 argu-

538 4209 543 4218 .
597 4179 895 4222 mentatur:
929 4173 1050 4238 quia
1082 4175 1217 4239 quod
1254 4176 1486 4229 omnibus
1508 4178 1655 4243 licet,

599 4248 689 4297 uni
710 4248 856 4299 licet.
890 4250 1214 4314 Eugrapkim.

673 4325 823 4388 Volgo
841 4327 892 4375 id
910 4325 1126 4389 faciunt]
1161 4314 1412 4393 Purgatio
1436 4332 1652 4396 popula·

1729 1194 1787 1240 ut
1817 1192 2021 1255 parenti
2055 1196 2325 1241 constaret
2358 1190 2668 1249 auctoritas,
2701 1201 2787 1237 ne·

1727 1281 1832 1330 -que
1871 1275 2291 1332 corrumperetur
2328 1266 2529 1317 consilii
2573 1264 2787 1314 fructus.

1727 1342 1988 1394 Boeclerus.

1793 1420 1897 1469 Hic
1931 1426 2113 1484 patrem
2144 1426 2301 1470 astare
2320 1418 2501 1482 aiebas]
2536 1417 2786 1468 Menede-

1728 1510 1858 1556 mus,
1882 1497 2093 1562 negotio
2118 1497 2302 1546 Cliniae
2325 1497 2627 1560 nuptiarum
2650 1493 2785 1558 apud

1728 1574 2055 1624 Chremetem
2075 1573 2574 1638 confecto,propere
2592 1572 2789 1635 ingres—

1729 1653 1836 1707 sus,
1863 1656 1921 1700 ut
1944 1650 2105 1700 fllium
2131 1663 2316 1714 parare
2331 1648 2546 1714 juberet
2572 1648 2637 1698 ad
2663 1662 2788 1712 nup-

1730 1726 1850 1788 tias,
1879 1726 2059 1775 eadem
2101 1740 2259 1790 opera
2299 1725 2586 1790 Clitiphoni
2633 1739 2787 1787 expo·

1730 1803 1853 1864 suit,
1876 1802 2308 1868 quemadmodum
2331 1810 2484 1866 pater
2506 1803 2676 1866 ipsum
2703 1816 2789 1850 ex·

1728 1880 1988 1930 haeredem
2025 1880 2153 1931 velit
2174 1894 2321 1940 esse;
2356 1893 2650 1944 magnaque
2675 1892 2786 1941 per·

1730 1963 1898 2006 motus
1915 1956 2198 2018 iracundia,
2215 1956 2385 2006 omnia
2402 1970 2494 2006 sua
2512 1955 2654 2005 bona
2681 1955 2788 2004 doti

1732 2031 1927 2084 dixerit
1979 2033 2121 2097 filiae,
2172 2032 2324 2084 Clinii
2381 2046 2607 2096 sponsae.
2674 2031 2789 2080 Hoc

1727 2110 1908 2160 nuntio
1934 2112 2205 2174 perculsus
2247 2109 2498 2173 Clitipho,
2536 2115 2786 2173 properat

1730 2184 1795 2233 ad
1821 2185 2240 2236 satisfaciendum
2265 2187 2401 2250 patri
2422 2202 2437 2246 ς
2472 2187 2562 2251 qui
2588 2185 2787 2235 interea

1729 2262 2068 2326 substiterat;
2108 2263 2505 2314 meditabundus
2547 2271 2604 2313 et
2647 2265 2782 2327 cogi-

1729 2338 1945 2388 tationis
1988 2340 2166 2390 multae
2206 2340 2534 2391 manifestus.
2604 2341 2784 2391 Subse-

1726 2415 1905 2482 quitur
1926 2416 2274 2481 Clitiphonem
2298 2418 2455 2482 Syrus
2492 2426 2786 2468 consterna-

1727 2492 1885 2542 tionis
1907 2494 2268 2557 particepskut
2291 2502 2410 2544 ante
2443 2495 2787 2545 consiliorum.

1727 2569 2070 2620 Menedemus
2116 2577 2288 2620 autem
2330 2571 2601 2633 paululum
2638 2569 2786 2622 officii

1727 2661 1885 2696 causa
1905 2663 2020 2697 cum
2037 2648 2334 2712 Clitiphoue
2350 2663 2595 2711 egressus
2618 2664 2784 2713 regre-

1725 2720 1871 2771 ditur
1912 2736 2066 2774 mox=
2121 2738 2291 2789 neque
2335 2723 2563 2775 interest
2597 2726 2785 2790 jurgio.

1729 2797 1973 2850 Nondum
2029 2799 2165 2850 enim
2225 2808 2428 2864 tempus
2470 2801 2786 2866 deprecandi

1731 2891 1825 2941 pro
1848 2877 2180 2927 adolescente
2204 2877 2405 2927 aderat.
2445 2878 2601 2928 Idem.

1794 2958 1825 3003 8
1852 2955 2095 3018 Quidquid
2115 2969 2201 3016 ego
2220 2953 2380 3017 huius]
2404 2953 2676 3020 Quidquid
2698 2969 2783 3019 ego

1730 3031 1833 3081 tale
1856 3029 1978 3081 feci.
2018 3031 2339 3096 Eugrapht'us.

1796 3108 2031 3170 Quicquid
2047 3123 2135 3170 ego
2151 3108 2292 3170 Mus
2299 3108 2423 3168 feci,
2444 3107 2537 3158 tibi
2553 3109 2788 3172 prospexi,

1723 3188 1775 3232 et
1815 3183 2043 3233 stultitia·
2065 3184 2185 3248 tuoe]
2229 3185 2398 3236 Dictis
2413 3185 2529 3250 jam
2555 3186 2788 3236 confutat

1726 3257 1906 3323 filium,
1928 3268 1987 3310 ut
2011 3267 2131 3310 ante
2155 3262 2530 3313 constituerat.
2601 3264 2665 3313 In
2696 3279 2790 3329 qna

1727 3334 2093 3399 objurgatione
2118 3335 2275 3401 poeta
2311 3339 2614 3402 exemplum
2652 3338 2791 3389 dedit

1728 3411 1976 3470 notabile,
2009 3422 2205 3477 quanto
2229 3415 2300 3464 sit
2320 3414 2488 3479 major
2525 3417 2609 3464 vis
2634 3416 2684 3465 in
2719 3430 2790 3466 ra·-

1730 3487 1978 3550 tionibns‚
2013 3503 2165 3553 quam
2199 3490 2254 3540 in
2278 3491 2617 3542 vehementia
2640 3502 2696 3542 et
2717 3500 2789 3542 tu-

1728 3563 1894 3613 multu
1948 3567 2275 3628 castigantis.
2341 3567 2650 3619 Dissolutos
2705 3568 2790 3618 filii
2839 3562 2844 3571 ’

1730 3653 1921 3703 mores,
1986 3643 2312 3707 turpitudine
2383 3647 2790 3709 prestet-storum,

1728 3730 1866 3767 noxa
1886 3714 2070 3781 futuri,
2110 3719 2359 3783 graphice
2403 3721 2667 3774 describit
2710 3736 2788 3788 pa·

1730 3800 1842 3854 tet-3
1876 3800 1935 3843 ut
1971 3792 2230 3846 inferatur
2268 3798 2537 3861 potentius
2572 3800 2789 3851 necessi-

1728 3877 1811 3920 tas
1833 3870 2185 3930 coercitionis,
2207 3879 2263 3923 et
2283 3874 2573 3925 descendat
2598 3877 2651 3927 in
2691 3877 2790 3926 ani·

1727 3959 1868 3995 mum
1889 3948 2114 4011 gravius.
2178 3950 2326 4000 luter
2349 3952 2576 4004 Demeae
2602 3954 2785 4019 asperi·

1727 4029 1890 4075 tatem
1929 4031 1986 4075 et
2005 4024 2252 4077 Micionis
2270 4027 2676 4095 indulgentiam,'
2688 4045 2784 4080 me-

1726 4099 1947 4150 ditatum
1987 4104 2388 4167 temperamenti
2412 4119 2597 4168 genus.
2661 4107 2780 4156 Seu·

1726 4178 1951 4227 teutiose
1980 4186 2153 4229 autem
2184 4179 2276 4240 τὴν
2314 4179 2522 4230 ἀσωτίαν
2554 4182 2777 4232 εωΙῑὶιίε

1725 4254 1931 4305 nomine
1955 4256 2121 4307 Poeta
2140 4257 2407 4309 describit.
2449 4259 2637 4324 Itaque
2648 4256 2774 4323 apud

1726 4328 2126 4397 Aristophanem
2169 4334 2354 4384 Plutus
2409 4337 2769 4402 conquerituri
