3035 4941
705 398 1064 446 TERENTII
1111 395 1351 445 ANDR.

285 546 413 610 tiqua
434 544 591 595 lectio
613 544 899 595 decimum.
937 543 1182 594 Faernus.

281 669 285 674 .
338 625 398 670 30
426 621 618 669 Dehinc
631 618 805 684 facile]
828 619 1043 684 Aliquot
1081 619 1217 676 libri,
1249 618 1324 668 in-

219 729 224 733 ·
283 704 357 747 ter
373 712 493 762 quos
515 699 828 761 Vaticanus,
849 700 995 749 Dein.
1031 699 1199 749 Idem.

335 779 392 824 31
424 775 534 825 Tibi
555 775 633 825 itu
654 775 864 839 uidetur]
903 776 1010 826 Tibi
1043 775 1117 826 ita
1149 773 1234 825 hoc
1254 775 1325 824 vi·

278 851 402 900 detur
419 859 500 902 est
519 853 651 906 ino.
677 852 707 905 Ι.
729 868 773 905 s.
807 854 959 903 Idem.

333 932 394 978 32
427 931 596 995 Neque
634 931 769 980 illum
801 932 922 980 lianc
949 929 1199 994 perpetuo]
1217 930 1327 990 ’Au-

277 1005 488 1066 φιβολίαν
539 1008 617 1058 de
672 1007 921 1057 industria
976 1008 1169 1071 posuit,
1235 1012 1326 1056 aut

278 1089 543 1149 utrumque
566 1083 848 1149 significat.
881 1085 1121 1134 Donatus.

332 1162 390 1207 33
415 1159 527 1209 Nisi
544 1160 1017 1225 periculumseceris]
1041 1160 1330 1220 Periculum,

275 1235 677 1294 tentamentum.
741 1240 945 1298 Cicero,
960 1238 976 1265 ‘
993 1239 1124 1288 'l'ute
1146 1236 1328 1287 melius

273 1312 547 1378 periculum
571 1313 807 1364 feceris!
871 1313 1016 1363 Idem
1037 1314 1329 1377 Terentius,

270 1389 285 1415 ‘
305 1389 402 1439 Fac
424 1390 722 1455 periculum
743 1390 795 1440 in
817 1388 1017 1439 literis!
1050 1389 1203 1440 Idem.

329 1471 391 1516 34
419 1466 497 1517 At
527 1468 658 1517 istnc
690 1467 947 1531 per-iculum
980 1467 1033 1515 in
1053 1465 1169 1530 filia
1189 1466 1330 1532 fieri,

272 1558 410 1605 grave
436 1543 538 1608 est]
577 1543 924 1595 Memorabile
957 1542 1174 1607 dictum,
1197 1552 1253 1594 et
1276 1544 1331 1593 id

276 1622 403 1685 quod
424 1622 620 1673 merito
640 1620 697 1671 in
732 1619 1060 1686 proverbium
1095 1620 1332 1670 cesserit.

278 1697 418 1753 Idem.
1033 1733 1036 1738 -

319 1777 400 1826 ‚At
416 1776 544 1827 istuc
560 1775 825 1841 periodum
843 1763 1016 1841 infilioe
1031 1774 1151 1840 fieri
1183 1789 1333 1837 grave

274 1852 360 1917 est]
393 1853 478 1903 Ita
500 1861 565 1905 ut
604 1854 867 1917 posuimus
904 1850 1217 1901 ordinandus
1249 1861 1332 1901 est

275 1929 557 1983 hiemet-sus
596 1943 660 1981 ex
693 1930 731 1979 l.
767 1945 807 1978 s.
849 1928 1057 1978 eliditur
1092 1935 1264 1978 autem
1287 1944 1329 1993 s,

275 2021 334 2055 ex
355 2010 508 2059 istuc.-
548 2015 617 2058 ut
653 2014 706 2058 at
744 2007 884 2070 istuc,
920 2006 987 2055 sit
1021 2013 1333 2070 anapaestus.

278 2084 525 2137 Fuimus«
1252 2102 1256 2106 “

332 2168 393 2213 36
429 2166 581 2221 Quod
617 2163 688 2213 Di
721 2161 1019 2226 prohibeant]
1058 2158 1337 2225 Παρένθεσιθ

277 2254 361 2303 per
376 2240 692 2305 εὐφημισμόν.
715 2242 950 2290 Donatus.

327 2319 603 2381 ‘Diu-ossio]
620 2317 917 2368 Divortium
935 2315 1073 2381 quod
1094 2317 1174 2364 vel
1191 2314 1333 2363 adul·

278 2396 385 2444 terii
409 2398 494 2447 vel
519 2394 768 2445 veneficii
788 2408 945 2443 causa
974 2392 1195 2457 primum
1219 2406 1334 2455 per·

275 2472 581 2524 mittebatur
636 2470 775 2536 apud
822 2472 970 2521 Rom.
1014 2485 1136 2520 mox
1179 2469 1336 2518 etiam

282 2551 592 2613 sterilitatis,
625 2562 680 2599 Α.
724 2562 777 2598 υ.
813 2561 1026 2598 nxxm.
1060 2547 1152 2611 Sp.
1209 2547 1338 2598 Car-

280 2625 419 2676 vilius
459 2626 666 2691 primus
703 2622 982 2673 divortium
1018 2637 1134 2672 cum
1177 2635 1338 2671 uxore

280 2697 416 2753 fecit.
481 2699 719 2764 Repudii
745 2697 967 2751 formula
1002 2705 1138 2761 erat,
1167 2698 1338 2746 Condi-

278 2779 394 2830 tionc
432 2786 526 2831 tua
571 2793 666 2828 non
706 2783 815 2827 utor
838 2795 855 2827 .·
912 2777 1174 2827 Divertii:
1238 2777 1341 2827 Res

279 2861 376 2908 tuns
394 2855 707 2918 tibihabeto,
739 2856 823 2905 vel
857 2855 956 2904 Res
986 2860 1094 2906 tuus
1121 2854 1213 2904 tihi
1231 2856 1339 2916 agi·

282 2940 344 2997 to,
359 2934 580 2986 tandem
618 2931 894 2981 levioribus
933 2930 1000 2981 de
1040 2931 1207 2981 causis
1231 2931 1339 2981 fac-

283 3017 381 3061 tum
417 3020 530 3074 est,
568 3008 705 3060 unde
741 3024 772 3058 a
807 3008 1018 3058 Simone
1038 3010 1342 3059 incommodi·

281 3090 350 3136 tas
368 3093 566 3140 tontum
586 3092 643 3136 et
664 3084 886 3136 discessio
906 3084 1117 3136 dicitur.
1153 3085 1341 3134 Farno-

284 3163 393 3216 bius.
749 3206 750 3209 ,

340 3246 401 3293 37
434 3244 512 3295 At
537 3241 583 3292 si
599 3237 885 3303 corrigitur]
913 3238 1065 3289 Alter
1086 3246 1168 3294 est
1187 3239 1343 3306 syllo-

286 3319 468 3382 gismus
494 3333 595 3385 per
613 3316 876 3368 contraria
893 3314 1139 3381 λήμματα,
1159 3317 1342 3381 etipse

286 3398 572 3460 negativus.
604 3395 843 3444 Donatus.

344 3478 405 3523 38
438 3471 723 3535 Principio,
757 3470 906 3520 amco
926 3464 1114 3535 filium]
1151 3469 1342 3519 Princi-

241 3580 242 3587 1
283 3549 372 3612 pio,
391 3563 499 3600 nec
520 3546 714 3610 intulit,
730 3538 951 3596 secundo.
988 3545 1250 3595 Donatus.

344 3625 517 3676 Amico
546 3622 736 3690 filium]
782 3622 867 3673 Ab
902 3621 1136 3685 honesto,
1176 3621 1344 3672 Amico

276 3699 448 3762 filium.
482 3699 655 3750 Idem.

353 3775 664 3838 Restituam-12³,
697 3779 744 3824 et
766 3773 895 3839 filioe
928 3774 1138 3824 inuenies
1166 3762 1365 3839 virum]

295 3854 423 3921 Ergo
441 3852 760 3906 ἀνακόλουθον
782 3851 994 3915 duplex.
1033 3853 1183 3902 Idem.
1279 3886 1280 3891 ,

347 3937 414 3993 4⁰
448 3932 586 3993 Quid
608 3929 739 3993 istic]
775 3930 1142 3993 concedentis,
1163 3937 1219 3980 et
1242 3931 1347 3980 vel-

294 4010 366 4060 uti
385 4009 521 4061 victi
537 4007 786 4058 verbum:
813 4012 1055 4072 tanquam
1070 4007 1112 4056 si
1129 4007 1352 4069 diceret,

295 4087 435 4150 quid?
473 4092 534 4136 et
569 4083 799 4134 abundat
817 4083 958 4135 istuc.
1023 4085 1125 4135 Vel
1159 4085 1352 4150 potius,

296 4165 401 4229 qnid
420 4165 566 4225 istuc,
586 4160 848 4224 significat
868 4159 1129 4211 hominem
1152 4160 1352 4212 deloco

302 4256 358 4291 ac
379 4241 446 4291 de
470 4236 749 4290 sententia.
767 4234 1062 4287 decedere:
1097 4243 1160 4287 ut
1179 4252 1208 4287 e
1232 4252 1354 4288 con-

298 4320 476 4383 trario,
518 4319 735 4380 perstare
772 4326 834 4363 ac
876 4312 1095 4383 resistere
1138 4313 1348 4379 dicitur,

1393 395 1560 443 Ac'r.
1609 395 1720 442 111.
1769 394 1871 442 sc,
1923 394 2025 440 iv.
2290 337 2458 442 1111

1397 539 1486 606 qui
1506 540 1704 605 aliquid
1729 548 1905 602 negat.
1942 540 2091 589 Idem.

1466 618 1597 673 Quid
1619 620 1771 667 istuc?
1806 619 1851 666 si
1885 617 2007 666 istuc
2037 615 2245 665 animum
2265 612 2460 663 induxti

1309 715 1314 720 ·
1398 708 1494 744 esse
1513 696 1654 758 utile]
1692 696 1771 744 Ex
1804 694 1950 743 libris
1973 692 2222 756 antiquis,
2259 698 2316 739 et
2348 691 2458 739 Do·

1400 781 1544 835 nato,
1564 774 1678 837 lego
1698 773 1813 836 quid
1828 771 1972 820 istic?
1991 768 2178 820 deinde
2202 769 2252 816 in
2275 765 2458 816 iisdem

1397 851 1547 901 libris
1572 859 1626 900 et
1649 850 1885 900 omnibus
1908 850 2020 899 aliis
2044 847 2298 912 sequitur,
2317 844 2362 894 si
2384 845 2458 893 ita

1398 927 1538 977 istuc.
1576 926 1817 976 Faernus.

1463 1004 1524 1054 Si
1543 1005 1662 1054 istuc
1681 1004 1890 1053 animum
1912 1000 2125 1064 induxti]
2162 996 2379 1062 Legitur
2404 1003 2462 1046 et

1335 1109 1338 1112 ·
1398 1082 1607 1130 enimam
1647 1079 1910 1129 induxisti.-
1955 1077 2048 1126 sed
2087 1075 2212 1125 illud
2252 1073 2460 1137 plenum

1400 1165 1481 1207 est
1499 1174 1512 1206 z
1532 1158 1628 1206 hoc
1649 1172 1741 1221 per
1755 1154 2096 1218 μεταπλασμοῦ
2116 1148 2357 1213 mxu-thu
2386 1149 2461 1197 di-

1401 1233 1670 1286 minuitur.
1714 1233 1951 1282 Donatus.
2450 1233 2453 1238 ⁴

1465 1316 1528 1361 41
1554 1312 1680 1361 Nolo
1705 1310 1794 1360 tibi
1812 1312 1974 1373 ullum,
1994 1307 2105 1373 ξω]
2126 1306 2233 1356 Per
2255 1319 2338 1355 me
2359 1317 2462 1354 non

1402 1387 1583 1444 stabit,
1622 1387 1746 1452 quin
1793 1386 2061 1436 commodo
2098 1376 2291 1454 fruaris
2325 1379 2463 1429 omni

1404 1478 1469 1513 ex
1492 1464 1645 1513 animi
1672 1464 1749 1513 tui
1784 1462 2076 1511 sententia:
2111 1458 2269 1508 habes
2283 1462 2375 1529 me
2397 1453 2464 1503 ad

1402 1541 1574 1590 omnia
1595 1538 1766 1590 officia
1805 1545 2099 1604 promptum
2124 1542 2182 1585 et
2203 1534 2464 1598 paratum.

1404 1617 1689 1667 Para-abins.
2118 1629 2123 1634 ²

1467 1697 1533 1743 44
1584 1694 1723 1757 Ipsus
1758 1691 1876 1742 milii
1915 1692 2083 1741 Davus
2117 1684 2273 1751 dixit]
2315 1685 2467 1737 Com·

1403 1761 1668 1820 mendatio
1705 1769 1880 1818 testis:
1904 1774 1979 1830 ut,
2019 1765 2115 1815 ‘In
2155 1762 2275 1813 foro
2312 1760 2465 1811 modo

1403 1848 1469 1898 de
1495 1849 1650 1897 Davo
1685 1843 1891 1896 audivi.’
1960 1844 2102 1905 Ergo
2141 1841 2291 1904 ipsiu,
2315 1838 2465 1903 quasi

1402 1925 1486 1991 qui
1510 1923 1734 1973 maxime
1756 1923 1905 1971 sciat.
1943 1920 2178 1968 Donatus.
2366 1929 2371 1934 ’
2462 1943 2465 1944 ⁷
2502 1927 2503 1932 ¹

1466 2005 1530 2050 47
1568 1999 1687 2049 Tute
1722 1997 1862 2060 adeo]
1893 1993 2187 2059 Παρέλκεται
2218 1994 2334 2041 adeo
2356 2004 2462 2038 mo-

1404 2078 1491 2140 do,
1515 2082 1571 2126 et
1587 2075 1850 2125 abundat:
1875 2082 1934 2123 ut
1956 2071 2224 2134 Virgilius,
2248 2072 2263 2094 ‘
2280 2067 2466 2129 Tuque

1404 2154 1554 2216 adeo,
1594 2168 1745 2218 quem
1777 2167 1897 2201 mox
1936 2164 2052 2215 quoe
2090 2148 2193 2197 siut
2228 2143 2469 2193 habitura

1405 2233 1619 2282 deorum
1644 2228 1899 2286 Concilia,
1919 2221 2212 2275 incertum!
2238 2221 2390 2269 Idm.

1476 2309 1594 2358 Tute
1616 2309 1732 2356 acteo
1749 2305 1862 2364 jam
1883 2305 1983 2366 qius
2004 2300 2165 2351 audies
2196 2293 2362 2358 verba]
2400 2294 2466 2344 In

1408 2385 1542 2434 libro
1579 2385 1775 2446 scripto
1810 2378 1984 2429 inveni
2022 2378 2098 2425 ita
2137 2382 2196 2422 ut
2235 2370 2469 2435 sequitur

1409 2464 1739 2522 collocatum,
1771 2475 1874 2525 qua
1906 2454 2246 2507 collocatione
2279 2457 2336 2500 et
2365 2448 2471 2498 Ro-

1411 2543 1588 2591 bertus
1641 2540 1939 2602 Stephanus
2005 2530 2282 2597 impressit,
2351 2527 2471 2575 Tute

1409 2623 1525 2671 adeo
1537 2621 1642 2682 jam
1663 2618 1767 2680 <ius
1796 2616 1938 2667 verba
1958 2614 2151 2664 audies.-
2187 2611 2263 2660 ita
2292 2620 2473 2656 versus

1412 2700 1566 2749 aliter
1608 2694 1892 2760 impeditus
1939 2688 2212 2756 procedet,
2254 2691 2310 2734 et
2357 2681 2471 2746 qui-

1411 2775 1532 2824 dem
1569 2787 1684 2822 cum
1726 2769 1896 2820 iambo
1931 2768 1985 2817 in
2023 2771 2210 2832 quarta
2252 2761 2400 2819 sede,
2429 2758 2476 2807 si

1413 2858 1587 2902 tamen
1643 2862 1742 2897 vox
1799 2848 1899 2911 ejus
1958 2839 2310 2904 monosyllaba
2363 2834 2474 2885 fiat.

1415 2926 1653 2977 Fa‘e'rnus.

1477 3006 1543 3053 48
1576 3001 1734 3064 Atque
1754 2997 1933 3061 eccum]
1957 2996 2150 3055 Eccum,
2176 2990 2324 3056 quasi
2348 3002 2476 3038 ecce

1415 3094 1554 3130 eum.
1620 3078 1846 3127 Veteres
1886 3073 2154 3128 dixerunt,
2195 3082 2368 3128 eccum,
2409 3079 2480 3114 ec·

1412 3155 1565 3218 cuius,
1584 3155 1729 3205 ellum
1744 3167 1763 3210 ‚⁶
1794 3149 1932 3216 quod
1968 3147 2199 3210 apertius
2220 3141 2480 3207 significat

1413 3249 1515 3286 ecce
1535 3234 1691 3295 illum,
1711 3235 1768 3280 et
1788 3223 2059 3278 obscurius
2081 3223 2241 3272 ellum.
2303 3217 2480 3267 Dona-

1416 3317 1517 3361 tus.

1479 3385 1576 3436 Sed
1596 3397 1753 3434 eccum
1768 3379 1901 3430 video
1922 3376 2074 3440 ipsum
2093 3370 2259 3435 sorus]
2283 3370 2354 3421 Ο.
2375 3371 2411 3421 l.
2436 3385 2479 3420 s.

1415 3472 1471 3516 et
1488 3464 1748 3522 Donatus,
1767 3463 1908 3521 atque
1928 3468 2098 3504 eccum.
2132 3450 2381 3500 Faernus.

1479 3543 1660 3593 Scmu
1679 3552 1761 3588 xv.
1799 3532 2021 3584 Iambici
2045 3536 2168 3579 sunt
2185 3524 2483 3578 tetrametri

1417 3616 1745 3671 acatalectici
1759 3631 1775 3664 z
1805 3617 1939 3661 anet
1954 3607 2202 3658 catalect.
2222 3606 2278 3653 et
2295 3604 2481 3667 hyper-

1420 3696 1577 3748 catal.
1617 3693 1954 3747 misceantur,
1976 3699 2022 3735 v.
2046 3681 2197 3731 Faer.
2237 3680 2485 3742 Antesig·

1419 3790 1538 3824 nan.
1583 3770 1790 3821 Fabric.
1831 3765 2079 3815 Glarean.
2098 3762 2319 3810 dimeter
2337 3773 2485 3808 nnus.

1422 3850 1561 3902 vss2.
1583 3848 1642 3896 τὸ
1660 3860 1784 3895 uxor
1807 3850 1910 3891 tres
1935 3840 2095 3888 nostri
2117 3839 2244 3887 Mss.
2269 3835 2484 3885 habent.

1422 3944 1498 3979 vs.
1524 3933 1572 3975 5.
1595 3924 1729 3973 duo:
1764 3912 1908 3981 egone
1930 3918 2054 3966 istuc
2063 3915 2314 3975 facerem?
2337 3925 2414 3960 vs.
2433 3914 2485 3959 6.

1422 4002 1692 4071 pro,quid?
1715 4009 1890 4047 omnes
1908 4009 1923 4043 z
1938 3992 2051 4056 quid
2067 3994 2172 4039 est?
2191 4004 2266 4038 vs.
2281 3991 2331 4036 7.
2351 3986 2485 4036 dno:

1422 4082 1669 4146 cognosti:
1710 4083 1767 4125 et
1797 4079 1943 4135 ante,
1965 4083 2129 4119 nnus:
2161 4066 2272 4127 jam
2292 4064 2487 4130 tibifid.

1425 4176 1504 4211 vs.
1530 4163 1612 4208 10.
1636 4167 1766 4206 unns
1787 4168 1800 4200 ι
1839 4150 1947 4210 Ego
1965 4157 2204 4207 nunquam
2224 4142 2346 4191 istuc
2359 4141 2492 4206 quivi

1426 4237 1724 4297 intelligere.-
1768 4226 1905 4276 duo:
1939 4235 2178 4284 nunquam
2210 4221 2333 4269 istuc
2361 4221 2492 4285 quivi

1429 4313 1715 4374 intelligere.
1765 4319 1839 4355 vs.
1885 4305 1965 4351 13.
2021 4312 2198 4351 omnes
2228 4314 2242 4350 z
2293 4304 2492 4363 gnatam
