3035 4941
659 461 1034 530 ‘Tanaum
1084 475 1419 531 sunnon.
1469 479 1638 530 Ac'r.
1684 475 1751 534 v:
1799 484 1903 534 so.
1953 485 2058 534 v1.

283 635 407 673 nunc
438 626 540 673 tam
580 624 773 674 otiosus
803 622 1011 675 'incedit
1043 637 1230 686 senex,
1268 629 1326 675 ut

284 713 438 765 neque
456 714 623 750 mores
646 701 894 766 increpet,
925 715 1021 751 uec
1043 702 1324 769 quidquam

284 778 561 842 suspicetur
603 778 754 828 mali:
804 779 894 828 sed
943 786 1066 844 agat
1128 779 1325 844 gratias

279 853 516 918 proxime
555 853 707 916 villae,
746 855 892 920 cujus
927 854 1185 907 beneficio
1221 871 1326 906 non

279 930 384 994 scit,
409 930 530 996 qnid
568 931 625 982 iu
659 931 786 982 urbe
826 939 1039 996 agerent
1071 931 1187 983 filii.
1253 932 1328 983 Et

282 1017 408 1057 nnnc
429 1006 596 1071 adest,
619 1008 710 1059 ubi
732 1023 859 1073 opus
880 1015 963 1060 est
984 1010 1187 1062 Poene.
1254 1011 1328 1061 Et

278 1083 389 1134 vide
407 1084 535 1136 banc
556 1099 762 1136 cansam
784 1085 961 1150 fuisse,
992 1101 1087 1138 cnr
1117 1101 1223 1137 nou
1257 1086 1325 1137 ad

278 1159 440 1226 villam
463 1162 752 1215 diverterit.
818 1163 1017 1215 Omnes
1051 1165 1199 1215 villas
1238 1178 1326 1215 co·

281 1238 428 1289 micas
464 1239 786 1291 suburbanas
819 1255 955 1304 esse,
990 1241 1326 1293 commodita-

280 1320 378 1365 tem
396 1317 563 1381 ipsam
582 1332 721 1370 nnnc
744 1319 975 1383 explicat
996 1325 1054 1369 et
1075 1315 1325 1369 ostendit.

282 1390 504 1444 Donatus.

330 1471 362 1518 8
391 1468 555 1534 Neque
573 1471 706 1534 agri,
734 1472 846 1537 qm]
875 1471 1129 1537 Tragicus
1164 1486 1323 1535 appa·

279 1551 425 1596 ratus.
487 1548 728 1598 Delicias
756 1556 1029 1613 memorat,
1061 1549 1150 1615 qni
1188 1548 1324 1612 pori-

277 1621 380 1674 mla
397 1625 827 1687 cogniturusest.
860 1626 1015 1677 Idm.

313 1699 507 1750 ‘Odium
542 1717 621 1752 nse
656 1717 857 1766 umqum
888 1703 1120 1768 percipit]
1155 1702 1326 1755 Fasti·

275 1778 402 1830 dium
422 1797 490 1831 ex
508 1782 834 1834 abundantia
854 1792 952 1834 est.
986 1785 1136 1834 Idem.

330 1864 360 1909 8
388 1861 483 1911 Uos·
503 1863 659 1914 satias
678 1864 969 1931 eoeps'tfleri]
991 1863 1326 1917 Suffeceraut

276 1936 335 1987 ad
353 1939 479 1990 banc
501 1943 816 1992 senteutiam
840 1942 943 1994 duo
971 1944 1264 2008 superiores
1291 1945 1329 1996 ii

275 2028 470 2067 versus:
505 2018 604 2069 sed
643 2016 853 2083 ἐνέργεια
889 2027 971 2071 est
1007 2021 1183 2072 senilis
1219 2022 1322 2072 elo·

276 2092 390 2156 quii,
411 2091 570 2145 faceti
595 2102 652 2145 et
674 2096 866 2160 garruli
887 2096 1055 2150 simul.
1090 2099 1240 2148 Idem.

337 2169 428 2221 Ubi
445 2174 652 2224 satietas
670 2174 763 2239 est]
787 2175 954 2226 Deest
972 2176 1131 2226 Nam.-
1154 2184 1214 2227 ut
1237 2177 1327 2242 sit,

279 2244 394 2296 Nam
411 2248 490 2297 ubi
504 2248 710 2299 satietas
729 2251 1010 2317 eoepitfieri.
1062 2254 1152 2318 Et,
1170 2254 1329 2319 carpit,

276 2335 364 2384 pro
380 2326 588 2389 eoeperit.
660 2326 891 2388 Scimus,
930 2328 1131 2379 odium:
1167 2331 1231 2380 ab
1263 2345 1326 2380 eo

278 2400 403 2464 quod
424 2402 699 2475 precedit,
722 2404 774 2454 id
794 2393 929 2470 quod
954 2405 1210 2470 sequitur.
1245 2406 1327 2457 Id.

337 2478 427 2527 Ubi
441 2480 723 2546 sutiasfieri
743 2482 899 2547 coepit,
916 2489 1142 2532 commuto
1156 2482 1329 2548 lomm]

277 2553 477 2608 Frustra
506 2565 731 2608 annotat
753 2560 1027 2610 Donatus:
1060 2561 1077 2589 ‘
1101 2558 1329 2612 Suffece·

275 2624 417 2696 iant,¹
453 2638 551 2686 &c.
620 2626 678 2686 Si
709 2635 1094 2687 Grammaticus
1116 2636 1327 2702 inspex-

275 2707 391 2761 isset
429 2712 603 2763 locum
643 2713 891 2777 penitius,
930 2704 1326 2778 deprehendere

277 2788 452 2848 potuit,
491 2804 599 2840 non
636 2786 736 2839 nisi
772 2790 1050 2857 abruptam
1083 2790 1327 2867 indecore

207 2884 222 2895 1
277 2867 547 2918 orationem
599 2867 776 2918 statim
810 2869 934 2925 illuc
972 2868 1325 2934 praecipitari:

276 2941 350 2988 ud
367 2948 492 2993 estne
510 2944 595 2993 ills
623 2949 784 2994 noster
806 2946 1075 2996 Parmeno?
1146 2946 1329 2997 Anim-

279 3014 542 3069 advertere
592 3018 775 3070 debuit
811 3023 1071 3097 amplius3
1117 3023 1329 3073 institu-

278 3098 374 3141 tam
394 3100 497 3144 tam
518 3093 882 3161 frequentibus
913 3099 1086 3149 verbis
1121 3106 1330 3150 seuten-

279 3168 409 3235 tiam,
437 3187 539 3223 non
569 3173 684 3236 jam
726 3188 1068 3239 supervacua,
1107 3176 1198 3226 sed
1237 3189 1330 3226 ne·

278 3248 486 3298 cessaria
522 3249 741 3312 ἐξηγήσει
773 3252 1122 3317 peragendam
1153 3251 1330 3304 fuisse.

278 3320 529 3376 Boeclerus.

337 3401 582 3453 Commuto
634 3403 808 3468 heum]
870 3404 1012 3455 Mira
1065 3404 1329 3458 brevitate

277 3471 392 3526 duas
414 3492 497 3530 res
523 3472 781 3544 explicuit
803 3480 976 3531 simul.
1008 3482 1247 3532 Donum.

335 3555 366 3601 4
399 3554 767 3607 &deduius
794 3558 1252 3609 nosterParmeno?
1281 3565 1333 3610 et

278 3635 391 3679 certe
410 3632 542 3695 ipsus
562 3633 657 3697 est]
686 3636 759 3684 Et
779 3634 1062 3699 dubitavit,
1085 3640 1141 3685 et
1162 3634 1333 3686 firma-

281 3705 350 3756 vit
382 3718 595 3774 postea:
631 3718 816 3776 utpote
850 3727 1032 3779 senex,
1070 3713 1180 3762 visu
1215 3714 1332 3779 jam

279 3780 538 3907 lIangnido,
557 3796 717 3856 atque
733 3790 895 3840 oculis
914 3797 1073 3841 aetate
1093 3784 1332 3844 defessis.

309 3862 423 3914 dem.

340 3945 368 3988 5
402 3941 557 3998 Quem
608 3944 904 4008 proestolare,
951 3944 1209 4009 Parmeno,
1254 3944 1333 3995 hic

281 4018 382 4065 ante
416 4019 611 4082 ostium]
633 4020 827 4072 Novez
862 4035 983 4083 non,
1011 4022 1105 4071 Cui
1138 4027 1333 4086 praesto·

285 4088 403 4142 lure:
422 4094 533 4156 sed,
559 4098 712 4153 Quem
731 4097 883 4149 dixit.
947 4097 1121 4149 Aliter
1134 4101 1332 4151 Tullius

284 4165 333 4214 in
372 4169 673 4223 Catilinam:
729 4176 746 4204 ‘
770 4175 874 4227 Qui
918 4175 1015 4225 tibi
1058 4176 1122 4225 ad
1163 4174 1334 4227 forum

286 4241 540 4299 Aurelium
577 4253 1046 4314 praestolarentur.⁹
1123 4253 1333 4304 Praesto·

288 4320 389 4385 lari,
410 4332 492 4374 est
515 4337 708 4390 praesto
732 4343 843 4378 esse
868 4336 925 4390 et
940 4344 1215 4396 apparere,
1234 4330 1335 4384 hoc

293 4405 385 4463 est,
404 4401 635 4470 obsequi.
670 4406 921 4457 Donatus.

2296 467 2471 538 1283

1466 615 1640 690 Quem,
1661 624 1771 691 ξω]
1806 626 1918 678 Cic.
1952 613 2279 679 tamencum
2305 628 2462 680 Dati-

1399 714 1483 766 vo,
1504 706 1556 752 2.
1580 701 1860 754 invectiva.
1900 704 2183 756 meabius.

1459 782 1494 828 6
1530 779 1652 836 Quis
1674 781 1806 830 honio
1828 779 1924 844 est]
1948 783 2145 844 Quare,
2169 782 2293 839 Quis
2312 783 2465 848 homo,

1398 869 1554 922 quum
1583 857 1875 920 providerit
1907 857 2251 909 venientem?
2272 858 2465 912 Utrum

1397 947 1502 983 non
1538 934 1651 985 vult
1684 935 1853 986 videri
1892 936 2203 1002 providisse,
2237 951 2305 987 ne
2338 935 2465 1003 quid

1399 1008 1626 1062 fallacia
1662 1027 1876 1077 parasse
1901 1012 2177 1064 videatur?
2222 1012 2312 1065 Sic
2331 1015 2465 1065 etin

1397 1085 1617 1146 Andria,
1639 1089 1656 1158 ξ
1676 1089 1837 1141 Quasi
1860 1089 1930 1139 de
1952 1089 2235 1154 improviso
2258 1089 2466 1156 respice

1399 1164 1466 1214 ad
1502 1164 1658 1216 enm.’
1708 1166 1831 1231 Vel,
1854 1167 1974 1232 qnia
2008 1167 2348 1231 perturbatur
2377 1183 2469 1219 ex·

1397 1242 1669 1308 animatus,
1700 1244 1786 1308 qui
1820 1244 1941 1295 dnm
1981 1244 2107 1311 quid
2141 1245 2293 1316 apud*
2315 1246 2468 1295 Thai-

1398 1317 1516 1367 dem
1536 1325 1768 1382 geratur,
1782 1320 2061 1384 auscultat,
2079 1334 2184 1370 uon
2207 1319 2353 1370 videt
2376 1321 2467 1371 Se-

1396 1407 1515 1443 nem
1553 1394 1765 1460 propius
1797 1395 2073 1454 accedere,
2113 1411 2267 1463 quem
2309 1398 2467 1462 longe

1399 1470 1638 1521 viderat?
1673 1472 1754 1522 Au
1778 1487 1902 1523 vero
1930 1472 2126 1524 idcirco
2159 1473 2257 1524 boe
2294 1472 2468 1538 fingit,

1396 1549 1523 1614 quia
1544 1549 1683 1615 quod
1699 1550 1921 1615 parabat
1943 1550 2120 1602 dicere
2141 1550 2208 1601 de
2226 1551 2464 1616 Chaerea,

1397 1632 1672 1691 postquam
1712 1628 1951 1694 cominus
1979 1634 2195 1696 ventum
2228 1633 2333 1693 est,
2359 1641 2467 1679 non

1398 1701 1561 1752 audet
1580 1701 1762 1768 loqui?
1790 1704 2043 1754 'Domum

1463 1779 1589 1836 Quis
1614 1781 1749 1830 homo
1770 1780 1867 1845 est]
1906 1779 2070 1835 Quasi
2094 1779 2164 1831 de
2186 1779 2466 1845 improviso

1399 1857 1615 1921 respicit
1652 1858 1716 1908 ad
1752 1859 1954 1921 berum,
1980 1872 2134 1923 quem
2169 1864 2294 1909 ante
2327 1858 2471 1909 vide·

1400 1941 1501 1984 rat.
1540 1932 1831 1984 Far-nebim.

1464 2013 1496 2059 7
1517 2010 1708 2073 Lingua
1727 2009 1877 2060 haret
1890 2010 2039 2075 meta]
2062 2010 2335 2075 Virgilius,
2356 2012 2374 2068 ξ
2394 2011 2468 2061 Et

1401 2100 1503 2137 vox
1521 2084 1762 2136 faucibus
1782 2085 1973 2137 hesit?
2005 2086 2244 2137 Donum.

1465 2168 1498 2213 8
1535 2164 1667 2221 Quid
1699 2169 1774 2214 est
1807 2165 1931 2230 qnod
1970 2163 2202 2228 trepidas]
2256 2164 2466 2215 Instan-

1400 2240 1526 2290 dum
1562 2247 1645 2292 est
1684 2242 1795 2292 seni
1834 2241 1902 2292 ad
1933 2241 2206 2304 audienda,
2241 2257 2359 2306 quae
2400 2241 2467 2292 de

1400 2316 1548 2368 sacili
1583 2333 1847 2386 nunquam
1883 2318 2143 2370 fateretur
2183 2319 2465 2369 Parmeno.

1465 2477 1661 2528 Satisne
1679 2476 1832 2543 salve]
1863 2477 2025 2543 Saloe,
2054 2476 2277 2543 integre,
2303 2481 2472 2541 recte,

1402 2555 1691 2608 commode.
1773 2556 1994 2607 Plautus
2048 2556 2104 2606 in
2145 2555 2468 2619 Trinummo,

1401 2632 1419 2660 ‘
1451 2633 1780 2685 Benevolens
1825 2641 1944 2684 tuus
2002 2637 2161 2699 atque
2211 2630 2471 2683 amicn'st.

1403 2708 1501 2761 1⁴1³.
1523 2708 1679 2761 satin’
1701 2711 1841 2761 salve
1856 2709 1892 2759 θ’
1925 2709 2079 2760 Idem.

1465 2786 1804 2852 Satin’salvoe]
1819 2785 1905 2839 Al.
1920 2782 2259 2838 Satin’sazoe?
2274 2791 2473 2836 utrum·

1402 2880 1502 2933 que
1524 2872 1730 2917 rectum
1751 2872 1852 2917 est.
1884 2862 2060 2921 Faber.

1467 2942 1664 2993 Satisne
1684 2942 1835 3008 salos]
1861 2943 2015 2994 Nunc
2034 2941 2335 2993 adverbium
2358 2947 2473 3004 est3

1402 3020 1663 3085 producta
1716 3027 1801 3072 est
1841 3036 1870 3071 s
1911 3020 2086 3071 litera.
2171 3019 2473 3081 Sallustius,

1403 3096 1421 3124 ‘
1447 3094 1580 3145 Inde
1619 3103 1768 3146 ortus
1809 3109 2000 3158 sermo,
2037 3094 2477 3161 percontantibus⁴

1404 3173 1685 3237 utrimque,
1725 3171 1877 3223 satin'
1922 3172 2082 3235 salve,
2127 3184 2278 3236 quam
2332 3170 2473 3235 grati

1405 3248 1625 3299 ducibus
1650 3248 1776 3311 suis,
1798 3246 2004 3315 quantis
2022 3243 2360 3299 familiaribus
2385 3262 2471 3297 co·

1404 3326 1507 3391 piis
1533 3325 1852 3391 agerentur!
1885 3326 2125 3376 Donatus.

1470 3401 1641 3452 Satine
1681 3401 1850 3466 sdooe]
1894 3402 2032 3453 Vide
2083 3400 2470 3453 Chrestomath.

1405 3494 1526 3530 voc.
1546 3481 1664 3532 salv.
1706 3480 1996 3530 Boeclerns.

1468 3556 1658 3607 Soti'ne
1692 3556 1861 3623 mloae]
1902 3556 2113 3609 Satisne
2152 3556 2313 3606 salvae
2350 3560 2474 3606 sunt

1407 3647 1488 3682 res
1511 3634 1744 3684 nostrai?
1776 3634 1996 3699 Legitur
2025 3640 2081 3685 et
2114 3634 2242 3684 salve
2269 3632 2474 3683 Adver-

1406 3710 1634 3763 bialiter.
1654 3726 1807 3778 quam
1824 3711 2106 3763 lectionem
2126 3711 2316 3762 astruit
2328 3708 2473 3759 Bris-

1406 3789 1582 3838 sonius
1606 3790 1643 3840 l.
1656 3793 1706 3840 8.
1727 3789 2043 3840 auctoritate
2065 3787 2219 3851 Livii,
2241 3784 2475 3842 Salustii,

1407 3865 1606 3925 Plauti,
1627 3864 1864 3929 Ausonii,
1884 3866 2115 3931 Apuleii,
2131 3868 2228 3915 διο.
2264 3863 2475 3915 Fas-nab.

1470 3947 1506 3992 9
1541 3943 1693 4005 Here,
1707 3943 1918 4008 primum
1933 3949 1983 3993 te
2001 3940 2237 3992 arbitrari
2256 3941 2379 4005 quod
2399 3954 2475 3988 res

1406 4025 1480 4071 est
1489 4020 1656 4084 velim]
1674 4021 1829 4074 Quod
1845 4027 1968 4070 ante
1986 4019 2337 4069 narrationem
2354 4029 2477 4066 con-

1406 4096 1633 4148 firmatio
1672 4097 1955 4161 inducitur,
1975 4103 2157 4147 contra
2188 4107 2385 4145 morem
2418 4100 2476 4143 et

1410 4184 1681 4240 praecepta
1703 4182 1815 4227 est:
1858 4175 1951 4226 sed
1989 4175 2194 4235 merito,
2214 4173 2335 4240 quia
2357 4186 2474 4237 per-

1409 4252 1653 4303 turbatus
1677 4261 1777 4314 est,
1802 4254 1928 4303 licet
1948 4253 2099 4303 simul
2113 4250 2139 4277 ⁹
2155 4258 2214 4303 ut
2230 4264 2335 4302 non
2356 4264 2476 4315 pos-

1410 4330 1479 4380 sit
1502 4328 1704 4380 dicere.
1734 4332 1977 4381 Donatus.

1476 4407 1613 4456 Here
1644 4407 1851 4472 primam
1880 4414 1929 4458 te
1962 4402 2209 4471 arbitrari,
2240 4407 2362 4470 quod
2392 4418 2471 4454 res
