3035 4941
510 396 683 462 1640

509 554 783 605 translatio
819 564 989 614 causa
1029 549 1191 601 facti:
1225 564 1377 615 quem
1411 548 1569 611 vulgo

510 633 705 681 colorem
729 629 1007 678 nominant.
1044 628 1194 677 Idem.
1516 684 1528 694 Ι

579 711 640 756 53
680 707 786 755 Non
802 707 957 769 potuit
979 705 1190 766 cogitata
1206 698 1440 767 proloquii]
1473 703 1568 751 Er-

516 801 581 850 go
599 784 731 849 quod
746 784 1016 847 cogitavit,
1030 781 1290 831 industriae
1307 787 1416 829 est:
1433 777 1570 844 quod

516 862 642 911 nihil
667 861 816 923 dixit,
840 859 1067 923 pudorIs.
1100 859 1248 907 Idem·

581 943 646 988 54
686 938 886 987 Ilaeum
905 942 1005 986 tum
1022 934 1266 998 timidum]
1320 934 1574 988 Timidum,

518 1014 892 1080 perturbatum.
960 1011 1199 1073 Plautus,
1231 1011 1246 1037 ‘
1268 1010 1317 1058 N
1324 1024 1404 1058 am
1428 1014 1487 1057 ut
1508 1022 1573 1056 ex

518 1090 648 1141 mari
670 1090 847 1141 timida
869 1088 962 1139 es.’
996 1090 1064 1138 Et
1089 1089 1199 1151 ipse
1222 1088 1273 1135 in
1293 1084 1571 1149 Adelphis:

519 1170 534 1196 ‘
556 1168 651 1217 Me
669 1168 905 1216 miseram
926 1167 937 1213 !
977 1166 1216 1230 quidnam
1241 1171 1322 1212 est
1345 1162 1480 1228 quod
1500 1153 1575 1210 sic

520 1243 676 1293 video
710 1244 958 1305 timidum,
991 1250 1045 1292 et
1081 1249 1437 1306 properantem
1468 1238 1575 1289 Ge·

522 1328 628 1370 tam
646 1320 681 1368 ?’
716 1321 864 1369 Idem·

588 1398 711 1444 Eum
764 1397 983 1444 timidum
1040 1394 1341 1458 obstupefecit
1402 1391 1579 1456 pudor]

523 1472 675 1525 Quod
702 1473 875 1522 multis
896 1474 1193 1536 contigisse,
1230 1487 1293 1519 ex
1326 1471 1578 1518 Cicerone

523 1551 742 1615 aliisque
766 1558 957 1600 notum.
993 1551 1119 1599 Mer.
1147 1548 1463 1597 Cosaubomae.

590 1631 651 1674 55
687 1626 851 1675 Laudo
871 1627 1021 1675 hunc.-
1052 1628 1131 1674 sed
1152 1640 1274 1674 cesso
1290 1621 1448 1685 adire]
1486 1621 1579 1671 Sa-

525 1703 593 1753 tis
617 1702 928 1754 defensionis
946 1711 1044 1765 est,
1058 1702 1142 1752 ubi
1162 1701 1300 1751 Geta
1309 1700 1420 1764 jam
1437 1698 1582 1747 adire

525 1795 626 1829 non
653 1781 829 1829 timeat
853 1779 1129 1829 dominum.
1165 1778 1401 1827 Donatus.

587 1861 650 1905 56
686 1857 819 1906 Herc
852 1858 1008 1905 salve.-
1040 1855 1218 1903 salcum
1260 1857 1307 1902 te
1342 1850 1586 1901 advenisse

521 1931 727 1995 gaudeo]
773 1931 1095 1995 Principium
1137 1946 1167 1979 a
1201 1928 1582 1978 benevolentia.

525 2011 596 2059 Et
615 2009 733 2058 vide
749 2009 1089 2058 vernilitatem
1103 2006 1419 2071 aptissimam
1434 2020 1586 2055 servo

526 2085 730 2135 wuido
748 2085 997 2134 credasue
1015 2084 1150 2132 hunc
1171 2097 1305 2145 esse,
1321 2082 1407 2147 qui
1429 2095 1586 2144 supra

527 2162 774 2226 dixerit,⁸
796 2161 967 2210 Herus
983 2160 1275 2222 siredierit,
1292 2157 1583 2208 molendum

527 2254 641 2289 esse
686 2240 737 2289 in
784 2240 1016 2304 pistrino,
1058 2234 1440 2302 vapulandum,’
1485 2238 1583 2285 ὅτε.

532 2316 679 2368 Idem.

593 2399 657 2444 57
693 2393 800 2443 Ho.
795 2393 812 2428 ¹
833 2394 946 2443 boue
967 2390 1303 2455 custos,sa1oe]
1333 2390 1418 2440 Ab
1440 2389 1585 2439 initio

529 2472 669 2522 idem
707 2480 878 2522 motus
918 2479 1152 2521 servatus
1187 2475 1267 2519 est
1303 2467 1432 2518 seni.
1466 2482 1585 2517 uam

528 2548 665 2598 idem
685 2549 782 2598 hoc
796 2547 1026 2613 estquod
1041 2561 1197 2612 supra
1211 2545 1363 2606 dixit,
1380 2545 1424 2591 Ο
1443 2544 1587 2606 Geta,

530 2625 744 2674 monitor.
782 2638 1085 2689 quamquam
1126 2636 1220 2686 per
1255 2621 1444 2682 αὔξησιν
1472 2620 1589 2684 plus

531 2699 787 2764 signifieat
805 2701 941 2765 quod
959 2700 1104 2763 dicit,
1115 2698 1227 2747 bone
1238 2703 1417 2747 custos:
1433 2711 1588 2761 quam

532 2777 667 2843 quod
691 2791 862 2841 supra,
882 2777 1097 2826 mom‘tor.
1133 2776 1295 2826 Idem.

600 2856 821 2904 Columen
841 2870 949 2904 vero
960 2853 1189 2916 familioe]
1224 2853 1442 2901 columen
1449 2887 1465 2914 ,
1482 2852 1587 2900 cul·

531 2945 666 2980 men.
723 2945 788 2979 an
840 2932 1067 2991 columen,
1120 2929 1394 2978 columna?
1450 2926 1589 2976 uude

530 3007 781 3057 columella
832 3008 970 3071 apud
1015 3014 1239 3068 veteres,
1293 3005 1421 3055 dicti
1451 2994 1588 3054 servi

531 3085 749 3149 majores
779 3084 979 3133 domus.
1017 3082 1177 3132 Lucil.
1224 3095 1365 3131 xxn.
1433 3084 1447 3110 ‘
1470 3081 1587 3147 Ser-²

533 3176 624 3208 vus
646 3175 815 3224 neque
837 3158 1021 3208 infidus
1042 3159 1268 3220 domino,
1284 3173 1452 3223 neque
1475 3161 1588 3209 inu·

533 3237 637 3286 tilis
681 3237 938 3301 cuiquam,
968 3235 1134 3285 Lucili
1177 3235 1467 3297 columella,
1504 3237 1589 3286 hic

531 3313 661 3363 situs
691 3311 1098 3375 Metrophanes!
1148 3311 1387 3362 Tubero:
1413 3313 1428 3340 ‘
1451 3312 1590 3363 Hinc

530 3393 583 3440 in
601 3390 925 3440 millesimum
941 3403 1124 3438 aunum
1143 3402 1320 3438 eorum
1335 3390 1591 3443 columine

532 3465 720 3517 civitas
744 3462 1127 3515 continebitur.’
1191 3465 1444 3517 Horatius
1469 3481 1591 3519 eon·.

533 3553 617 3592 tra
656 3557 749 3608 pro
785 3543 1036 3592 columine
1072 3543 1379 3605 columnam,
1411 3544 1591 3611 ‘luja-

529 3621 669 3671 rioso
697 3635 763 3669 ue
803 3622 935 3683 pede
970 3636 1182 3682 proruas
1221 3622 1457 3675 Stantem
1503 3639 1591 3673 co·

531 3693 791 3745 lumnam!
856 3695 1050 3744 Ennius
1077 3709 1132 3745 x.
1163 3697 1179 3723 ‘
1206 3696 1375 3759 Regni
1419 3714 1589 3750 versa-

533 3779 661 3834 tum,
676 3785 986 3821 summamve
1006 3772 1325 3822 columnam.’
1358 3773 1505 3826 Idem.

602 3849 826 3900 Columen
866 3862 976 3898 vero
1007 3847 1239 3914 familiae]
1269 3850 1592 3902 sustentatio

535 3928 616 3976 vel
639 3926 814 3976 decus.
853 3925 991 3974 unde
1031 3926 1258 3976 columnae
1281 3926 1453 3978 dictae.
1521 3932 1593 3981 Et

531 4002 737 4054 moralis
760 4002 947 4062 αὔξησις
959 4001 1009 4049 ἐν
1024 3999 1241 4066 εἷρωνὲίᾳ.
1280 4003 1429 4054 Idem.

596 4085 660 4130 58
697 4079 790 4128 Cui
820 4079 1133 4128 commendavi
1154 4079 1317 4143 filium
1348 4081 1459 4132 hinc
1492 4085 1592 4135 abi-

531 4174 614 4211 ens
644 4155 818 4220 meum]
862 4155 1068 4219 Duplex
1099 4159 1370 4209 excusatio
1414 4169 1491 4212 est
1525 4165 1593 4216 de

532 4251 597 4286 eo
635 4233 772 4300 quod
826 4230 1030 4282 fecerit.
1098 4232 1233 4282 Hae'c
1277 4239 1593 4299 conveniunt

528 4315 582 4364 in
622 4325 711 4360 eas
744 4312 1008 4374 personas,
1041 4316 1447 4375 quasspectare
1487 4330 1591 4367 uon

1200 403 1414 455 No'rAE
1464 400 1866 452 VARlORUM
1914 398 1996 449 m

1641 546 1947 611 oportuerit.
1982 544 2128 594 Idem·

1708 628 1773 673 59
1802 622 2089 672 Jamdudum
2125 625 2172 668 te
2196 632 2355 668 omnes
2386 634 2484 668 nos-
2495 631 2718 667 nemore

1643 699 1784 748 audio
1797 696 2054 759 immerito]
2078 694 2214 745 Vide
2236 710 2394 760 quam
2414 696 2471 745 iu
2491 696 2578 745 his
2601 687 2715 743 ver-⁴

1647 774 1726 824 bis
1758 776 1912 825 etiam
1933 774 2107 823 vuitus
2125 772 2335 837 quidam
2355 772 2499 820 servi
2537 778 2719 821 coutu-

1647 852 1808 901 macis
1832 856 2098 915 appareat,
2120 855 2177 899 et
2199 854 2405 898 versute
2442 848 2585 897 mali.
2644 847 2716 895 Et

1647 929 1744 978 hoc
1766 936 1846 978 est
1879 926 2013 993 quod
2039 926 2262 987 dixerat,
2307 926 2458 989 ‘Ego
2496 925 2553 973 in
2593 922 2718 972 iusi·

1627 1005 1746 1061 ,diis
1770 1007 1851 1055 hic
1868 1020 1957 1055 ero
1978 1002 2429 1056 succenturiatus)
2462 1003 2624 1051 Idem.

1713 1089 1777 1134 60
1818 1085 2073 1146 Immerito,
2106 1086 2155 1132 et
2187 1096 2260 1131 me
2300 1080 2514 1129 omnium
2551 1079 2719 1127 horum

1649 1158 2038 1222 immeritis-simo]
2089 1160 2312 1208 Tantum
2371 1156 2440 1205 im
2450 1154 2715 1219 pudentiae

1651 1247 1909 1305 superest,
1940 1244 1996 1287 ut
2028 1250 2133 1286 non
2166 1236 2330 1284 solum
2355 1249 2431 1296 se,
2457 1232 2554 1283 sed
2589 1232 2718 1282 alios

1651 1317 1808 1367 etiam
1833 1314 2100 1364 defendat.
2144 1310 2343 1362 Horum
2369 1310 2604 1359 omnium
2624 1309 2721 1358 im-

1653 1393 1999 1452 meritissimo,
2021 1392 2048 1439 ὁ
2069 1387 2268 1452 πλήρης.
2304 1387 2533 1452 Ηρηυηε
2568 1391 2625 1435 et
2644 1383 2721 1435 sie

1654 1486 1745 1520 uos
1769 1471 1887 1519 lianc
1907 1476 1961 1517 et
1982 1468 2105 1516 huuc
2126 1464 2363 1514 dicimus.
2400 1463 2561 1513 Idem·

1719 1543 2119 1606 Immeritissimo]
2167 1542 2241 1591 Ut
2266 1553 2452 1603 parvo,
2475 1537 2631 1601 falso,
2654 1536 2723 1587 de

1654 1625 1914 1677 adverbiis
1935 1631 2016 1674 est
2040 1624 2091 1672 in
2119 1619 2567 1671 O-desinentibus-
2591 1618 2674 1668 Ed.

1720 1709 1781 1753 61
1819 1704 1949 1751 Nam
1974 1701 2087 1764 quid
2104 1714 2178 1748 me
2200 1699 2252 1747 iu
2271 1698 2358 1747 hac
2388 1698 2627 1757 rejacere
2647 1710 2730 1745 vo·

1585 1805 1588 1810 ·
1655 1781 1811 1844 luisti]
1846 1780 1992 1829 Bona
2030 1775 2342 1864 exceptione
2373 1774 2589 1826 locutus
2629 1779 2732 1834 est,

1658 1858 1805 1926 quasi
1829 1858 1879 1907 in
1903 1856 2020 1907 aliis
2041 1853 2228 1904 omnia
2240 1850 2444 1901 fecerit.
2476 1850 2637 1899 Idem.
2719 1865 2736 1888 ι

1724 1937 1783 1984 In
1810 1936 1898 1984 Ιιαο
1930 1947 1982 1982 re
2020 1930 2212 1980 volumi
2241 1925 2356 1989 tibi]
2388 1927 2564 1977 Quam
2599 1939 2727 1975 eon·

1657 2017 1858 2061 temnat
1878 2010 2005 2059 iram
2026 2005 2241 2067 domini,
2256 2009 2312 2053 ut
2335 2002 2472 2052 hoc
2459 2017 2580 2065 ipso
2605 2017 2726 2066 pur-

1659 2089 1825 2152 gatior
1844 2085 2101 2146 videatur,
2122 2097 2188 2132 ex
2204 2082 2304 2130 hoc
2324 2086 2574 2145 apparet,
2588 2077 2732 2144 quod

1660 2163 1864 2213 addidit
1897 2159 2156 2211 tibi.s1c
2198 2158 2336 2208 enim
2380 2155 2563 2206 dicere
2598 2157 2729 2205 sole·

1659 2256 1789 2297 mus,
1823 2237 1997 2291 ‘Quid
2042 2236 2137 2287 tibi
2174 2235 2249 2283 vis
2281 2232 2470 2283 faciam
2486 2230 2525 2280 ?'
2567 2247 2730 2296 quum

1661 2319 1827 2370 alieno
1850 2316 2059 2380 negotio
2073 2312 2267 2364 frustra
2278 2326 2371 2361 uos
2395 2309 2732 2370 ostendimus

1658 2396 1908 2447 laborare.
1944 2394 2093 2444 laem.

1725 2478 1791 2523 62
1822 2473 2025 2524 Servum
2074 2467 2304 2520 homiuem
2359 2481 2562 2517 causum
2591 2479 2734 2515 orere

1661 2553 1787 2613 leges
1808 2565 1902 2600 uon
1921 2547 2110 2610 εὶπιαιέ]
2144 2546 2264 2596 Hoc
2285 2545 2426 2594 enim
2464 2543 2619 2609 quasi
2656 2542 2731 2606 ig·
2779 2584 2785 2591 .

1664 2626 1866 2676 notanti
1910 2625 2067 2675 dicit:
2124 2620 2218 2672 sed
2264 2619 2603 2671 stomachose
2642 2619 2732 2668 ad-

1662 2709 1855 2765 mouet,
1885 2701 2028 2751 velut
2059 2699 2294 2758 stultum,
2318 2696 2401 2761 qui
2428 2710 2541 2745 rem
2567 2695 2730 2746 maui-

1662 2778 1846 2831 festam
1868 2778 2200 2842 noncogitat.
2232 2775 2384 2824 Idem.

1728 2857 1926 2907 Seruum
1956 2857 2190 2905 hominem
2223 2869 2411 2903 cuasam
2445 2868 2589 2903 orare
2609 2855 2733 2916 lega

1662 2949 1753 2982 uon
1782 2933 1970 2996 sinunt]
2004 2933 2230 2981 Vetuste
2246 2929 2500 2982 hominem.
2533 2930 2729 2980 Sallus-

1664 3011 1767 3060 tius
1802 3013 1855 3059 in
1897 3009 2158 3074 ,Iugurtha
2182 3024 2198 3056 z
2253 3007 2268 3034 ‘
2296 3007 2471 3058 Quum
2516 3008 2736 3057 interim

1664 3086 1934 3151 Hiempsal
1991 3085 2314 3150 reperiretur
2360 3083 2636 3134 occultans
2673 3097 2730 3134 se

1663 3166 1716 3214 in
1741 3165 1948 3230 tugurio
1987 3161 2217 3214 mulieris
2247 3159 2490 3211 ancillae-⁹
2520 3162 2680 3212 Idem.
2712 3168 2717 3175 '

1730 3243 1930 3292 Servum
1965 3241 2197 3290 hominem
2231 3252 2424 3289 causam
2443 3251 2586 3286 orare
2607 3239 2732 3300 leges

1664 3336 1755 3370 noa
1776 3319 1963 3382 sinunt]
1996 3319 2135 3368 Mire
2156 3313 2733 3367 extenuaviteonditio·

1667 3407 1783 3447 nem
1816 3412 1981 3459 suam,
2005 3394 2228 3444 diceudo
2266 3406 2368 3441 nou
2392 3405 2486 3447 me,
2516 3389 2614 3443 sed
2635 3405 2732 3440 ser·

1664 3490 1789 3526 vum.
1855 3474 1925 3522 Et
1960 3472 2198 3522 addendo
2237 3468 2494 3532 hominm,
2524 3468 2734 3523 morali·

1667 3558 1749 3600 ter
1769 3550 1995 3601 locutus.
2061 3549 2149 3598 Sic
2183 3545 2456 3610 Virgilius,
2520 3545 2733 3613 {Vene-

1665 3637 1749 3678 rat
1772 3627 2000 3692 antiquis
2035 3624 2203 3676 Coriti
2238 3624 2304 3674 de
2329 3622 2529 3672 finibus
2553 3621 2732 3673 Acron

1665 3704 1854 3754 Graius
1876 3701 2059 3753 homo)
2090 3702 2243 3752 Idem·
2335 3710 2340 3716 ’
2531 3738 2542 3753 ,.

1671 3820 1676 3829 .
1734 3782 1937 3830 Comum
1957 3779 2117 3843 orare]
2152 3780 2273 3830 Non
2306 3748 2610 3842 improprie.
2643 3776 2733 3827 Sic

1662 3856 1931 3921 Virgilius,
1972 3838 2251 3915 ‘orabunt
2284 3868 2471 3904 causas
2509 3851 2733 3907 melius?

1667 3932 1816 3982 Idem.

1729 4015 1792 4060 63
1827 4012 1998 4074 Neque
2028 4009 2292 4060 testimonii
2323 4008 2475 4058 dictio
2506 4006 2606 4071 cst]
2638 4008 2732 4058 Vis

1667 4089 1818 4153 scire,
1840 4087 2027 4153 iuquit,
2062 4102 2219 4152 quum
2255 4101 2359 4137 nou
2396 4086 2560 4137 liceat
2581 4100 2731 4136 servo

1667 4180 1789 4230 pro
1800 4165 2007 4215 domino
2049 4163 2262 4213 dicere?
2295 4176 2396 4213 nec
2420 4163 2574 4212 testis
2613 4163 2731 4212 loco

1665 4242 1879 4306 produci
1904 4248 2096 4307 potest.
2121 4241 2271 4292 Idem.
2718 4280 2726 4295 .

1735 4319 1898 4393 Neque
1932 4318 2191 4370 testimonii
2217 4317 2369 4370 dictio
2397 4317 2502 4382 cst]
2534 4315 2726 4379 Varie:
