3035 4941
658 428 1023 476 TERENTII
1071 428 1403 479 ADELPH.
1451 430 1618 479 Ac'r'.
1666 429 1765 478 lv·
1803 431 1909 480 SC.
1959 431 2069 479 111.

277 570 572 619 remittendo
609 570 748 636 quod
806 570 1043 635 petebat,
1097 571 1322 622 extorsit

281 648 449 709 magis.
483 649 719 700 Donatus.

286 753 293 760 ·
334 728 391 773 18
424 724 738 790 Imocgoibo]
765 726 1159 790 Hocadverbio,
1178 724 1318 790 quod

274 799 342 848 sit
358 800 464 859 ϋηο,
481 801 712 852 ostendit
734 818 792 852 se
808 812 1049 868 prompte
1065 816 1242 867 agere,
1265 808 1320 852 et

274 878 536 940 instanter,
559 879 696 943 quod
721 880 976 942 promisit.
1013 882 1163 930 Idem.

332 958 388 1002 1⁴
420 954 586 1004 Minus
603 956 839 1019 secundoe]
895 957 1090 1006 Dicere
1116 956 1190 1005 sic
1214 970 1319 1004 mu·

275 1027 384 1088 luit,
403 1042 466 1077 ne
485 1030 672 1079 miseroe
692 1030 914 1082 diceret.
950 1031 1103 1081 Idem.

278 1131 285 1137 -
332 1104 494 1153 Nescio
537 1120 629 1167 quo
670 1107 828 1171 modo]
878 1107 998 1156 Hoc
1037 1114 1139 1167 est,
1166 1107 1317 1156 vehe-

270 1183 468 1243 mentia,
490 1182 634 1231 nulla
657 1184 825 1246 palam
846 1184 1064 1233 ratione.
1109 1182 1260 1232 Idem.

326 1261 382 1306 15
417 1260 672 1322 Accipiunt
693 1261 874 1325 mgis]
909 1261 1049 1310 Mire
1083 1259 1315 1309 additum

265 1335 436 1396 tnagis.-
458 1350 614 1401 quum
634 1339 800 1401 possit
821 1352 1000 1387 sensus
1016 1345 1070 1388 et
1092 1338 1200 1388 sine
1218 1338 1315 1388 boc

265 1425 371 1461 esse
393 1412 617 1477 integer.
687 1415 839 1464 Idem.

272 1508 279 1512 ·
324 1492 382 1536 16
417 1490 794 1553 Propter-'suam
817 1490 1165 1555 impotentium]
1230 1489 1315 1538 Iu·

262 1564 568 1618 firmitatem.
635 1570 703 1618 Et
729 1582 902 1617 rursus
924 1569 1092 1618 noluit
1113 1569 1313 1618 humili·

265 1647 411 1692 tatem
434 1651 525 1692 aut
548 1645 810 1694 miseriam
832 1642 1028 1694 dicere.
1066 1645 1214 1693 Idem.

343 1720 567 1783 Negligi]
602 1743 607 1750 ·
643 1720 858 1783 Legitur
903 1727 961 1769 et
998 1721 1213 1768 claudere
1258 1726 1313 1769 et

224 1815 227 1820 ·
258 1796 531 1846 claudicare.
594 1794 763 1846 Idem.

318 1871 521 1935 Propter
543 1886 676 1921 suum
706 1867 1034 1935 impotentium
1061 1888 1112 1922 se
1131 1887 1313 1937 semper

255 1950 441 1998 creduut
457 1950 673 2012 neglegi]
707 1951 843 2000 Vide
859 1951 1113 2001 Faernum
1130 1966 1180 2016 p.
1198 1956 1309 2002 135.

257 2023 500 2076 Profecto
540 2042 569 2075 e
613 2027 853 2090 vestigiis*
882 2033 1118 2077 veterum
1154 2028 1311 2078 libro-

255 2113 380 2162 rum,
429 2110 487 2150 et
534 2117 599 2151 ex
641 2103 872 2159 Donato,
915 2102 1189 2166 legendum
1231 2111 1313 2154 est

254 2177 437 2239 cclvicr,
456 2177 511 2226 id
535 2184 612 2225 est
629 2178 767 2239 calci,
784 2178 837 2225 id
861 2184 945 2227 est
959 2179 1131 2242 decipi.
1179 2181 1310 2229 Ver-

255 2250 368 2301 bum
408 2261 564 2303 vetus
588 2262 687 2311 est,
722 2254 816 2303 sed
856 2256 1174 2326 temporibus
1212 2256 1310 2306 Te-

254 2330 419 2392 rentii,
458 2329 748 2394 Scipionis,
781 2337 835 2381 et
860 2331 1006 2381 Loelii
1032 2333 1312 2383 usitatissi-

255 2417 402 2456 mum.
432 2405 615 2455 Faber.
994 2441 1003 2449 ·

312 2485 519 2549 Propter
553 2501 687 2535 suam
708 2487 1034 2549 impotentiam
1054 2503 1105 2538 se
1133 2502 1311 2552 semper

250 2563 441 2610 cred-m
461 2563 675 2626 negligi]
729 2564 955 2627 Νομᾷ-ι’,
987 2579 1104 2629 quae
1130 2579 1309 2616 recen·

252 2633 347 2683 tior
359 2637 525 2686 lectio
535 2645 638 2701 est,
658 2639 890 2702 negotio,
907 2655 1010 2704 quo
1031 2640 1097 2690 de
1115 2642 1315 2706 agitur,

249 2723 347 2761 non
370 2715 647 2775 convenit3
684 2729 786 2764 non
810 2717 945 2765 enim
968 2716 1099 2766 dicit
1136 2718 1309 2780 Hegio

250 2785 482 2851 Micioni,
524 2791 620 2840 itu
669 2791 735 2840 ud
775 2792 1087 2852 Sostratam,
1128 2803 1184 2843 et
1222 2793 1306 2842 AE-

248 2865 476 2915 schinum
514 2866 591 2915 illi
627 2883 814 2932 purga,
852 2870 1167 2933 nuptiasque
1188 2884 1308 2919 con-

248 2938 411 3003 firma,
433 2957 501 2992 ne
526 2951 761 3007 se-putet
790 2958 820 2993 a
844 2953 896 2993 te
919 2946 1232 3007 neglectam,
1264 2945 1307 2994 si

249 3029 340 3078 per
375 3019 533 3067 alium
571 3020 669 3069 boc
706 3018 927 3070 feceris:
962 3032 1067 3070 nou
1102 3021 1307 3086 inquam

249 3092 343 3145 hoc
366 3096 515 3147 dicit.
538 3111 658 3147 num
679 3098 866 3160 negligi
889 3112 1041 3160 sane,
1054 3110 1111 3148 et
1134 3099 1308 3149 admo-

247 3169 361 3220 dum
385 3173 505 3222 leve
528 3181 691 3237 esset,
710 3182 766 3225 et
788 3176 1194 3240 pauperibus-ac
1217 3178 1307 3226 mi-

248 3249 388 3310 seris,
424 3250 872 3313 cujusmodiserut
907 3252 1166 3315 Sostrata,
1207 3254 1307 3304 usi-

248 3324 585 3387 tatissimum,
628 3341 846 3391 quorum
898 3327 1112 3378 fortuna
1175 3329 1307 3381 adeo

245 3403 412 3463 palam
429 3400 633 3454 crunctis
642 3404 901 3467 neglectui
920 3414 1020 3462 est,
1039 3412 1098 3454 ut
1110 3408 1309 3471 negligi

246 3489 302 3525 se
322 3490 427 3528 non
451 3479 688 3535 credant,
729 3478 822 3527 sed
845 3493 938 3542 pro
950 3478 1101 3530 ¹c‘erto
1119 3478 1307 3546 sciant,

246 3550 917 3620 perspicueque-videant?
947 3557 1038 3605 sed
1073 3559 1169 3607 hoc
1205 3559 1310 3623 sig-

246 3630 453 3681 nificare
481 3631 592 3680 vult
609 3631 807 3695 Hegio:
830 3631 873 3679 si
896 3645 997 3696 ego
1014 3632 1306 3684 'Sostratum

247 3712 332 3755 tuo
344 3707 555 3756 nomine
568 3702 919 3770 convenirem,
934 3713 996 3757 ut
1012 3709 1307 3759 AEs'ehinum

245 3782 292 3830 ei
313 3797 609 3847 purgarem,
630 3778 685 3831 et
701 3783 909 3845 nuptias
922 3776 1306 3850 confirmarem,

243 3858 351 3919 illa,
397 3873 513 3924 quie
556 3872 662 3907 non
707 3873 822 3907 enm
864 3858 1103 3922 profecto
1124 3901 1129 3905 .
1147 3862 1305 3912 tidem

248 3935 373 3986 mihi
418 3943 509 3985 tuo
549 3935 756 3984 nomine
779 3936 1044 3986 nuntianti
1076 3939 1310 4003 baberet,

248 4027 308 4062 ac
336 4011 431 4061 tibi
462 4011 581 4076 ipsi,
619 4011 791 4074 decipi
814 4025 890 4074 se,
924 4013 1127 4078 sibique
1149 4016 1308 4066 verbe

243 4089 358 4139 duri
373 4089 716 4140 arbitraretur
734 4104 749 4137 ε
786 4089 802 4117 ‘
820 4089 1020 4139 Omnes
1041 4092 1177 4142 enim
1194 4095 1308 4158 qui-

246 4165 339 4215 bus
363 4180 446 4215 res
484 4171 607 4215 suut
640 4164 1106 4228 minuslsecundae,
1144 4171 1308 4234 magis

247 4250 369 4292 sunt
412 4243 590 4293 nescio
620 4242 878 4306 quomodo
900 4245 1204 4307 suspiciosi:
1241 4247 1306 4297 ad

245 4320 606 4371 coutumeliam
627 4319 803 4370 omnia
821 4321 1087 4384 accipiunt
1097 4324 1260 4387 magis
1272 4324 1307 4374 ε’

2279 413 2454 482 1467-

1392 586 1546 637 qunm
1586 580 1642 624 tu
1676 574 1749 623 illi
1781 575 2125 638 suspicionem
2149 573 2453 638 dempseris,

1392 663 1619 713 praesens
1639 657 1947 714 praesentem
1966 650 2295 715 alloquendo.
2317 651 2452 700 Haee

1392 733 1575 775 contra
1612 729 1960 778 recentiorem
2005 728 2315 788 lectionem;
2364 741 2453 775 ve-

1394 808 1588 853 tustam
1630 820 1772 865 vero,
1806 804 1862 854 id
1906 811 2004 867 est,
2039 805 2267 865 clmrdier‚
2311 803 2451 867 quod

1391 888 1474 928 est
1519 881 1570 928 in
1614 880 1747 930 libro
1785 880 2054 943 Bembiuo,
2111 879 2179 928 ad
2223 879 2357 945 quod
2394 885 2457 929 et·

1393 957 1635 1007 Donatus
1676 958 1880 1019 alludit,
1927 971 2103 1007 omnes
2151 956 2333 1006 vident
2384 956 2452 1004 ad

1390 1045 1594 1082 sensum
1619 1034 1791 1096 poiitae
1808 1048 1907 1082 non
1926 1029 2198 1099 quadrare.
2222 1046 2381 1096 quare
2396 1033 2452 1081 in

1392 1122 1503 1156 eam
1544 1110 1903 1173 conjecturam
1958 1108 2208 1170 venimus,
2253 1116 2313 1157 ut
2352 1122 2451 1171 pro

1389 1184 1617 1246 claudier,
1656 1186 1803 1233 unius
1838 1190 2038 1234 tanturn
2063 1182 2345 1244 litterae,.id
2368 1191 2451 1233 est

1390 1261 1440 1320 d,
1472 1260 1823 1322 detractione,
1858 1266 1915 1309 et
1937 1260 2090 1308 unius
2113 1259 2238 1310 item
2258 1260 2448 1308 litterar

1391 1336 1812 1399 transpositione,
1857 1343 1916 1385 ut
1956 1350 2051 1399 pro
2085 1337 2179 1396 clu,
2219 1335 2293 1383 cal
2323 1335 2451 1384 scri·

1308 1441 1315 1450 -
1391 1410 1568 1474 batur,
1599 1413 1873 1476 legendum
1896 1413 2229 1474 arbitremur,
2256 1413 2451 1476 volvier,

1389 1488 1477 1552 qui
1500 1496 1581 1539 est
1607 1488 2261 1549 ⁴infinitivusmodusverbi
2276 1490 2448 1550 calvo,

1390 1565 1527 1627 quod
1570 1566 1844 1630 aliquando
1883 1567 2148 1629 passivum
2185 1566 2454 1618 invenitur.

1308 1673 1311 1676 -
1390 1640 1529 1703 apud
1552 1650 1809 1705 auctores,
1830 1649 1889 1691 et
1913 1656 2027 1706 pro,
2041 1641 2238 1705 decipi,
2258 1643 2449 1708 accipi-

1390 1722 1491 1778 tur,
1545 1717 1623 1766 ita
1665 1725 1958 1782 exponente
2009 1718 2300 1768 Prisciano.
2357 1719 2451 1768 ali·

1389 1793 1599 1857 quando
1637 1793 1921 1857 deponens,
1957 1793 2022 1843 'et
2063 1808 2158 1857 pro
2195 1792 2448 1845 frustrari

1388 1870 1665 1933 exponitur
1699 1886 1731 1921 n
1767 1872 2022 1936 Pompeio
2054 1869 2234 1933 Festo,
2268 1872 2394 1921 item
2416 1887 2450 1922 ι

1388 1947 1515 1996 Caio
1544 1947 1901 2011 jureconsulto
1941 1949 2071 2013 Cap.
2115 1949 2171 1998 Si
2205 1948 2452 2012 calvitur,

1387 2023 1474 2072 De
1498 2024 1773 2074 verborum
1795 2023 2192 2088 significatione.
2259 2026 2454 2074 Exem-

1388 2099 1479 2163 pla
1511 2114 1639 2149 vero
1659 2102 1901 2165 ‘usurpati
1929 2102 2083 2165 hujus
2107 2099 2343 2150 vocabuli
2380 2099 2447 2149 ab

1388 2176 1688 2226 auctoribus
1720 2178 1854 2240 haec,
1877 2192 1944 2227 ex
1983 2178 2140 2227 Festo
2161 2176 2449 2241 exscripta,

1387 2251 1609 2315 subjeci,
1642 2268 1709 2303 ex
1733 2254 1836 2317 leg.
1859 2267 1965 2303 ιιι.
1988 2253 2282 2304 tabularum
2297 2269 2318 2303 -2
2354 2252 2446 2302 ‘Si
2521 2245 2526 2248 ’

1386 2328 1628 2391 calvitur,
1650 2330 1906 2394 pedemve
1922 2331 2096 2391 struit,
2127 2343 2335 2379 manum
2355 2343 2451 2379 en·-

1302 2420 1311 2436 ·
1385 2403 1644 2468 ἀο]ιοίῑο.’
1709 2407 1964 2456 Plautus:
1999 2408 2015 2435 ‘
2037 2406 2171 2455 Nam
2193 2406 2285 2455 ubi
2308 2406 2447 2457 domi

1385 2483 1496 2532 sola
1557 2496 1690 2546 snm,
1744 2484 1913 2547 Sopor
1957 2497 2158 2533 manus.
2192 2482 2448 2534 calvitur?

1385 2559 1648 2609 Pacuvius
1672 2560 1726 2609 in
1749 2559 1946 2611 Medo:
1979 2562 1994 2587 ‘
2017 2560 2200 2610 Sentio
2218 2567 2366 2625 pater
2389 2568 2450 2611 te

1387 2636 1535 2685 vocis
1576 2637 1713 2686 calvi
1753 2636 2107 2686 similitudine.
2173 2636 2277 2685 Sed
2320 2636 2447 2701 quid

1385 2712 1687 2776 conspicio?
1720 2727 1845 2763 num
1881 2727 1964 2762 me
2002 2714 2200 2762 lactans
2219 2712 2446 2763 calvitur

1385 2788 1541 2837 aetus?
1579 2787 1684 2838 Sed
1711 2796 1906 2838 memet
1923 2789 2133 2839 'calvort
2159 2803 2262 2838 -vos
2284 2790 2448 2838 istum

1373 2864 1507 2927 jussi
1531 2880 1693 2930 ocyus
1715 2865 2041 2917 abstrahite!
2108 2865 2337 2914 Lucilius
2349 2866 2444 2915 Sn-

1386 2948 1615 3006 tyrnrum
1654 2943 1791 2992 libro
1838 2942 2191 2992 xxv111.‚‘Si
2233 2956 2339 2990 non
2380 2940 2445 3003 it,

1384 3018 1578 3080 capito,
1602 3018 1812 3082 inquit,
1859 3032 2013 3066 eumz
2047 3023 2104 3067 et
2138 3018 2180 3066 si
2221 3018 2448 3067 calvitur

1383 3107 1510 3158 ergo
1556 3094 1662 3143 Fur
1705 3092 2000 3144 dominum.’
2089 3094 2345 3143 Pacuvius
2390 3095 2448 3143 in

1382 3172 1700 3221 Duloreste:
1750 3170 1879 3220 ‘Me
1928 3170 2153 3220 calvitur
2191 3171 2442 3234 suspicio,

1381 3249 1481 3298 hoc
1503 3254 1588 3299 est
1611 3245 1751 3313 quod
1773 3247 1888 3297 fore
1908 3247 2115 3296 occulte
2145 3245 2279 3309 AJux
2311 3260 2444 3309 prae»

1383 3326 1550 3376 dixis?
1618 3324 1891 3375 Sallustius
1913 3322 2275 3372 Historiarum
2309 3323 2452 3373 libro·

1384 3405 1602 3454 tertios¹
1632 3403 1888 3453 ‘Contra
1924 3400 2014 3449 ille
2072 3399 2211 3450 calvi
2268 3406 2448 3450 ratum

1384 3483 1538 3542 Saue,
1585 3494 1701 3544 quae
1737 3476 2250 3541 supra-adduximus
2282 3477 2448 3527 verba

1383 3571 1452 3606 ex
1508 3570 1618 3605 ιιι.
1679 3554 1894 3615 tabulis,
1957 3554 2036 3602 ita
2089 3552 2313 3617 intelligi
2349 3553 2452 3607 de·¹

1379 3632 1546 3694 bent;
1583 3633 1656 3680 ·si
1693 3631 1920 3692 'eduum
1959 3629 2129 3679 active
2182 3631 2458 3696 accipien-⁴

1381 3713 1525 3773 dum,
1560 3709 1615 3759 id
1656 3714 1758 3767 est,
1791 3709 1840 3757 si'
1876 3706 2174 3771 frustratur,
2218 3716 2277 3759 et
2323 3711 2444 3760 sub-

1381 3785 1722 3838 audiendum⁴
1760 3791 2020 3848 putamus,
2070 3785 2297 3846 debitor,
2326 3788 2443 3836 -vel

1379 3864 1507 3930 quid
1542 3864 1674 3924 tale3
1705 3861 2003 3911 ‘Pedeuive
2044 3861 2234 3921 struit,’
2264 3861 2320 3909 id
2358 3870 2446 3913 est

1381 3939 1548 4005 fugit:
1575 3941 1649 4000 ita
1670 3938 1808 3987 enirn
1831 3932 2111 4001 exponitur
2128 3951 2158 3986 a
2184 3938 2300 3986 Ser.
2317 3937 2445 3988 Sul:

1381 4018 1551 4082 picio;
1584 4019 1600 4045 ‘
1620 4016 1836 4064 Manum
1859 4012 2195 4075 endojacito,‘
2216 4026 2311 4075 pro
2328 4028 2445 4063 ma·

1380 4108 1502 4144 num
1523 4092 1752 4155 injicito':
1786 4089 1985 4152 antiqui
2007 4089 2162 4149 enim,
2200 4095 2335 4137 teste
2351 4103 2444 4138 eo·
2477 4134 2515 4154 κ

1382 4171 1498 4219 dem
1521 4168 1702 4229 Fest'o,
1719 4167 1835 4216 eudo
1858 4178 1954 4228 pro
1975 4165 2025 4212 in
2044 4163 2329 4227 ponebant3
2346 4180 2440 4215 un·

1382 4246 1448 4295 de
1490 4244 1767 4300 curleium,
1799 4255 1894 4304 pro
1928 4240 2159 4290 initium:
2194 4243 2441 4304 endoploro

1382 4337 1478 4386 pro
1515 4321 1771 4385 implor03
1803 4319 1818 4346 ‘
1840 4316 2004 4369 Eudo.
2035 4316 2324 4383 procinctu'
2346 4332 2448 4382 pro.
