3035 4941
192 2729 195 2732 ·
279 2731 446 2781 supra
465 2717 840 2768 annotavimus.

728 405 1092 457 TERENTn
1136 405 1422 457 HEcYR.
1472 405 1636 455 Ac'r.
1673 403 1776 453 lvi
1820 405 1925 453 SC.
1975 402 2076 452 IV.

289 566 402 605 sane
443 567 508 603 απ
549 553 757 604 reducem
824 553 1014 606 Recte.
1088 552 1349 619 Argeum-.-

289 631 509 683 ratenais
546 630 714 680 codex
757 630 942 682 itidem
983 630 1201 682 vitiose:
1251 630 1350 679 Re-

285 709 485 758 missam
528 710 591 779 qvi
640 723 754 773 opus
809 714 884 760 est
935 709 1065 759 nobis
1109 702 1353 759 redactam

284 787 490 835 domum.
521 786 762 850 sequenti
784 801 939 837 versu
959 787 1222 837 Donatum
1245 799 1350 836 me·

283 861 391 912 rito
409 861 606 914 refutat
631 861 887 927 Gu'yetus.
929 863 1187 914 Boeclenoe.

285 968 291 974 -
351 938 621 988 Rentvlssam
642 938 749 1004 opu’
771 941 838 990 sit
865 939 1001 990 vobis
1027 956 1092 990 απ
1110 942 1352 990 reductam

282 1014 496 1078 domum]
526 1015 678 1079 Opus
699 1014 835 1065 hane
857 1030 987 1077 rem,
1007 1024 1082 1082 et,
1102 1031 1231 1082 opus
1251 1017 1350 1067 bae

287 1107 366 1154 re,
399 1100 680 1158 utrumque
709 1092 1016 1156 legitimum.
1080 1093 1183 1145 Sed
1207 1095 1349 1144 Don.

255 1170 446 1233 *inagis
469 1170 656 1234 probat
676 1169 882 1221 illorum
906 1171 1146 1222 codicum
1169 1171 1351 1222 lectio·

282 1248 517 1313 nem,qui
531 1247 743 1312 babent,
757 1248 1025 1299 Remissan’
1037 1247 1154 1315 (i.e.
1172 1249 1350 1300 remis-

283 1326 435 1390 sane)
458 1326 566 1390 opu’
584 1327 651 1377 sit
669 1327 819 1391 vobis,
835 1343 900 1379 on
918 1329 1113 1379 reducta
1130 1329 1344 1392 domum.
1334 1343 1349 1358 ·

261 1400 336 1449 'id
360 1410 541 1455 autem
560 1402 715 1473 dicit:
751 1402 947 1455 Videte
971 1419 1081 1473 yos,
1108 1419 1181 1457 an,
1205 1405 1349 1454 mali·

281 1479 350 1528 tis
373 1487 704 1544 exspectare,
725 1481 845 1531 dum
875 1481 964 1531 illa
1000 1482 1295 1533 remittatur
1315 1496 1350 1531 a

282 1557 456 1621 nobis,
493 1557 625 1623 (quo
672 1558 904 1622 pertinet
943 1559 1075 1610 illud
1116 1568 1222 1612 act.
1258 1574 1348 1611 ιιι.

280 1651 358 1691 sc.
388 1642 439 1686 5.
483 1637 610 1686 ‘Ita
643 1651 780 1690 nunc
810 1639 853 1688 is
891 1638 985 1688 sibi
1025 1639 1347 1704 supplicatu-

279 1728 398 1763 rum
435 1728 519 1763 me
546 1721 698 1777 putat
710 1714 775 1780 ³)
820 1730 888 1766 au
923 1716 1023 1783 ipsi
1066 1717 1346 1807 reducatis.

278 1790 417 1841 Mer.
444 1792 764 1842 casaubonus.

264 1877 268 1881 ·
343 1871 423 1917 44.
453 1867 592 1918 Uxor
611 1869 725 1932 quid
735 1867 950 1934 saciat,
930 1886 985 1921 m
1005 1886 1150 1921 manu
1162 1886 1255 1922 non
1273 1876 1348 1921 est

278 1943 410 2007 mea]
446 1944 612 2009 Ordo,
634 1946 784 1996 Uxor
803 1961 921 1997 mea
939 1946 1063 2012 quid
1087 1947 1268 2006 faciat,
1280 1948 1346 1999 in

280 2037 582 2073 manurinon
615 2028 728 2073 εει.
765 2023 914 2075 deest
944 2025 1065 2086 eins.
1105 2033 1162 2074 ιιι
1184 2025 1275 2086 sit,
1297 2026 1351 2075 in

279 2112 438 2148 manu
475 2099 587 2163 ejus
622 2107 868 2150 non‘est:
906 2101 1000 2151 sed
1038 2103 1090 2150 in
1118 2116 1235 2153 mea
1257 2118 1349 2167 po-

281 2181 485 2225 testate
508 2174 855 2241 positumest.
892 2177 1126 2227 Donatus.

289 2288 295 2293 .
348 2252 416 2301 In
453 2267 598 2302 manu
628 2253 850 2317 nonest]
903 2256 1096 2307 Uxoris
1134 2256 1355 2307 seilicet.

281 2330 363 2380 Et
375 2336 459 2380 est
479 2329 626 2391 ordo,
646 2329 796 2380 Uxor
812 2345 933 2381 mea
953 2331 1076 2396 quid
1098 2331 1282 2399 faciat,
1300 2333 1355 2384 in

278 2421 438 2457 manu
461 2407 575 2472 ejus
598 2421 703 2457 non
729 2414 830 2457 est.
884 2408 1031 2458 Idem.

346 2489 414 2534 45
441 2485 632 2535 Neutro
648 2485 701 2535 in
713 2500 766 2535 re
782 2485 913 2536 vobis
925 2486 1200 2553 diffie-mas]
1219 2488 1350 2540 Pro-

199 2558 203 2564 ’
281 2561 453 2612 mittit
488 2561 801 2614 facilitatem
846 2579 1024 2615 suam·
1074 2572 1135 2616 ut
1178 2574 1352 2617 tamen

281 2654 420 2690 uxor
458 2640 686 2704 roganda
720 2641 809 2692 sit.
874 2641 957 2691 An
992 2643 1164 2709 aliter,
1195 2652 1252 2695 et
1280 2652 1355 2698 ut

890 2719 1038 2770 Idem.

349 2799 417 2846 46
451 2794 549 2845 Sed
566 2796 682 2858 quid
711 2796 950 2855 sociemus
964 2798 1136 2863 puero]
1175 2799 1192 2827 ‘
1211 2750 1352 2851 Quid

279 2887 370 2924 me
392 2870 523 2933 fiet,'
542 2879 600 2923 et
633 2873 650 2902 ‘
669 2872 807 2926 Quid
830 2872 924 2924 fiet
946 2874 1104 2925 mihi'
1142 2874 1350 2926 dicitur.

285 3066 294 3074 .
351 3027 452 3077 Sed
471 3027 1009 3101 qiddsaeiems‘puoeo]
1041 3028 1145 3080 Qui
1169 3029 1352 3096 utique

285 3104 536 3170 quicquid
571 3104 692 3167 erit,
736 3103 876 3168 patri
919 3104 1213 3157 reddendus
1251 3113 1355 3160 εει.

283 3184 442 3234 Idem·

354 3260 578 3310 Ridicule
599 3258 766 3322 rogas]
801 3259 1041 3317 Ridicule,
1064 3258 1147 3309 vel
1170 3211 1351 3311 adver-

282 3339 428 3389 bium
465 3352 579 3388 esse
616 3345 809 3401 potest,
829 3339 910 3388 vel
938 3351 1154 3390 nomen:
1190 3339 1235 3388 si
1259 3353 1348 3389 no·

282 3430 409 3468 men
434 3421 534 3479 est,
554 3414 914 3479 subdistingue
934 3415 1165 3470 ridicule·
1147 3452 1162 3467 .
1180 3422 1255 3470 Aet
1271 3417 1349 3468 sic

283 3496 576 3557 interroga,
593 3506 711 3542 cum
729 3493 779 3542 vi
794 3491 1251 3558 pronuntiationis.
1269 3494 1355 3545 Id.

353 3574 419 3621 47
455 3569 589 3619 Huic
609 3568 803 3632 reddas]
835 3568 1111 3635 Pamphilo
1134 3569 1356 3624 scilicet.

288 3650 444 3699 Idem·
480 3677 481 3680 =
548 3675 552 3679 Δ

326 3723 492 3778 Huic
511 3740 646 3774 suum
663 3726 836 3776 reddas
855 3725 1056 3790 scilicet]
1086 3725 1177 3776 Sic
1197 3724 1354 3789 dixit,

288 3804 425 3855 Huic
445 3818 598 3861 suum,
621 3810 677 3853 et
698 3805 895 3863 reddas,·
927 3803 1074 3870 quasi
1109 3810 1357 3877 reposcat

290 3881 611 3945 Pamphilus.
695 3881 765 3930 Et
818 3896 921 3932 non
965 3881 1258 3947 subjunxit,
1301 3888 1358 3933 ut

286 3960 411 4023 alat,
445 3957 565 4022 sed,
593 3963 650 4007 ut
685 3960 896 4009 ammas.-
935 3964 995 4007 ιιι
1026 3973 1118 4009 sua
1150 3959 1356 4070 quoque

289 4037 546 4087 interesse
568 4043 899 4090 monstraret.
933 4036 1086 4088 Idem.

355 4117 422 4163 48
460 4112 532 4162 Ut
586 4113 773 4163 ciamus
825 4112 1062 4175 nothum]
1138 4114 1356 4170 Scilicet

291 4189 554 4255 Pamphili
618 4189 799 4253 filium,
857 4200 1103 4252 nepotem
1168 4206 1359 4256 meum,

295 4277 571 4354 utrumque
595 4273 846 4318 nostrum.
869 4266 1032 4324 Idem.

360 4344 558 4402 Quem
538 4360 640 4409 epse
662 4343 896 4409 neglexit]
925 4344 982 4396 Si
1006 4344 1106 4409 ipse
1139 4346 1358 4411 legeris,

2320 389 2491 466 1581,

1430 552 1571 605 clare
1602 551 1800 601 dictum
1835 555 1942 601 est=
1977 549 2020 599 εἰ
2055 550 2179 615 ipsu,
2200 551 2496 616 leninsest,

1429 639 1488 680 et
1528 629 1795 681 videbitur
1833 645 1992 680 senex
2031 629 2100 680 ob
2132 631 2496 685 murmuratio-

1412 722 1554 758 ἡιιειιι
1576 709 1687 772 ejus
1707 706 2048 769 intellexisse,
2061 708 2198 772 quod
2220 708 2352 758 nolit
2374 724 2499 772 pue·

1430 798 1546 836 rum
1582 784 1729 841 tolli:
1759 791 1817 835 et
1852 785 1976 835 ideo
2013 785 2328 850 adpositum,
2366 788 2498 844 Quia

1428 861 1593 911 dixti?
1617 861 1705 915 elio
1720 858 1746 911 Ι
1780 875 1843 911 aa
1862 876 1959 912 ιιοιι
1977 863 2175 924 demae,
2207 860 2497 927 Pamphila?

1430 938 1691 1073 Ιάἶὶῗὲηι
1671 1011 1774 1079 ipse
1791 1010 2028 1080 neglexit]
2059 1015 2279 1080 Legitur
2293 1020 2349 1067 et
2369 1017 2499 1081 ipsa,
2535 1022 2538 1025 “

1430 1098 1487 1143 ει
1524 1092 1623 1144 hoe
1656 1100 1740 1144 est
1762 1094 1978 1145 melius.
2015 1101 2074 1144 ut
2095 1093 2167 1144 sit
2182 1099 2324 1159 pater
2344 1109 2497 1147 voea-

1431 1170 1570 1222 tivus
1594 1185 1763 1222 casus.
1795 1171 1949 1221 Idan.

1500 1249 1653 1304 Quem
1671 1249 1779 1312 ipsa
1799 1247 2034 1311 neglexit,
2058 1253 2215 1311 pater,
2237 1263 2325 1311 ego
2344 1249 2496 1313 dum]

1429 1323 1537 1376 Hic
1561 1325 1659 1375 sibi
1681 1326 2092 1387 obmurmurans,
2119 1325 2262 1377 vultu
2295 1332 2351 1375 et
2381 1342 2496 1378 ver-

1430 1401 1540 1451 bis
1551 1402 1785 1454 ostendit
1824 1403 1965 1454 nolle
2008 1401 2275 1467 suscipere
2317 1402 2497 1507 filium.

1427 1479 1756 1621 ζάἕῖοιιιίρεα
1776 1557 1995 1620 neglexit
2010 1555 2176 1620 pater]
2202 1558 2367 1608 Recte
2385 1559 2498 1609 Do·

1402 1634 1582 1684 'natus
1615 1632 1684 1682 τὸ
1714 1633 1818 1697 ipsa
1854 1631 2073 1698 praefert
2087 1635 2165 1696 τῷ
2196 1632 2323 1698 ipse.-
2356 1634 2407 1683 in
2429 1649 2497 1684 eo

1431 1718 1606 1761 autem
1650 1717 1896 1773 nugatur,
1929 1710 2066 1774 quod
2114 1723 2215 1759 ιιοιι
2251 1710 2400 1771 vidit,
2439 1711 2499 1761 τὸ

1340 1808 1349 1821 =
1425 1785 1528 1849 ipse
1564 1786 1705 1835 nullo
1734 1785 1886 1836 modo
1908 1791 2053 1835 stare
2075 1800 2246 1850 posse.
2280 1789 2415 1852 quod
2439 1795 2498 1839 et

1427 1862 1657 1912 Faernus
1693 1863 2107 1914 animadvertere
2143 1864 2345 1916 debuit.
2370 1865 2496 1930 quid

1428 1940 1565 1990 enim
1600 1940 1699 1990 sibi
1729 1934 1835 1990 hoc*
1854 1942 2056 1992 vellet?
2082 1958 2218 2006 quem
2237 1944 2335 2006 ipse
2354 1950 2495 2009 pater

1427 2018 1664 2080 neglexit.
1694 2032 1759 2068 an
1783 2018 2087 2082 Pamphilus
2117 2019 2295 2082 prodit
2314 2021 2402 2071 bic
2418 2035 2499 2071 se·

1430 2100 1655 2159 cretum,
1692 2101 1747 2145 et
1787 2095 1944 2145 alium
1972 2095 2066 2147 filii
2099 2102 2302 2159 patrem
2336 2098 2500 2147 nomi.
2549 2098 2556 2107 ⁸

1342 2206 1345 2209 -
1430 2172 1559 2222 nat?
1591 2172 1720 2223 nihil
1749 2172 1911 2235 magis
1944 2173 2009 2222 ab
2031 2179 2343 2237 argumento
2371 2175 2498 2225 alie-¹

1433 2263 1579 2314 num,
1600 2256 1691 2300 aut
1713 2249 1797 2311 iis,
1818 2265 1933 2314 quae
1965 2257 2275 2315 sequuntur,
2314 2251 2499 2309 adver-s

1435 2340 1567 2379 sum.
1591 2326 1634 2376 si
1647 2326 1744 2377 boe
1761 2327 2009 2377 voluisset
2019 2327 2322 2391 Pamphilus
2337 2342 2498 2379 ennu-

1434 2402 1589 2467 tiare,
1611 2404 1766 2467 plane
1801 2404 1931 2453 alius
1969 2410 2114 2453 esset
2136 2403 2308 2454 factus
2331 2412 2500 2459 statua

1431 2479 1646 2543 fabulae‚
1665 2494 1835 2546 neque
1859 2480 1924 2531 ad
1946 2481 2076 2531 illud
2108 2482 2395 2547 periculum
2416 2496 2498 2532 res

1433 2558 1779 2622 pervenisset,
1798 2574 1863 2608 ex
1889 2570 2040 2623 parte
2061 2558 2342 2626 Pamphili,
2360 2561 2504 2627 qnod

1432 2636 1668 2701 videmus
1690 2651 1721 2700 a
1741 2636 1901 2701 poeta
1923 2637 2138 2701 signari,
2161 2645 2217 2688 et
2250 2638 2316 2687 ad
2352 2655 2500 2688 κοντα-

1433 2713 1653 2778 στροφὴν
1663 2714 2019 2772 maturandam
2039 2714 2256 2765 intendi.
2270 2715 2500 2765 ‘Omnia’

1431 2793 1570 2842 enim
1599 2797 1614 2821 ⁴
1630 2789 1762 2841 facit
1783 2791 1962 2856 poeta,
1984 2806 2052 2842 ne
2075 2799 2167 2842 aut
2189 2806 2298 2841 rem
2323 2792 2502 2856 palam

1430 2869 1613 2933 faciat,
1643 2879 1736 2922 aut
1763 2871 2066 2922 intercedat
2084 2870 2401 2934 divortium,'
2435 2879 2499 2922 ιιι

1431 2959 1577 2999 recte
1633 2950 1890 3000 Donatus.
1995 2948 2072 3000 At
2119 2949 2273 3011 enim,
2330 2948 2501 3015 inquit

1430 3025 1682 3091 Faernus,
1717 3027 1816 3077 hoc
1852 3040 1975 3076 non.
2014 3032 2096 3075 est
2145 3027 2272 3075 satis
2305 3041 2498 3090 causae,

1431 3112 1492 3156 ιιι
1532 3104 1695 3156 filium
1735 3120 1883 3155 suum
1921 3103 2138 3169 abjiciat
2171 3105 2501 3173 Pamphilus,

1432 3183 1572 3248 quod
1611 3184 1680 3232 sit
1718 3198 1750 3232 a
1786 3189 1953 3231 matre
1990 3182 2284 3245 neglectus.
2340 3182 2500 3246 Equi-

1433 3259 1553 3309 dem
1590 3258 1895 3324 Pamphilus
1931 3258 2146 3309 nolebat
2170 3259 2301 3308 hanc
2325 3259 2501 3324 dispu-

1429 3337 1683 3387 tationem
1720 3335 1957 3400 ingredi3
2003 3335 2096 3387 sed
2131 3336 2257 3393 satis
2296 3336 2501 3400 habuit,

1430 3412 1475 3463 si
1503 3411 1571 3462 ad
1595 3410 1968 3462 declinandam
1991 3426 2195 3462 omnem
2223 3412 2360 3477 juris
2397 3413 2499 3470 dis-

1431 3488 2077 3554 ceptationem,injiceret
2120 3489 2212 3547 hie
2246 3492 2504 3555 suspicioq

1432 3584 1552 3622 nem
1587 3571 1801 3636 majoris
1838 3570 2160 3623 alienatibnis
2192 3586 2255 3622 ac
2278 3570 2497 3635 dissidii,

1432 3663 1500 3698 ex
1522 3656 1628 3699 tam
1651 3649 1945 3700 contumaci
1968 3656 2025 3700 et
2039 3648 2328 3700 incredibili
2350 3648 2501 3699 dissi-

1432 3728 1740 3793 mulatione,
1764 3727 1937 3778 sieut
1924 3741 2037 3838 ipse
2076 3727 2340 3791 explicat.
2385 3726 2499 3776 Ba»-

1433 3808 1608 3856 clerus.
1736 3837 1740 3844 ·
2398 3835 2401 3839 ι

1447 3913 1453 3918 ·
1502 3883 1643 3949 Ipso]
1682 3881 1993 3933 Materscil.
2017 3894 2168 3945 quem
2190 3882 2361 3929 mater
2386 3878 2503 3941 ipsa

1435 3961 1662 4011 celatum
1708 3960 1875 4009 voluit
1915 3956 2070 4020 infra,
2114 3963 2216 4006 act.
2251 3971 2300 4006 v,
2342 3970 2418 4004 sc.
2451 3959 2501 4006 1.

1433 4038 1450 4067 ‘
1474 4037 1567 4088 Sin
1608 4043 1782 4087 autem
1818 4041 1901 4084 est
1938 4033 2005 4083 ob
2037 4048 2153 4082 eam
2192 4032 2501 4092 remiratns

1437 4121 1646 4179 gnatus,
1668 4110 1820 4165 Quod
1840 4108 2049 4175 peperit
2073 4122 2202 4157 uxor
2214 4106 2386 4157 clamss
2420 4108 2500 4157 M.

1441 4190 1764 4241 Casoubonus.

1507 4269 1662 4324 Quem
1677 4267 1776 4330 ipse
1797 4262 2013 4325 neglexit
2048 4266 2208 4325 pater,
2247 4275 2333 4323 ego
2354 4227 2508 4323 alani]

1437 4344 1573 4397 Haec
1595 4344 1671 4404 ita
1703 4343 1946 4402 dicuntur
1981 4357 2014 4393 a
2035 4339 2325 4405 Pamphilo,
2372 4346 2430 4389 ut
2469 4354 2503 4391 a
