3035 4941
531 325 702 393 1342

530 486 740 535 Phorm.
778 500 831 533 v.
866 489 912 534 2.
945 489 995 534 6.
1050 485 1191 537 ‘Qui
1229 495 1393 546 recta,
1426 495 1594 549 'prava

530 561 768 613 faciunt!
800 562 1082 612 Horatius:
1120 565 1135 592 ‘
1162 563 1375 613 AEdibus
1399 565 1448 611 in
1474 579 1590 612 nos-

531 639 629 687 tris
666 654 781 703 quoe
807 653 965 702 prava
1002 644 1094 688 aut
1125 648 1273 690 recta
1306 640 1591 703 gerantur?

530 712 793 767 Boecleffus.

593 797 657 843 77
681 794 846 857 Ipsum
864 809 959 843 non
975 793 1155 857 poteris
1173 793 1297 857 pati]
1314 793 1504 844 Statim
1530 800 1590 843 tu

529 871 745 920 interire
767 871 921 928 bona,
956 879 1010 920 et
1046 870 1204 919 filium
1238 871 1411 920 vivere
1435 872 1588 920 luxu-

528 948 664 997 riose
702 956 759 996 et
798 948 943 996 malis
968 948 1211 1011 operibus
1234 961 1332 995 non
1358 948 1590 1011 patieris.

594 1108 659 1152 78
693 1103 827 1152 Dare
852 1102 1125 1165 denegaris]
1159 1101 1214 1151 Si
1247 1100 1589 1165 denegaveris

527 1183 672 1240 dare,
690 1187 933 1245 quantum
957 1179 1317 1242 postulaverit,
1337 1181 1589 1229 continno

528 1275 591 1308 eo
612 1259 877 1318 decurret,
892 1264 950 1305 ut
966 1255 1255 1315 minitetur,
1269 1270 1325 1305 se
1343 1256 1460 1305 liinc
1479 1272 1510 1305 a
1534 1263 1588 1305 te

529 1337 827 1386 abiturum:
866 1349 969 1398 qua
1007 1333 1207 1383 scilicet
1244 1348 1346 1382 una
1384 1348 1437 1382 re
1479 1335 1587 1384 ani-

527 1428 665 1461 mum
686 1427 741 1460 se
759 1420 900 1461 tuum
921 1424 1219 1473 expugnare
1236 1423 1408 1472 posse,
1425 1410 1589 1473 probe

488 1547 491 1556 Ι
525 1490 808 1553 intelliget.
834 1487 1158 1550 Engrapliius
1178 1487 1439 1538 enarravit
1470 1501 1587 1540 sen-

529 1566 745 1615 tentiam
766 1566 854 1615 illa
878 1563 1213 1615 annotatione
1235 1580 1247 1610 ι
1271 1566 1284 1590 ‘
1301 1563 1408 1612 Sibi
1424 1564 1587 1616 veluti

527 1643 813 1692 remedium
832 1639 1119 1704 suscipiet,'
1140 1642 1237 1688 διο.
1270 1639 1416 1703 quasi
1433 1639 1586 1702 legis-

525 1727 624 1784 set,
647 1727 662 1749 ⁸
686 1720 837 1771 Quod
858 1718 1078 1768 maxime
1096 1715 1233 1780 apud
1260 1723 1314 1764 te
1336 1731 1391 1765 se
1414 1717 1587 1776 valere

432 1793 435 1802 ”
527 1796 753 1848 sentiet.'
787 1797 1043 1846 Boeclerus.

525 1913 537 1918 -
591 1876 694 1932 Ibit
707 1876 833 1924 illico
852 1877 916 1923 ad
933 1873 1075 1936 illud]
1106 1872 1213 1922 Sibi
1233 1872 1394 1922 veluti
1421 1887 1586 1921 reme-

526 1954 666 2003 dium
707 1953 979 2016 suscipiet,
1019 1959 1077 2000 ut
1112 1950 1368 2000 abiturum
1392 1965 1446 1998 se
1470 1963 1588 1998 esse

526 2029 814 2090 minitetur,
848 2029 1077 2086 maxime
1101 2043 1215 2076 cum
1242 2027 1339 2076 scit
1366 2027 1503 2091 apud
1532 2034 1585 2075 te

527 2121 586 2155 se
605 2106 880 2169 plurimum
900 2106 1090 2154 valere.
1130 2105 1456 2167 Eugraphius.

588 2188 650 2240 81
697 2183 869 2234 Videre
883 2198 1042 2231 verum
1076 2187 1216 2244 atque
1254 2181 1349 2243 ita]
1383 2179 1584 2229 Videre

521 2260 645 2309 milii
682 2274 859 2308 verum
896 2259 1093 2320 dicere,
1125 2266 1182 2307 et
1219 2259 1296 2307 ita
1338 2257 1586 2322 quemad-

523 2335 729 2386 modum
756 2350 838 2385 res
863 2344 960 2386 est.
998 2335 1149 2384 Idem.

524 2415 550 2460 ἦ
595 2413 765 2466 Videre
817 2411 1002 2474 caiam]
1070 2410 1226 2460 Liber
1283 2410 1587 2472 Bembinus,

522 2503 651 2553 nera,
685 2497 741 2540 et
770 2489 1146 2552 expositionem
1169 2487 1329 2536 habet
1350 2487 1583 2550 adscrip-

522 2576 663 2628 tam3
702 2567 846 2627 Vera,
876 2565 1048 2614 utilia.-
1081 2562 1340 2612 Salustius.
1406 2563 1585 2625 Verba

486 2658 489 2661 ’
521 2642 735 2694 Salustii
796 2640 1112 2705 antiquitate
1173 2638 1373 2687 detrita
1441 2645 1581 2699 sunt.

522 2718 759 2775 Fabianis.

524 2844 529 2849 .
595 2797 770 2847 Videre
790 2811 969 2852 verme,
990 2799 1130 2858 atque
1159 2792 1232 2842 ita
1270 2792 1344 2841 uti
1381 2807 1459 2841 res
1493 2799 1583 2856 est,

519 2873 700 2936 dicere]
749 2874 911 2923 Lucta
942 2870 1101 2920 animi
1144 2869 1470 2933 exprimitur,
1503 2870 1579 2918 vi.

521 2951 693 3002 dentis
728 2966 851 3001 vera
893 2948 1284 3014 probantisque,
1320 2947 1411 2999 sed
1446 2947 1578 2996 lubi-

519 3029 642 3080 dine
666 3037 720 3078 et
742 3026 936 3078 affectu
961 3028 1011 3077 in
1036 3027 1255 3076 alteram
1282 3031 1483 3089 partem
1502 3026 1579 3075 al-

517 3105 770 3156 licefacti.
806 3106 1068 3161 Boeclerus.

581 3189 648 3234 82
670 3184 892 3234 Somnum
911 3184 1057 3233 oculis
1077 3197 1168 3230 noa
1190 3179 1314 3243 vidi]
1333 3181 1578 3231 Somnum

519 3260 682 3309 oculis
703 3261 828 3313 meis
849 3274 947 3309 non
971 3257 1361 3322 cepi,quaerens
1397 3271 1577 3320 quem·

520 3337 797 3387 admodum
858 3336 1022 3385 filium
1080 3334 1312 3383 reddam.
1381 3334 1577 3394 Eugra-

512 3413 672 3475 phius.
704 3460 707 3461 γ
1384 3466 1387 3471 .

520 3530 533 3536 -
582 3488 809 3539 Somnum
844 3489 994 3537 hev-cle
1032 3503 1117 3548 ego
1153 3487 1257 3536 hac.
1275 3492 1410 3536 nocte
1428 3487 1577 3537 oculis

514 3580 611 3614 non
640 3565 744 3613 vidi
781 3564 918 3625 meis]
974 3562 1313 3619 Prudentiam
1344 3564 1576 3621 ‚consilii

516 3639 794 3699 luculentis
827 3640 1110 3689 rationibus
1144 3640 1479 3702 explicatam,
1512 3640 1572 3689 fi·

517 3719 603 3768 dei
629 3717 910 3781 studiique,
933 3718 963 3766 i.
981 3730 1028 3771 e.
1066 3716 1220 3767 animi
1243 3731 1366 3766 vere
1403 3718 1575 3782 amici,

515 3794 814 3845 testimonio
838 3793 1090 3855 obsignat,
1112 3800 1268 3856 atque
1284 3794 1413 3843 adeo
1430 3809 1572 3843 men-

514 3886 688 3927 suram
736 3870 857 3925 boni
905 3869 1211 3919 consultoris
1246 3870 1444 3932 implet.
1486 3871 1574 3921 cui

515 3948 783 4012 proposito
807 3947 967 3995 servit
985 3946 1325 4009 asseveratio,
1338 3946 1448 4008 ipsa
1464 3944 1572 3996 fre-

518 4025 855 4087 quentatione
881 4022 1177 4085 verborum,
1200 4023 1253 4071 in
1275 4023 1372 4072 hoc
1395 4037 1593 4087 versu,

513 4098 810 4161 conspicua.
842 4099 1100 4149 Boeczerus.

515 4220 527 4231 ,
579 4173 819 4235 Somnum,
847 4174 955 4238 &cd
985 4175 1228 4245 Somnum
1270 4189 1369 4222 non
1411 4175 1573 4225 admi-

512 4256 694 4317 serunt
712 4251 809 4299 hac
833 4256 1005 4313 nocte,
1019 4264 1121 4300 non
1139 4258 1414 4317 senserunt
1433 4253 1572 4301 oculi

1082 349 1089 360 '
1148 353 1153 364 '
1214 344 1451 392 ‚No'rAE
1502 339 1903 394 vammum
1954 344 2033 393 ΙΝ

1669 487 1791 538 mei.
1826 502 1942 540 nam
1964 489 2125 539 videre
2141 499 2346 538 omnam
2371 486 2728 548 -Hebraismus

1668 570 1768 623 est,
1793 572 1850 613 ut
1871 566 2031 614 cidere
2051 571 2267 620 mortam
2278 576 2331 614 et
2351 563 2734 627 Aristophanes

1666 640 1718 687 in
1743 639 1946 703 Vespis.
1979 639 2121 690 ὕπνου
2152 643 2193 690 δ’
2226 642 2311 706 ὁρᾷ·
2328 643 2414 700 τῆς
2435 641 2607 692 νυκτὸς
2627 640 2731 694 οὐδὲ

1663 715 1954 777 amdam„
1974 718 2258 772 Far-sabina.

1675 837 1688 843 -
1730 800 1793 845 83
1828 797 1935 845 Tibi
1953 797 2207 860 quifilium
2227 795 2552 858 restituerem]
2579 796 2727 848 Scili-

1665 879 1751 922 cet
1789 873 1864 924 ita
1885 873 2149 936 dispositis
2173 872 2499 935 provisisque
2525 872 2738 922 rationi·

1665 947 1783 1010 bns,
1799 964 1862 998 ne
1889 958 1939 998 te
1958 958 2116 1014 atque
2133 963 2189 1000 se
2210 949 2469 1011 perditum
2491 948 2568 996 ire
2587 949 2735 997 velit.

1665 1026 1840 1083 talem,
1863 1026 1948 1089 qui
1971 1025 2190 1088 possita
2229 1033 2282 1074 te
2320 1025 2432 1074 sine
2471 1026 2736 1088 periculo,

1664 1100 1728 1150 de
1752 1117 1854 1166 quo
1877 1103 2093 1164 dictum,
2114 1101 2324 1164 suscipi.
2392 1100 2588 1165 ltaque
2621 1103 2735 1156 Me-

1664 1179 1911 1229 nedemus
1947 1178 2185 1236 dextram
2224 1178 2375 1227 amici
2414 1186 2524 1227 tam
2562 1178 2734 1232 fidelis

1664 1257 1949 1321 amplexus,
1990 1266 2048 1307 ut
2090 1265 2277 1321 pergat
2332 1255 2535 1319 facere,
2590 1257 2731 1321 qnod

1663 1334 1841 1398 coepit,
1878 1341 2030 1394 orat;
2066 1347 2127 1383 ac
2168 1333 2462 1398 praesertim
2499 1340 2735 1384 maturet

1663 1424 1777 1468 rem,
1793 1408 2035 1460 effectam
2059 1410 2216 1459 dare:
2250 1423 2420 1473 neque
2436 1410 2577 1459 enim
2598 1399 2736 1460 desi-.

1663 1487 1860 1546 derium
1891 1486 1982 1536 filii
2022 1500 2176 1552 posse
2218 1500 2277 1535 se
2321 1485 2524 1536 diutius
2571 1486 2735 1539 ferre.

1662 1565 1925 1616 Boeczerus.
2065 1625 2073 1632 ⁶
2275 1593 2276 1602 κ

1669 1683 1678 1691 .
1728 1645 1793 1690 84
1819 1644 1947 1691 Cedo
1967 1642 2213 1692 dexteram
2228 1655 2245 1688 .·
2271 1655 2413 1704 porro
2437 1644 2485 1688 te
2504 1640 2635 1688 idem
2654 1654 2734 1688 oro

1660 1723 1715 1766 ut
1742 1718 1903 1777 facias
1951 1717 2173 1780 Chreme]
2230 1717 2387 1767 Liber
2422 1716 2734 1775 BembinuS,

1659 1796 1892 1844 dextram
1932 1794 2008 1843 ita
2034 1801 2142 1843 stat
2178 1808 2373 1853 versus,
2412 1795 2454 1841 si
2481 1793 2731 1854 tamenin

1660 1875 1708 1919 te
1726 1870 1853 1919 idem
1869 1886 1969 1920 non
1993 1870 2087 1920 siat
2104 1871 2270 1919 elisio.
2305 1869 2544 1919 Faernus.

1673 1991 1678 1998 ,
1730 1950 1796 1995 86
1832 1948 1970 2002 Quod
1993 1941 2202 2008 sensisti,
2234 1944 2343 2010 ⁸5⁶]
2364 1942 2535 2005 Ἧθος,
2573 1944 2736 1998 animi

1659 2038 1758 2086 per
1797 2022 2176 2088 indulgentiam
2205 2020 2550 2088 impotentis.
2585 2021 2731 2074 ..Far-

1659 2099 1845 2149 nabius.
2081 2163 2087 2169 .

1669 2181 1785 2232 ‚-91
1825 2179 2008 2228 Nenos
2041 2178 2167 2228 inter
2203 2191 2287 2225 nos
2324 2188 2731 2237 congr-aeream-

1659 2253 1805 2316 ciant]
1829 2255 1942 2308 Nisi
1965 2268 2222 2320 congruere
2241 2252 2585 2317 penultimam
2609 2265 2730 2314 pro-

1660 2330 1838 2394 ducat,
1866 2337 1925 2381 ut
1948 2331 2085 2395 quod
2110 2329 2250 2392 forte„
2270 2330 2340 2378 sit
2363 2328 2616 2392 secundae
2640 2326 2732 2375 de-

1659 2408 2388 2473 clinationi&deducaturque
2412 2421 2445 2455 a
2467 2420 2734 2470 congrneo

1659 2500 1930 2550 congrues,
1952 2500 2054 2536 non
2081 2493 2188 2536 stat
2210 2476 2414 2545 versus,
2434 2490 2491 2534 et
2512 2497 2736 2533 necesse,

1660 2570 1743 2621 est
1757 2564 1950 2628 aliquid
1968 2565 2165 2614 deesse.
2201 2562 2434 2614 Fuimus.
2739 2614 2742 2619 ,

1728 2642 2024 2705 Congu-uere]
2058 2641 2109 2691 A
2142 2654 2426 2705 congrum,
2439 2655 2616 2705 neque
2639 2640 2734 2689 ali-

1662 2724 1743 2767 ter
1783 2719 2017 2769 scribere
2065 2733 2160 2782 per
2203 2724 2429 2767 metrum
2479 2718 2634 2780 licet,
2671 2725 2735 2767 ut

1657 2796 1822 2845 Docti
1863 2795 2362 2845 animadverterunt.
2429 2793 2620 2843 Isthuc
2642 2809 2731 2843 au-

1658 2876 1763 2927 tem
1788 2870 1853 2919 ab
1877 2871 2167 2923 imitatione
2187 2869 2742 2934 Graecorum-profec-=

1659 2953 1766 3005 tum
1791 2956 1900 2998 est:
1933 2946 2362 3011 τύπω,,τυπέωε
2398 2945 2593 3012 γράφω,
2611 2965 2733 3010 γρα-

1655 3020 1781 3085 φέως
1818 3029 1874 3073 et
1897 3040 2012 3089 quae
2039 3025 2142 3074 alia
2176 3026 2324 3075 istius
2360 3026 2570 3089 generis
2606 3034 2743 3083 sunt,

1656 3098 2049 3162 poeneinfinita.
2083 3100 2159 3150 sic
2201 3116 2232 3150 a
2266 3099 2374 3163 ῥέω,
2419 3098 2533 3166 ῥύω,
2572 3100 2728 3164 ῥυέως

1657 3175 1794 3224 unde
1817 3174 2041 3240 συῤῥυέω,
2058 3177 2248 3227 Latine
2272 3191 2527 3227 conrneo.
2555 3178 2742 3241 Faber,

1724 3252 1996 3315 Congruere
2040 3254 2275 3319 sentiant]
2323 3254 2636 3304 Penultima
2676 3263 2734 3303 ut

1649 3330 1801 3392 longa
1826 3330 1895 3379 sit
1919 3330 2084 3395 exigit
2105 3331 2374 3397 modulus,
2410 3337 2666 3394 tanquam
2703 3347 2735 3378 a

1577 3411 1584 3421 “
1648 3420 1881 3466 congrueo
1922 3407 2165 3458 seeundae
2210 3405 2435 3469 Conjug.
2482 3414 2546 3456 ut
2586 3407 2730 3470 apud

1647 3489 1855 3541 veteres
1887 3483 2037 3545 niveo,
2065 3484 2279 3547 claudeo,
2301 3483 2451 3545 dicen.
2522 3484 2734 3545 Nonius

1649 3573 1717 3619 ex
1742 3559 1792 3608 N
1800 3560 1950 3610 aevio.
1985 3559 2275 3610 Farnabius.
2603 3614 2608 3619 ,

1713 3640 1775 3685 93
1823 3637 1986 3688 Vicini
2005 3639 2158 3687 noem
2173 3639 2251 3687 liic
2263 3639 2517 3700 ambigunt
2538 3638 2729 3704 defini-

1647 3712 1755 3775 Ims]
1777 3712 1946 3763 Litem
1966 3714 2122 3764 vicini
2141 3714 2340 3764 habent
2360 3716 2428 3764 de
2449 3716 2732 3771 limitibus.

1647 3789 1976 3852 Eugrapkius.

1657 3908 1665 3915 .
1712 3869 1777 3914 94
1798 3867 1885 3916 Me
1905 3881 2069 3929 cepere
2087 3865 2348 3930 arbim]
2374 3867 2467 3916 Me
2479 3866 2728 3933 judicem

1647 3955 1761 3990 esse
1788 3943 2085 3992 voluerunt.
2121 3943 2277 3995 Idem.
2585 3930 2588 3937 ⁸
2637 4001 2644 4015 ‚

1711 4022 1776 4066 96
1810 4018 1904 4067 Dii
1925 4026 2133 4085 vestram
2149 4020 2324 4085 fidem,
2359 4022 2434 4070 ita
2463 4026 2723 4084 comparat.

1645 4110 1744 4155 esse
1780 4094 1925 4159 hm]
1959 4095 2139 4162 Auget
2149 4098 2548 4160 jucunditatem
2571 4098 2721 4161 hujus

1646 4169 1842 4240 ῥήᾳεως,
1875 4173 2012 4237 quod
2038 4174 2090 4221 in
2121 4182 2404 4238 utrumque
2434 4188 2616 4237 senem
2645 4174 2721 4221 in-

1647 4249 1815 4313 vicem
1851 4249 2090 4316 quadrat.
2126 4249 2264 4301 sicut
2284 4250 2549 4315 principio
2574 4259 2716 4300 actus
