3035 4941
552 423 725 494 1291}

559 594 684 649 tem,
707 584 1007 648 largumque
1030 584 1328 632 amatorem·
1374 578 1509 630 Nam
1527 585 1617 628 ent

561 656 1108 713 verba.commendant
1129 673 1144 705 ι
1169 663 1247 717 ut,
1267 655 1283 683 ‘
1304 653 1615 718 Pendetque

562 740 751 789 iterum
776 734 1035 785 narrantis
1065 733 1132 783 ab
1155 731 1283 782 ore.'
1316 731 1401 780 hic
1422 729 1614 783 fatuus.

556 816 669 872 Aut
688 812 946 877 sapientia
958 818 1158 874 gratnm
1178 808 1336 858 facit:
1363 814 1423 857 ut
1443 808 1459 835 ‘
1479 807 1616 856 Mul·

557 897 615 946 ta
665 890 762 940 viri
805 889 969 938 virtus
1015 885 1223 940 animo?
1264 886 1349 935 hic
1392 884 1625 938 insulsus,

559 974 659 1020 est.
724 963 828 1016 Sed
853 963 975 1013 mihi
994 962 1399 1050 videtur-fatuum
1420 958 1619 1018 dicere,

557 1044 648 1109 qui
703 1049 903 1092 tantum
950 1040 1234 1104 glorietur3
1292 1044 1348 1089 et
1392 1036 1618 1088 blandiri

557 1120 737 1174 amicae
782 1118 998 1168 nesciat.
1079 1115 1335 1178 Insulsum,
1381 1114 1470 1179 qui
1514 1128 1615 1163 non

1259 433 1478 483 NOTAE
1526 432 1924 484 VAmoRUM
1976 434 2057 483 ΙΝ
2112 453 2125 483 ·,
2197 440 2209 456 ‘

1691 591 1777 643 mo
1798 577 2178 629 deliberaturus
2203 582 2279 641 ut,
2300 576 2317 606 ‘
2336 577 2478 630 Quid
2496 575 2682 641 agimus
2690 573 2733 625 -?’

1693 653 1824 703 Post
1841 669 2136 704 concessum
2157 671 2171 704 ε
2198 663 2273 717 ut,
2299 656 2314 682 ‘
2336 654 2525 703 Mirum
2551 654 2599 701 ni
2622 653 2735 701 illoc

1692 730 1898 786 homine
1927 746 2135 796 quoquo
2158 739 2467 794 pactoopns
2490 729 2602 779 est-⁹
2633 730 2705 778 Id.

1758 806 1960 871 Mirum,
1981 808 2034 856 ni
2054 807 2186 871 illoc]
2228 808 2354 867 Hic,
2387 805 2574 870 inquit,
2612 806 2743 869 ejus·

1691 883 1830 933 modi
1853 892 1954 947 est,
1991 891 2049 934 ut
2088 883 2244 933 etiam
2280 896 2397 932 cum
2423 882 2557 931 mala
2575 880 2739 931 condi·

1694 959 1834 1008 tione
1857 960 2138 1023 patiendus
2158 959 2258 1010 sit·.
2276 959 2449 1013 Idem..

1758 1038 1894 1087 Idem
1924 1052 2012 1100 ego
2042 1036 2274 1101 arbitror]
2305 1038 2444 1088 Sane
2480 1048 2611 1100 opus
2646 1033 2740 1084 fuit

1693 1114 2049 1176 consensione,
2081 1115 2343 1179 praecipue
2368 1112 2644 1174 Pbaedriae,
2659 1124 2749 1161 cuv

485 1213 488 1218 ·
558 1198 628 1252 sit
648 1197 811 1259 salax,
831 1203 886 1266 et
909 1193 1126 1258 cupidus
1151 1193 1337 1258 coitus,
1393 1192 1619 1254 Tardum,
1684 1188 1775 1253 jus
1821 1201 1900 1238 res
1938 1190 2143 1254 agitur:
2174 1204 2294 1239 nam
2332 1190 2409 1239 ita
2445 1194 2504 1239 et
2538 1198 2741 1238 servata

557 1275 646 1339 qui
689 1288 797 1326 nou
842 1270 1000 1326 facile
1039 1270 1271 1335 explicet
1314 1269 1614 1321 Venerem:

557 1364 674 1414 quae
698 1364 782 1398 res
800 1346 1167 1398 Meretricibus
1190 1346 1369 1395 odiosa
1382 1352 1480 1396 est.
1513 1345 1593 1395 111.

617 1427 835 1490 Tardus]
879 1424 1099 1489 Ingenio
1140 1430 1196 1473 et
1240 1438 1393 1473 sensu
1434 1422 1614 1475 hebes.

556 1504 573 1531 ‘
601 1503 876 1568 Elephanti
899 1502 1040 1552 corio
1066 1499 1470 1551 circumtectus!
1491 1500 1547 1550 .i.
1571 1515 1618 1551 e.

557 1579 819 1645 stupidus.
853 1579 1050 1630 Plaut.
1074 1578 1192 1629 Mil.
1227 1582 1330 1627 act·
1352 1590 1417 1627 11
1465 1590 1541 1627 sc
1564 1580 1615 1627 2.

556 1659 844 1711 Far-nabitu.

624 1734 830 1798 Stet-tit]
866 1735 1012 1785 Plus
1056 1733 1191 1792 dixit
1232 1746 1384 1798 quam
1426 1730 1621 1786 dormit.

558 1810 813 1862 Donatus

626 1887 914 1977 Not-tesqua
926 1894 976 1939 et
1010 1886 1138 1950 ilias]
1168 1886 1299 1938 ‚Plus
1337 1884 1618 1949 significat,

559 1981 715 2031 qnam
751 1966 795 2015 si
832 1966 1052 2028 diceret,
1087 1965 1252 2015 diebus
1290 1968 1338 2013 et
1368 1963 1622 2014 noctibus:

558 2049 622 2094 ut
648 2043 748 2094 hoc
783 2043 896 2107 ipso
919 2043 1123 2092 nomine
1147 2040 1426 2091 consiliarii
1444 2045 1620 2091 aucto-

556 2120 685 2171 ritas
705 2120 872 2169 inesse
896 2119 1153 2169 videatur.
1187 2118 1340 2167 Idem.

622 2200 688 2245 60
749 2197 845 2245 Ubi
879 2195 1021 2259 velis]
1056 2193 1280 2248 Quando
1323 2192 1409 2243 vel
1441 2208 1625 2259 quum·

563 2275 714 2325 Idem.

623 2356 681 2400 51
733 2351 864 2406 Quid
897 2348 1112 2413 agimus]
1155 2347 1369 2397 Initium
1404 2359 1623 2396 consen·

557 2425 744 2488 sionis,
757 2425 1015 2487 dubitatio
1037 2431 1118 2475 est
1139 2424 1253 2488 ejus
1273 2424 1361 2490 qui
1400 2436 1623 2488 negave-

560 2503 649 2554 rit.
685 2505 840 2559 Idem.

625 2579 736 2629 Hoc
758 2579 925 2642 etiam]
960 2581 1129 2637 Deest,
1152 2580 1237 2629 vel
1266 2579 1416 2630 abest.
1451 2578 1627 2628 Idem.

619 2656 768 2711 Quod
784 2656 896 2719 ego]
933 2656 1199 2705 Parasitus
1219 2656 1441 2705 scilicet.
1466 2654 1621 2705 Idem.

625 2732 847 2787 Primum
885 2733 1025 2797 puto]
1055 2731 1278 2783 Primum
1304 2735 1437 2794 puto,
1475 2731 1625 2796 quasi

559 2808 836 2873 parasitus.
872 2808 1023 2858 idm.
1265 2875 1272 2878 η

626 2892 694 2937 5-2
724 2886 920 2949 Accipit
957 2886 1213 2950 hominem]
1251 2886 1459 2950 Accipit,
1502 2901 1621 2952 pas·

560 2963 657 3034 cit,
680 2963 899 3014 invitat:
922 2971 999 3026 ut,
1030 2967 1046 2993 ‘
1068 2965 1193 3014 lllos
1219 2965 1505 3028 porticibus
1527 2980 1621 3015 rex

560 3039 857 3103 accipiebat
876 3040 928 3088 in
943 3040 1174 3104 amplis!
1205 3043 1359 3092 Idem.

625 3118 778 3167 Nemo
798 3120 962 3168 melius
979 3133 1187 3182 prorsus,
1202 3134 1345 3183 neque
1355 3117 1619 3182 prolixius]

558 3192 762 3242 Horum
807 3196 1027 3245 alterum
1061 3204 1372 3260 apparatum
1409 3195 1624 3261 indicat,

553 3271 781 3327 ‚alterum
800 3273 1021 3336 copiam.
1056 3274 1208 3323 Idem.

623 3347 813 3410 Accipit
849 3350 1003 3414 homo,
1033 3352 1139 3414 Esca]
1182 3350 1378 3400 Invitat
1403 3356 1459 3400 et
1480 3350 1621 3400 exci-

561 3423 641 3486 pit
700 3438 851 3475 nemo
900 3427 1163 3477 liberalius
1219 3441 1281 3476 ac
1328 3426 1618 3489 benignius.

561 3497 726 3557 ‘Illos
773 3500 1061 3563 porticibus
1101 3517 1194 3551 rex
1235 3501 1532 3566 accipiebat
1565 3501 1620 3551 in

557 3575 777 3639 amplis?
818 3577 966 3638 Virg.
987 3577 1190 3626 AEneid»
1213 3591 1301 3626 111.
1335 3577 1621 3629 Furnabius.

623 3653 688 3698 53
720 3650 928 3714 Mirum,
970 3652 1024 3700 ui
1064 3653 1172 3702 illoc
1211 3654 1399 3703 homine
1441 3670 1618 3718 quoquo

554 3729 698 3788 pacto
731 3741 844 3790 opus
875 3727 968 3791 est]
1025 3729 1219 3779 Facete
1251 3730 1386 3781 dixit
1430 3730 1626 3780 Adole·

561 3815 713 3850 scens
736 3803 811 3859 rei
837 3818 1043 3868 parcus,
1075 3812 1133 3854 et
1167 3806 1253 3870 qui
1289 3814 1444 3871 putet
1481 3823 1625 3858 amo-1

560 3891 669 3933 rem
683 3879 791 3929 sine
806 3880 994 3930 damno
1012 3895 1126 3932 esse
1145 3891 1409 3948 oportere,
1427 3884 1617 3951 quique

559 3952 811 4004 fefellerit
852 3957 1243 4021 Meretricem;
1297 3975 1399 4010 non
1454 3964 1618 4013 solum

559 4030 867 4094 ejiciendum
912 4048 1014 4082 non
1071 4049 1188 4084 esse
1241 4036 1488 4099 Militem,
1527 4038 1618 4088 sed

558 4108 718 4165 etiam
784 4112 969 4176 quovis
1041 4113 1196 4163 modo
1258 4117 1618 4168 sustinendum

560 4199 623 4236 ac
646 4187 1035 4250 per-ferendum.
1083 4191 1324 4243 Donatus.

625 4265 828 4329 Mirum,
866 4268 923 4314 ni
958 4268 1064 4317 illoc
1109 4269 1315 4334 homine]
1370 4270 1621 4322 obtinuit

564 4342 815 4401 parasitus
842 4343 958 4407 vjum
982 4346 1117 4412 quod
1142 4348 1447 4413 negabatur.
1502 4350 1631 4413 Priy·

1692 1280 1915 1330 persona
1936 1276 2014 1317 est
2035 1268 2189 1319 tarde
2211 1267 2588 1318 consentientis
2616 1281 2752 1317 ama-r

1692 1341 1838 1394 toris.
1875 1343 2025 1393 Idem.

1756 1425 1821 1470 54
1857 1420 2006 1474 Recte
2028 1420 2228 1485 facitis]
2278 1420 2588 1474 Gratiarum
2606 1420 2751 1474 actia

1692 1503 1792 1549 est.
1825 1497 1979 1550 Idem.
2580 1557 2585 1562 .

1763 1573 1921 1625 Unum
1941 1574 2086 1625 etiam
2110 1576 2196 1625 hoc
2228 1589 2311 1626 vos
2338 1575 2442 1639 oro]
2475 1573 2746 1625 Subtiliter
2802 1593 2805 1594 ⁷

1692 1650 1851 1701 etiam
1875 1651 2144 1705 Parasitus
2165 1652 2249 1703 hic
2267 1668 2325 1703 se
2341 1651 2595 1716 adjungit,
2613 1666 2749 1702 suas-

1692 1741 1794 1792 que
1821 1735 1996 1791 partes
2018 1729 2160 1779 circa
2181 1728 2419 1793 hosagit.
2448 1728 2602 1777 Idem.

1764 1804 1834 1854 Ut
1853 1820 1926 1855 me
1940 1805 1998 1858 ,in
2018 1811 2226 1859 „comm
2254 1806 2473 1869 gregem]
2494 1803 2640 1857 ..Iam
2660 1802 2750 1852 hos

1689 1880 1870 1932 laudat
1902 1898 1918 1932 ε
1965 1888 2021 1932 et
2061 1881 2210 1932 nimis
2255 1880 2526 1931 Parasitus
2560 1887 2665 1942 est,
2705 1882 2749 1930 si

1693 1957 2000 2018 recorderis,
2021 1958 2244 2008 eundern
2267 1958 2479 2020 dixisse,
2503 1958 2520 1985 ‘
2538 1956 2749 2019 Facete,

1690 2034 1890 2100 lepide,
1912 2036 2074 2097 laute,
2093 2036 2221 2089 nihil
2244 2034 2435 2098 supra.'
2471 2034 2625 2085 Idem.

1756 2119 1818 2163 55
1854 2113 1989 2164 Satis
2022 2116 2108 2165 diu
2138 2116 2223 2165 Ιιοσ
2245 2114 2356 2177 jam
2389 2107 2562 2163 saxum
2593 2111 2752 2175 volvo]

1692 2193 1827 2244 Vide
1847 2194 2278 2259 quemadmodum
2301 2198 2481 2259 serpat
2502 2192 2761 2256 paulatim

1692 2270 1851 2322 etiam
1895 2272 1950 2322 in
2003 2286 2180 2321 eorum
2224 2269 2648 2332 assentationem,
2690 2273 2763 2318 εκ

1695 2348 2078 2414 vituperatione
2102 2348 2309 2398 Militis.
2343 2348 2496 2397 Idem.
2758 2355 2765 2368 '

1758 2426 1869 2477 Hoc
1908 2442 2077 2479 saxum
2107 2426 2271 2490 volvo]
2317 2422 2662 2475 Proverbiurn
2704 2423 2755 2472 in

1693 2518 1802 2560 eos,
1841 2504 1929 2569 qui
1967 2502 2322 2554 inextricabili
2355 2502 2535 2552 labore
2573 2499 2756 2550 afflicti

1694 2591 1833 2633 sunt.
1902 2581 1972 2630 Et
1993 2579 2130 2630 bene
2170 2579 2354 2629 Saxum
2383 2578 2450 2628 de
2470 2578 2635 2627 stulto
2655 2577 2758 2626 Mi-

1691 2658 1787 2710 lite
1804 2659 1911 2708 aitx
1947 2664 2003 2709 et
2020 2673 2080 2708 se
2107 2656 2277 2722 ipsum
2299 2655 2581 2720 Sisyphum
2602 2653 2752 2703 fecit.

1688 2737 1846 2791 Idem.

1759 2814 1869 2863 Hoc
1907 2827 2087 2865 saxum
2124 2813 2276 2876 volvo]
2310 2813 2473 2862 Velut
2505 2798 2754 2917 Sisyphus

1694 2891 1832 2954 apud
1857 2889 2072 2941 inferos.
2108 2891 2256 2940 Idem.
2718 2928 2719 2931 η
2760 2918 2765 2927 ‚

1758 2966 1910 3030 Satis,
1932 2971 2014 3032 ⁸5⁶·
2019 2968 2040 3031 ]
2100 2966 2312 3018 Jamdiu
2334 2966 2435 3016 hoc
2458 2980 2558 3030 ago
2581 2969 2643 3014 ut
2665 2964 2756 3014 mi-

1692 3042 1840 3094 litem
1883 3060 1944 3094 ac
1989 3059 2073 3093 me
2112 3044 2166 3093 in
2190 3051 2427 3094 vestram
2464 3041 2767 3093 admittatis.

1694 3122 2018 3172 societatem.
2053 3135 2086 3169 a
2121 3135 2245 3170 saxo
2269 3120 2408 3185 quod
2431 3120 2598 3170 volvit
2616 3119 2756 3181 Sisy·

1694 3199 1841 3262 pbus,
1879 3205 2121 3249 tractum.
2159 3198 2316 3248 ovid.
2339 3197 2475 3248 Met.
2499 3211 2597 3248 111.
2631 3197 2755 3246 Far·

1692 3276 1877 3325 stabius.

1761 3358 1830 3404 56
1857 3355 1931 3403 At
1950 3369 2036 3416 ego
2053 3368 2144 3418 pro
2170 3353 2308 3415 istoc,
2336 3350 2591 3415 Phoedria]
2626 3350 2751 3401 Sub-

1698 3428 1964 3479 audiamus
1995 3438 2050 3479 et
2082 3445 2185 3479 sum
2217 3429 2310 3479 hic.
2353 3429 2510 3478 aliter
2540 3443 2667 3491 non,
2698 3434 2767 3476 nt-

1695 3506 1953 3571 parasitus
1976 3506 2066 3558 nit.
2107 3507 2344 3559 Donatus.
2449 3534 2475 3555 s
2752 3530 2763 3547 a

1720 3585 1724 3589 ⁴
1763 3583 2009 3644 Pkoedria,
2031 3590 2077 3634 et
2100 3589 2152 3634 tu
2179 3583 2401 3647 Choereo]
2449 3582 2649 3633 Ambos
2666 3597 2767 3631 nom

1694 3659 1876 3722 minat,
1896 3662 2048 3725 quasi
2069 3660 2271 3725 legibus
2293 3662 2643 3725 paciscantur.
2679 3661 2754 3707 Id.

1675 3797 1678 3800 ἢ
1758 3741 1823 3786 57
1859 3738 2004 3788 Ηαπσ
2025 3736 2373 3800 comedendum]
2415 3738 2543 3786 Cum
2567 3736 2763 3785 ceteris⁴

1696 3814 1871 3878 rebus,
1917 3830 2144 3865 summus
2189 3813 2359 3863 Poeta
2397 3812 2556 3863 etiarn
2603 3810 2752 3860 fidem

1697 3891 1932 3941 ostendit
1959 3892 2203 3943 amicitiae
2239 3890 2556 3956 parasiticae,
2583 3903 2769 3938 exem-c

1696 3967 1783 4030 plo
1828 3967 2124 4017 Gnathonis
2169 3968 2237 4018 de
2281 3967 2459 4016 Milite
2496 3963 2765 4033 loquentis=

1695 4042 1793 4091 hoc
1817 4043 1986 4093 modo.
2021 4043 2173 4095 Idem·

1760 4119 1998 4182 Propino]
2024 4120 2214 4169 Facete
2231 4120 2304 4169 sic
2321 4119 2473 4181 dixit,
2486 4122 2547 4168 ut
2562 4115 2747 4181 parasi-

1696 4201 1798 4257 tus,
1808 4201 1863 4245 et
1873 4197 2017 4260 quasi
2029 4196 2092 4245 de
2102 4197 2338 4246 convivio
2350 4197 2658 4259 loqueretur·
2673 4187 2747 4237 Id·

1763 4273 1910 4322 Hunc
1930 4263 2257 4322 comedendum
2279 4275 2326 4318 et
2346 4266 2646 4320 deridmdum
2664 4271 2759 4310 ΜΨ

1695 4349 1765 4399 bis
1778 4349 2002 4414 propino]
2023 4349 2138 4408 Hic
2158 4361 2297 4410 vero,
2314 4347 2354 4395 si
2373 4355 2585 4407 usquam
2605 4339 2741 4396 alibi,
