3035 4941
526 389 715 456 >1354

543 554 607 598 ut
637 546 1053 601 benevolentiam
1087 562 1387 612 comparare
1418 547 1600 612 possit.

546 624 755 674 Deinde
801 624 1055 688 adjectum
1100 624 1237 690 quod
1282 624 1603 689 purgationis

544 701 663 750 loco
687 701 912 764 ponitur,
927 716 1040 766 quae
1065 715 1149 750 res
1175 700 1241 750 ad
1263 701 1462 749 veniam
1489 714 1601 763 per·

544 777 699 839 tinet,
721 778 855 841 quod
882 784 1056 827 tamen
1092 777 1256 826 adhuc
1293 775 1601 841 principium

543 852 633 920 sit,
676 854 947 903 ‘Primum
983 854 1079 902 hoc
1120 860 1181 902 te
1218 867 1328 915 oro,
1371 866 1437 901 ne
1478 851 1601 917 quid

544 929 744 991 credas,
775 943 858 979 me
892 929 1140 978 adversus
1170 929 1398 978 edictum
1423 926 1604 978 tuum.’

543 1006 778 1070 Denique
820 1006 894 1054 sic
937 1005 1233 1069 adjunctum
1275 1020 1341 1054 ex
1385 1019 1603 1069 persona

544 1083 715 1132 servi:
751 1085 766 1112 ‘
792 1084 985 1133 Nescio
1025 1084 1146 1147 quid
1187 1083 1387 1145 peccati
1427 1088 1605 1146 portet

543 1160 657 1207 haec
674 1158 944 1223 purgatio?
979 1159 1113 1209 Finit
1127 1160 1463 1223 principium:
1489 1173 1603 1208 nar-

544 1235 679 1283 ratio
719 1235 1054 1298 supponiturz
1100 1237 1115 1264 ‘
1145 1235 1480 1285 Meministin’
1519 1250 1601 1284 me

543 1325 659 1360 esse
699 1312 984 1373 gravidam,
1025 1314 1233 1363 et·mihi
1280 1321 1334 1363 te
1375 1327 1603 1362 maxum-

543 1402 702 1451 opere
738 1389 932 1452 dicere,
973 1391 1028 1439 Si
1078 1392 1299 1454 puellam
1345 1405 1602 1453 parerem,

544 1463 683 1512 nolle
709 1464 856 1526 tolli,’
878 1468 975 1514 διο.
1015 1466 1165 1515 Idem.

547 1580 555 1585 .
613 1543 675 1588 10
709 1540 927 1590 Primum
947 1542 1032 1590 hoc
1049 1546 1097 1590 te
1116 1542 1221 1605 oro]
1243 1542 1498 1592 Timentis
1519 1547 1603 1590 est

545 1614 643 1665 hoc
684 1616 964 1664 exordium.
1012 1617 1151 1666 sicut
1187 1618 1238 1667 iu
1284 1617 1387 1667 fine
1432 1631 1600 1667 scente

547 1691 858 1741 ostenditur.
893 1692 1154 1744 Boeclerus.

616 1768 831 1818 Primum
871 1770 956 1819 hoc
998 1776 1045 1820 te
1087 1770 1190 1833 oro]
1262 1771 1603 1822 Praemnnitio

547 1859 714 1898 causae
736 1852 793 1895 et
816 1847 969 1896 animi
992 1848 1126 1897 niale
1147 1849 1359 1897 conscii.
1381 1850 1455 1897 sit:
1474 1849 1600 1898 Par·

543 1936 710 1985 meno,
733 1923 963 1972 Eunucli.
987 1929 1088 1973 act.
1116 1938 1170 1973 v.
1195 1939 1269 1974 sc.
1292 1929 1341 1975 6.
1358 1926 1566 1975 Far-nab.

550 2035 557 2040 .
614 2003 684 2048 11<
719 1999 831 2047 Etsi
852 1998 1122 2049 incredibile
1142 1999 1234 2063 est]
1269 2000 1428 2049 Liber
1451 2001 1605 2049 Bem-

547 2072 712 2136 binus,
751 2080 797 2123 et
835 2076 1107 2125 incredibile
1143 2083 1230 2125 est.
1271 2076 1405 2140 quod
1445 2079 1491 2125 si
1519 2074 1604 2124 ad-

549 2150 816 2213 mittimus,
858 2166 953 2215 per
1007 2154 1334 2217 parenthesin
1385 2155 1605 2218 legetur.

458 2279 463 2284 7
549 2227 623 2278 ita
648 2228 938 2278 trochaicus
972 2230 1166 2293 optime
1188 2236 1410 2279 constat.
1451 2231 1607 2279 aliter

548 2303 640 2351 tibi
674 2303 721 2352 in
738 2319 886 2353 unam
904 2305 1147 2368 syllabam
1166 2307 1603 2368 contrahendum:

550 2381 633 2428 vel
655 2393 719 2428 ex
743 2386 798 2441 ut
821 2389 841 2427 t
865 2381 1179 2432 elidendum.
1228 2382 1463 2432 Fa'e'mus.

618 2459 679 2504 12
718 2457 892 2506 Nescio
929 2458 1040 2520 quid
1079 2458 1264 2520 peccati
1301 2462 1465 2522 portat
1506 2458 1605 2509 haec

543 2531 712 2593 purg]
741 2532 1013 2594 ,Purgatio
1058 2541 1179 2583 aute
1220 2537 1604 2584 accusationem

550 2610 720 2670 arguit
752 2607 1011 2659 malefacti
1041 2610 1429 2662 conscientiam.
1482 2612 1607 2660 Far-

549 2684 736 2734 mbius.
996 2726 1001 2731 ,

551 2814 557 2821 ,
619 2764 678 2809 13
713 2762 946 2821 Maxumo
966 2778 1102 2826 opere
1122 2764 1299 2829 dicere]
1330 2765 1483 2814 Hanc
1505 2766 1607 2814 lec·

550 2835 746 2897 tionem
783 2844 839 2887 et
881 2853 1058 2888 sensus
1100 2839 1347 2897 admittit,
1384 2846 1438 2897 et
1472 2843 1607 2890 ratio

551 2926 765 2974 versus3
790 2915 878 2980 qui
900 2916 1190 2965 trochaicus
1210 2925 1307 2980 est,
1330 2925 1387 2966 ut
1411 2917 1604 2976 ceteri3

548 2987 744 3049 habens
779 2992 1291 3053 proceleusmaticum
1326 2992 1379 3041 in
1413 2993 1607 3056 paeuul-

555 3065 678 3114 tima
702 3067 844 3118 sede.
880 3067 1108 3118 Faernus.

550 3184 553 3189 .
618 3147 679 3193 14
715 3144 927 3194 Puellam
938 3145 1176 3209 parerem]
1202 3145 1358 3194 Filias
1381 3159 1607 3207 expone·

551 3208 680 3272 bant
717 3224 886 3287 potius
927 3240 1078 3289 quam
1124 3224 1277 3286 filios,
1315 3239 1382 3273 ne
1421 3225 1607 3274 damno

551 3307 863 3362 augerentur
885 3309 1126 3363 parentes
1150 3301 1200 3349 in
1225 3301 1507 3351 educandis
1525 3302 1607 3365 iis,

550 3374 832 3436 elocandis,
856 3384 1011 3439 atque
1036 3377 1295 3425 dotandis.
1347 3378 1554 3429 Far-nab.

548 3514 551 3517 y
618 3450 763 3512 Tolli]
797 3451 1023 3513 Nutriri,
1045 3452 1270 3501 educari.
1304 3453 1458 3502 Idem.

617 3532 678 3575 15
715 3528 803 3575 So,
845 3527 912 3576 sic
949 3533 1021 3576 est
1044 3527 1247 3587 factum.
1299 3530 1393 3579 SY.
1421 3530 1609 3583 domina

550 3618 666 3664 ergo
686 3619 794 3652 erus
815 3606 983 3652 damno
999 3610 1166 3653 auctus
1183 3604 1278 3669 est]
1296 3606 1349 3654 H
1354 3619 1427 3655 aec
1452 3605 1608 3655 lectio

551 3693 652 3727 non
699 3679 904 3728 videtur
950 3679 1251 3742 procedere,
1305 3696 1421 3731 cum
1471 3680 1609 3732 infra

548 3754 780 3803 Sostrata
799 3754 955 3818 dicat,
973 3756 987 3781 ‘
1002 3756 1243 3805 minime.'
1260 3757 1359 3806 hoc
1377 3758 1514 3807 enim
1533 3759 1608 3807 di-

551 3829 716 3897 cendo
742 3838 832 3879 aut
859 3840 1018 3895 negat
1059 3847 1115 3881 se
1149 3835 1435 3896 sustulisse,
1471 3834 1604 3898 quod

552 3921 666 3957 cum
694 3907 1112 3971 praecedentibus
1139 3915 1373 3972 pugnat;
1405 3917 1499 3960 aut
1519 3925 1605 3960 ne-

549 3992 640 4046 gat
658 3984 986 4033 Chremetem
1003 3985 1188 4034 damno
1205 3993 1442 4047 auctum;
1469 3986 1606 4051 quod

549 4061 817 4129 probabile
860 4077 964 4111 non
1021 4063 1249 4125 videtur,
1303 4077 1365 4112 ea
1406 4063 1606 4126 dicere,

551 4153 666 4187 cum
713 4140 826 4202 ipsa
873 4140 936 4187 de
982 4140 1167 4188 damno
1220 4140 1412 4191 nullam
1469 4138 1608 4195 infra

549 4215 868 4265 mentionem
887 4213 1068 4267 faciat.
1099 4215 1332 4266 Fa'e'rnus.

550 4352 559 4369 ί
616 4291 751 4357 Ergo
796 4292 935 4355 herus
976 4294 1147 4342 danim
1197 4292 1384 4356 auctum]
1457 4292 1606 4361 Nove

1256 403 1473 453 norm
1514 367 1916 454 vammum
1965 403 2044 454 m
2079 459 2082 462 ,

1677 548 1897 612 positum
1929 555 2093 598 auctus
2124 549 2310 610 damno,
2333 547 2478 613 quod·
2493 547 2541 597 ei
2567 548 2737 599 cohae·

1677 639 1760 674 res
1785 626 1957 689 puella
1982 625 2198 684 venerit,
2222 638 2374 689 quam
2401 624 2552 673 dedit
2576 639 2733 689 expo-

1676 702 1911 751 nendam.
1980 701 2115 752 Quia
2143 714 2300 764 supra
2327 701 2533 749 dixerat
2554 714 2735 759 senex,

1673 780 1691 807 ‘
1715 777 2007 827 Sustulisti.’
2058 776 2256 827 idcirco
2291 777 2382 837 ait,
2427 778 2443 805 ‘
2469 790 2736 839 exponen·

1676 855 1794 904 dam
1826 854 1984 916 dedi:
2017 868 2120 918 quo
2161 853 2325 902 minus
2360 852 2600 902 videatur
2623 868 2739 902 esse

1677 929 1941 979 delictum.
2001 928 2104 979 Hic
2120 929 2233 992 jam
2259 929 2560 978 immutatus
2586 929 2741 978 vehe-

1677 1014 1880 1056 menter
1910 1020 2088 1067 senex,
2120 1005 2253 1070 quod
2284 1005 2529 1068 exposita
2563 1005 2744 1069 puella

1679 1090 1831 1143 esset,
1856 1091 1909 1131 et
1942 1082 2182 1145 exposita
2215 1082 2460 1131 adversus
2493 1082 2743 1132 edictum.

1678 1161 1764 1209 Ita
1802 1174 1918 1208 cum
1954 1160 2203 1221 impetum
2239 1158 2493 1220 generalis
2530 1171 2745 1207 accusa-

1679 1236 1830 1285 tionis
1850 1235 2164 1297 sumpsisset,
2186 1235 2358 1284 statim
2386 1234 2476 1282 illa
2506 1233 2572 1282 ad
2597 1249 2742 1298 quae-

1680 1314 1893 1361 stiouem
1932 1312 2223 1373 descendit,
2257 1317 2313 1360 et
2356 1316 2552 1360 statum
2594 1324 2746 1374 aper·

1679 1388 1874 1444 tissime
1898 1388 2172 1437 collocavit
2202 1387 2475 1447 venialem,
2509 1402 2634 1437 cum
2668 1387 2746 1437 di—

1680 1464 1780 1523 xit,
1817 1464 1907 1513 ‘Si
1953 1462 2182 1527 peccavi,
2225 1463 2296 1512 mi
2335 1463 2608 1526 Chremes,
2659 1464 2744 1512 In-

1681 1540 2012 1591 sciensfeci!
2071 1540 2274 1590 Deinde
2294 1540 2614 1603 supponitur
2638 1540 2748 1604 ple-

1680 1619 1794 1669 nior
1823 1617 2114 1670 accusatio:
2161 1619 2177 1646 ‘
2201 1615 2265 1667 Id
2290 1617 2498 1681 quidem
2537 1631 2661 1680 ego,
2693 1623 2747 1665 et

1680 1697 1725 1747 si
1757 1703 1812 1745 tu
1838 1710 2014 1761 neges,
2047 1703 2244 1745 certum
2274 1695 2400 1756 scio,
2432 1694 2509 1743 Te
2545 1694 2747 1757 impru-

1680 1773 1892 1824 dentem
1949 1772 2127 1822 dicere
2179 1777 2269 1819 aut
2316 1769 2491 1820 facere
2540 1763 2752 1819 omnia?

1679 1850 1890 1899 Deinde
1909 1856 2023 1913 post
2043 1847 2350 1911 principium
2375 1846 2748 1906 accusationis,

1680 1925 2050 1987 subjunguntur
2083 1924 2255 1972 omnia
2292 1923 2531 1983 crimina,
2563 1938 2694 1988 quae-
2721 1937 2751 1970 a

1679 2015 1875 2050 summo
1899 2000 1964 2049 ad
1987 2000 2140 2048 imum
2165 2000 2435 2048 dicuntur:
2461 2000 2611 2048 ‘Tot
2631 2013 2749 2063 pec·

1682 2084 1800 2125 cata
1829 2078 1882 2125 in
1912 2077 2007 2125 hac
2040 2074 2379 2134 ,re-ostendis?
2450 2077 2524 2124 Et
2558 2091 2750 2139 propo·

1680 2152 1757 2201 nit
1797 2153 1894 2201 sibi
1931 2152 2076 2216 quasi
2117 2151 2374 2215 quandam
2406 2152 2748 2214 quaestiouem

1681 2228 1886 2286 mulier,
1910 2242 2023 2291 quae
2054 2234 2236 2277 contra
2271 2227 2544 2289 imperium
2571 2229 2750 2278 mariti

1679 2303 1912 2366 fecisset,
1953 2310 2007 2351 et
2047 2303 2180 2352 dicit
2219 2317 2276 2352 se
2321 2303 2419 2353 hoc
2456 2304 2667 2366 pietate
2699 2312 2751 2355 et

1680 2386 1914 2431 materno
1938 2380 2101 2442 egisse
2123 2380 2308 2430 animo.
2353 2381 2692 2443 Eugraphias.

1744 2456 1828 2506 Sic
1849 2457 2138 2519 estfactum,
2159 2455 2269 2521 ξω]
2299 2456 2422 2520 Alii,
2438 2458 2485 2506 si
2509 2460 2583 2508 sic
2613 2464 2686 2510 est
2700 2459 2750 2520 fi

1683 2547 1730 2581 v.
1756 2533 1939 2582 Franc.
1965 2532 2171 2582 Fabric.
2192 2541 2248 2581 et
2269 2533 2467 2596 Guyet.
2484 2535 2751 2586 Casanbo·

1681 2623 1773 2658 nus
1806 2609 1939 2657 hunc
1970 2609 2153 2657 Poetae
2178 2610 2345 2658 locum
2372 2611 2504 2659 bene
2539 2627 2751 2678 compa·

1681 2686 1814 2736 ravit
1836 2700 1950 2736 cum
1975 2686 2065 2735 illo
2087 2686 2436 2749 Theophrasti
2457 2688 2511 2735 iu
2534 2689 2752 2739 charae·

1684 2775 1794 2814 tere
1824 2765 2165 2829 μεμψιμοιρίας,
2197 2765 2337 2815 sicut
2358 2766 2625 2818 Weitzius
2639 2769 2751 2833 jam

1680 2844 1897 2893 monuit.
1932 2843 2226 2897 Boeclerus.f

1748 2921 1812 2966 16
1844 2917 2066 2967 Minime.
2100 2919 2181 2967 sed
2203 2918 2280 2967 hic
2301 2923 2408 2968 erut
2426 2934 2549 2969 anus
2576 2923 2750 2973 corin·

1679 2994 1784 3048 ‚thia
1804 2995 1929 3044 haud
1948 2995 2163 3058 impura:
2190 2995 2235 3045 ci
2256 2997 2367 3045 dedi
2390 2998 2749 3060 Exponenda.
2780 3029 2787 3037 -

1683 3072 1790 3121 Cn.
1830 3087 1868 3120 o⁴
1893 3072 2123 3135 Juppiter
2160 3078 2345 3122 tautam
2374 3088 2472 3122 esse
2506 3073 2560 3123 in
2593 3075 2751 3125 auium

1681 3148 1948 3212 inscitiam]
2018 3149 2084 3198 O.
2105 3148 2140 3199 1.
2167 3164 2209 3197 s.
2241 3154 2487 3199 tantamne
2521 3151 2751 3211 habent3

1683 3226 1772 3276 sed
1799 3241 1890 3277 nos
1919 3225 2226 3289 Bembinum
2261 3226 2542 3290 sequimur,
2573 3227 2633 3276 in
2653 3241 2752 3292 quo

1683 3309 1763 3354 est
1801 3303 2011 3366 vulgata
2045 3302 2225 3352 lectio.
2261 3303 2311 3351 in
2347 3304 2536 3353 ceteris
2569 3319 2750 3354 omnes

1683 3381 1736 3430 in
1773 3381 1905 3431 hanc
1939 3380 2215 3430 lectionem
2249 3382 2611 3447 consentiunt,
2633 3398 2748 3449 quoe

1684 3465 1740 3505 et
1781 3457 1974 3520 optime
2009 3457 2235 3507 versibus
2268 3459 2447 3520 servit,
2472 3459 2561 3523 qui
2598 3461 2751 3510 alita·

1683 3532 1919 3596 impediti
1938 3540 2088 3581 sunt:
2123 3536 2142 3563 ‘
2165 3534 2398 3584 Minime.
2421 3536 2511 3585 sed
2529 3545 2652 3588 erat
2663 3538 2748 3588 hio

1673 3608 1954 3660 Corinthia
1980 3625 2103 3660 anus
2126 3605 2263 3660 haud
2290 3613 2521 3673 impura:
2557 3617 2609 3666 ei
2630 3617 2748 3666 dedi

1685 3685 2077 3750 Exponendam.
2133 3687 2238 3736 Cn.
2274 3703 2307 3737 o
2335 3690 2606 3754 Juppiter,
2641 3700 2749 3743 tan·

1684 3770 1787 3813 tam
1805 3779 1917 3812 esse
1938 3764 1985 3812 in
2002 3764 2170 3812 animo
2184 3765 2471 3815 inscitiam.’
2509 3769 2743 3820 Faernus.

1752 3840 1975 3889 Minime.
2000 3841 2080 3888 sed
2100 3845 2201 3888 crui
2223 3841 2305 3891 hic
2330 3843 2583 3893 Corinthia
2603 3845 2742 3908 auus]

1683 3915 1879 3964 Eadem
1912 3915 2138 3965 absolvit
2171 3919 2554 3982 purgationem,
2590 3934 2741 3985 quam

1681 3992 1983 4055 inceperat;
2018 3991 2140 4040 nihil
2173 4006 2229 4040 se
2254 4001 2438 4043 contra
2470 3996 2741 4059 imperinm

1681 4069 1854 4121 mariti
1893 4068 2105 4117 fecisse:
2141 4076 2198 4118 et
2233 4071 2530 4132 suspicioni·
2555 4074 2741 4134 mariti,

1681 4159 1796 4209 quae
1822 4148 2030 4207 ponitur
2054 4159 2151 4194 vss.
2172 4149 2255 4194 26.
2278 4155 2334 4194 et
2348 4151 2430 4197 27.
2458 4149 2592 4198 viam
2611 4163 2742 4212 prae·

1682 4219 1892 4270 cludere
1917 4227 2084 4284 parat.
2125 4220 2386 4271 Boeclerus.

1748 4296 1900 4346 Haud
1939 4295 2147 4360 impura]
2203 4296 2404 4353 Pudice
2446 4306 2505 4352 ‚et
2558 4299 2734 4364 proba.

1264 4406 1276 4438 x
1573 4394 1601 4426 Ο
1681 4430 1688 4435 s
