3035 4941
753 434 1118 482 TERENTH
1167 435 1452 483 PHORM.
1497 437 1663 483 AGT.
1713 434 1793 482 11.
1840 435 1943 484 Se.
1993 436 2092 482 IV.

382 581 452 627 92
486 569 662 626 Dicam
695 578 962 641 impingam
991 577 1083 626 tibi
1120 576 1378 639 grandem]

321 653 388 703 Ο.
412 655 448 702 l.
483 668 524 704 s.
557 655 694 703 bunc
732 654 967 704 ordinem
996 654 1269 704 verborum
1292 655 1379 702 ha-

320 729 468 792 bent,
503 729 656 778 dicum
690 729 781 779 tibi
817 730 1098 793 impingam.
1128 735 1255 793 puto
1290 743 1379 777 au-

319 812 425 855 tem
459 805 549 854 tibi
581 807 634 854 in
673 821 824 855 unam
849 806 1096 871 syllabam
1123 803 1380 865 contrabi,

320 887 376 930 et
398 895 495 944 per
516 881 854 945 synaloephen
877 880 1019 930 elidi.
1060 880 1293 929 Faernus.

384 957 585 1019 Dicam]
621 960 807 1022 Supra,
829 964 936 1008 act.
959 972 1025 1007 11.
1048 971 1123 1008 sc.
1145 961 1193 1007 2.
1251 957 1379 1005 Mer.

325 1034 647 1085 Cambonus.

385 1111 532 1175 Dixi,
550 1112 812 1176 Demipho]
862 1110 1001 1159 Mire
1024 1106 1380 1160 comminatio·

318 1201 437 1238 nem
458 1194 515 1237 et
532 1188 865 1237 ferocitatem
900 1186 1011 1250 ejus
1051 1186 1279 1234 imitatus
1302 1190 1384 1232 est

317 1264 473 1314 simili
504 1264 685 1315 verbo,
717 1264 961 1312 Donatus.

280 1371 284 1378 -
380 1346 447 1391 93
481 1340 540 1389 Si
560 1343 677 1403 qnid
696 1338 1001 1404 opussuerit]
1037 1337 1171 1387 Haec
1196 1351 1381 1401 repen-

316 1417 430 1468 tina
470 1417 719 1468 discessio
762 1417 920 1466 babet
955 1417 1177 1479 aliquam
1219 1415 1384 1478 majo-

317 1509 428 1545 rem
472 1495 726 1559 litigaturi
782 1493 1246 1544 denuntiationem.
1311 1492 1383 1541 Et

316 1571 452 1621 bene
490 1572 739 1632 breviter,
766 1585 830 1620 ne
850 1570 1179 1635 multiloquio
1199 1566 1380 1636 infrin-

319 1655 536 1712 geretur
554 1649 792 1711 superior
811 1647 1162 1697 comminatio.
1198 1646 1350 1695 Idem.

382 1726 443 1775 Si
463 1725 577 1790 quid
596 1741 709 1790 opus
725 1724 913 1787 suerit]
971 1724 1104 1773 Haec
1128 1722 1380 1773 submisse

317 1801 463 1852 dicta
486 1801 654 1865 accipi
679 1800 888 1851 debent.
929 1800 1067 1864 quod
1092 1799 1245 1848 aliter
1271 1799 1377 1847 Do-

317 1882 470 1925 natus
493 1875 700 1925 videtur
723 1882 948 1939 putasse.
988 1875 1249 1924 Boeczernoe.

383 1955 568 2003 semu
589 1965 666 2002 lv.
701 1950 901 2001 lterum
924 1950 1121 2001 senarii
1144 1954 1281 2000 sunt.
1304 1964 1378 2000 vs.

321 2033 369 2079 l.
393 2028 521 2078 Mss,
548 2028 712 2078 nostri
744 2041 959 2087 omnes3
1001 2026 1184 2092 affecit.
1229 2031 1379 2077 vs.·8.

317 2118 447 2154 unus
471 2103 671 2154 omittit
700 2103 837 2153 mihi.
895 2118 972 2153 vs.
987 2108 1036 2153 4.
1055 2103 1191 2165 duo;
1212 2103 1381 2167 quidve

316 2181 383 2230 eit
403 2179 649 2230 sententiae
670 2181 762 2230 illi.
811 2194 888 2229 vs.
907 2185 958 2229 5.
984 2194 1149 2241 unus3
1185 2180 1265 2229 abi
1295 2194 1383 2241 ge·

318 2258 405 2307 tha
425 2263 499 2307 tu.
553 2251 719 2317 alter3
757 2255 838 2305 aba·
868 2261 924 2305 in
966 2256 1142 2306 Getha.
1200 2272 1278 2307 vs.
1300 2262 1383 2309 11.
1414 2251 1423 2263 “

306 2334 456 2398 =duo;
498 2348 683 2397 ‹eqwm
710 2348 766 2382 ac
789 2333 964 2382 bonum
984 2337 1071 2382 est.
1127 2333 1292 2396 alten-3
1314 2350 1381 2383 ‹e-

318 2425 464 2475 qwn
493 2424 592 2460 esse
624 2415 671 2459 et
712 2410 892 2460 bonnm·
948 2423 1023 2459 vs.
1057 2413 1141 2460 21.
1175 2425 1390 2475 omnes;

319 2504 544 2553 exequar.
580 2489 863 2538 Boeclerus.

389 2568 583 2622 Quanta
603 2581 676 2616 me
697 2580 813 2615 curo
833 2570 883 2615 et
901 2565 1229 2630 solicitudine]
1263 2565 1387 2615 Hoec

319 2641 629 2692 demoratam
676 2646 766 2703 est,
806 2642 860 2690 in
898 2656 992 2705 qua
1031 2647 1131 2691 tres
1167 2642 1386 2692 advocati

319 2723 433 2770 sunt
448 2736 465 2769 .·
487 2733 683 2782 quorum
697 2733 818 2768 unns
838 2720 1024 2778 suadet,
1056 2720 1180 2767 alter
1199 2718 1383 2768 dissua-

320 2797 426 2856 det,
451 2796 649 2858 tertius,
683 2796 765 2858 qui
791 2810 842 2844 se
870 2796 1095 2844 alter-ratri
1115 2797 1289 2844 addere
1304 2797 1385 2844 de-

322 2871 519 2934 buisset,
563 2867 788 2931 eimedi
833 2870 1119 2919 sententium
1160 2869 1298 2931 dicit,
1330 2875 1387 2919 nt

323 2962 515 2996 rursum
533 2947 873 3000 deliberatione
893 2961 1006 3011 opus
1034 2962 1134 2996 esse
1154 2947 1386 2998 videatur.

324 3026 588 3075 Donatus.
1078 3058 1079 3061 κ

392 3106 421 3151 1
460 3103 654 3158 Quanto
695 3115 769 3150 me
823 3115 940 3149 cura
990 3105 1039 3149 et
1089 3099 1391 3149 solicitudine

325 3177 474 3246 officit
516 3177 731 3241 Gnatus]
786 3177 916 3225 Cura
937 3182 1019 3225 est
1041 3175 1093 3224 in
1114 3191 1206 3239 spe
1232 3177 1389 3226 bono·‘

326 3269 474 3304 rum:
509 3253 830 3303 solicitudoin
848 3259 991 3302 metu
1004 3253 1273 3301 malorum.
1309 3253 1387 3302 Id.

392 3334 442 3379 3.
465 3334 497 3380 4
536 3331 602 3379 Ut
637 3331 805 3378 saltem
841 3329 989 3377 sciam
1018 3327 1130 3391 qnid
1150 3331 1208 3377 de
1229 3329 1318 3377 Ιιασ
1338 3343 1392 3377 re

327 3408 478 3470 dicat,
522 3407 692 3470 quidve
745 3406 814 3455 sit
863 3405 1138 3468 sententiae]
1193 3405 1390 3455 Merito

327 3483 667 3547 temperanda
704 3481 809 3532 fuit
846 3483 1016 3545 patria
1050 3489 1304 3544 potestas,
1339 3482 1390 3530 in

327 3574 489 3610 causa
498 3559 610 3623 jam
635 3560 857 3622 integra.
877 3559 966 3623 qui
990 3559 1135 3608 locus
1157 3564 1392 3608 tentatur

327 3640 489 3688 etiam
532 3636 670 3701 apud
705 3638 954 3687 Senecam
981 3638 1229 3686 Controv.
1266 3651 1307 3686 1.
1339 3642 1389 3687 6.

330 3715 416 3765 cni
433 3715 618 3763 titulus
639 3730 652 3762 ε
673 3713 1140 3779 Archipiratoefilioe
1155 3713 1236 3763 An
1252 3718 1394 3776 poter

326 3797 522 3855 propter
561 3789 911 3838 matrimonium
961 3791 1129 3854 filium
1172 3790 1393 3838 abdicare

324 3869 498 3932 possit,
531 3880 638 3916 cum
656 3866 855 3914 liberum
881 3866 1020 3926 huius
1038 3868 1110 3916 rei
1131 3867 1296 3929 cuique
1314 3880 1392 3914 ar-

330 3944 529 3993 bitrium
544 3943 631 3992 sit.
667 3939 806 4005 quod
824 3941 877 3988 in
894 3949 1168 4006 contracto
1191 3943 1394 3992 scilicet

331 4018 674 4084 perfectoque
723 4015 1047 4066 matrimonio
1090 4008 1254 4066 locum
1305 4018 1393 4066 ba-

244 4146 261 4154 „
334 4097 460 4145 bere
483 4092 683 4152 debuit,
710 4105 776 4139 ne
800 4097 984 4141 contra
1007 4092 1162 4140 animi
1186 4099 1392 4142 senten-

332 4172 458 4222 tiam
479 4168 744 4217 dimittere
764 4166 1036 4229 conjugem
1054 4174 1293 4229 cogatur,
1306 4168 1393 4232 qni

333 4262 449 4297 eam
473 4252 632 4296 amat.
666 4242 928 4292 Boeclerus.

378 4327 429 4375 ’7
467 4324 572 4386 Ego
607 4320 859 4370 Cratinum
885 4317 1070 4382 censeo]
1103 4317 1290 4370 Potest
1310 4334 1397 4383 ego

2303 421 2308 424 ’
2344 417 2516 483 1659

1455 576 1822 640 subdistingui,
1857 584 1917 627 ut
1938 575 2279 627 subaudiatur
2319 591 2406 637 ego
2441 578 2517 627 di·
2553 565 2563 570 ’

1454 668 1574 702 eam.
1612 655 1872 703 DonetuS.

1526 730 1777 778 Cratinum
1811 730 1995 794 censeo]
2061 728 2259 778 Dicere
2303 727 2517 791 debere,

1457 804 1539 853 vel
1559 805 1782 867 priorem
1797 804 2242 869 interrogandum.
2277 805 2405 856 Mer.
2423 807 2516 854 Ga-

1454 880 1703 930 saubonns.

1521 959 1555 1004 9
1589 957 1711 1012 Qnoe
1731 955 1784 1005 in
1804 957 2051 1008 remittam
2064 956 2189 1019 sint]
2207 957 2354 1005 Bene
2371 955 2515 1019 prin-

1457 1030 1618 1093 cipio,
1651 1030 1744 1080 ἀπὸ
1792 1033 1880 1091 τῆς
1937 1038 2191 1081 'monus
2226 1032 2256 1062 '¹'
2293 1038 2517 1084 AAl'ro‘r

1456 1106 1875 1169 συμβουλεύοντος,
1916 1108 2328 1159 benevolentium
2371 1123 2515 1158 suam

1455 1184 1869 1236 commendavit:
1896 1191 1952 1234 et
1969 1187 2042 1234 sic
2058 1186 2329 1235 consilium
2348 1184 2514 1236 dedit.

1457 1261 1697 1310 Donatus.
1841 1295 1846 1298 -

1524 1339 1585 1386 11
1613 1337 1828 1387 Restitni
1843 1337 1899 1387 in
1909 1338 2170 1402 integrum]
2183 1336 2300 1388 Vid.
2317 1337 2517 1402 Guyet.

1458 1413 1545 1463 De
1569 1419 1683 1463 tota
1703 1415 1798 1464 bac
1823 1429 1880 1464 re
1902 1423 2087 1478 agetur
2105 1413 2325 1480 amplius
2342 1415 2393 1464 in
2411 1415 2518 1464 dis·

1456 1490 1739 1541 certatione
1756 1491 1823 1541 de
1842 1492 2188 1542 matrimonio.
2223 1491 2483 1541 Boeclerus.

1522 1569 1735 1619 Rea-itui
1756 1570 1807 1618 in
1827 1569 2095 1632 integrum]
2145 1570 2219 1618 Ut
2236 1584 2351 1634 quie
2375 1566 2518 1619 facta

1454 1652 1592 1707 sunt,
1612 1659 1706 1709 pro
1730 1642 1945 1698 infectis
1966 1645 2273 1706 habeantur,
2294 1651 2351 1693 et
2368 1644 2519 1694 irrita

1455 1721 1808 1772 declarentur.
1826 1722 1944 1771 Liv-
1964 1722 1979 1750 ‘
1996 1722 2166 1774 Quum
2188 1720 2518 1784 precipitata

1455 1800 1646 1861 raptim
1669 1799 1884 1848 consilia
1905 1812 2073 1863 neque
2095 1797 2326 1846 revocari
2349 1811 2518 1861 neque

1454 1876 1660 1926 restitui
1704 1876 1761 1925 in
1800 1876 2061 1940 integrum
2101 1872 2349 1938 possent!
2385 1874 2517 1923 Mer.

1459 1953 1778 2002 Casanbonus.

1519 2030 1729 2096 AEqnum
1751 2028 1846 2091 est]
1868 2028 1954 2078 Ab
1977 2028 2209 2076 bonesto-
2246 2027 2484 2075 Donatus.

1525 2105 1593 2153 Et
1614 2103 1804 2167 bonnm]
1841 2104 1927 2154 Ab
1950 2103 2084 2154 utili.
2123 2102 2273 2152 Idem.

1522 2183 1585 2231 12
1622 2183 1689 2230 Et
1724 2182 1779 2231 id
1820 2179 2115 2245 impetrabis]
2182 2177 2229 2227 A
2269 2177 2519 2242 possibili;

1454 2256 1527 2305 Et
1562 2256 1790 2306 breviter
1833 2252 2179 2305 deliberative
2228 2260 2338 2303 tres
2376 2255 2520 2303 locos

1457 2333 1656 2397 tetigit,
1696 2332 1919 2397 justum,
1961 2331 2109 2397 utile,
2154 2337 2210 2381 et
2259 2329 2522 2393 possibile.

1522 2492 1585 2538 13
1619 2489 1728 2550 Ego
1768 2489 1930 2537 sedulo
1972 2489 2097 2537 nnnc
2138 2485 2320 2535 dixisse
2347 2482 2523 2546 credo]

1453 2564 1754 2615 Artificiose
1796 2577 2068 2628 personam
2107 2560 2362 2621 defendit,
2404 2575 2521 2609 sen-

1458 2642 1675 2691 tentiam
1720 2642 2155 2706 reprehensurus:
2188 2651 2256 2687 ne
2288 2638 2333 2687 si
2354 2638 2524 2688 inimi·

1459 2732 1550 2768 cus
1585 2719 1672 2777 sit,
1711 2719 1907 2769 adimat
1935 2718 2298 2771 auctoritatem
2320 2723 2526 2766 seuten-

1460 2794 1548 2844 tioe
1567 2809 1693 2844 suae.
1728 2795 1882 2844 Idem.

1536 2869 1710 2920 Verum
1747 2868 1821 2918 ito
1868 2868 1965 2932 est]
2029 2866 2309 2931 Subjunxit
2352 2868 2525 2916 locum

1460 2944 1748 3009 ἀποκρίσεως
1768 2947 2008 2993 oratoriae
2033 2961 2045 2990 ε
2085 2950 2146 2991 nt
2170 2941 2379 2992 invidiae
2400 2954 2524 2990 con-

1461 3020 1779 3070 tradicturus
1802 3026 2122 3069 occurreret.
2158 3019 2310 3068 Idem.

1528 3100 1591 3146 14
1628 3098 1756 3152 Quot
1769 3097 1977 3146 homines
1995 3100 2063 3144 tot
2080 3093 2350 3157 sententie]
2376 3093 2524 3143 Cice·

1464 3188 1546 3236 ro,
1589 3174 1656 3223 de
1687 3174 1801 3224 Fin.
1839 3187 1895 3224 v,
1929 3173 2151 3223 totidem
2186 3171 2374 3221 verbis.
2406 3171 2523 3220 Boe.

1463 3252 1632 3300 clerus.

1532 3330 1593 3376 15
1629 3326 1761 3377 Mihi
1800 3342 1892 3376 non
1928 3326 2142 3390 videtur]
2186 3324 2235 3373 A
2274 3323 2526 3387 possibili.

1466 3404 1711 3452 Donatus.
2449 3412 2452 3415 '

1535 3481 1673 3535 Quod
1709 3479 1776 3526 sit
1797 3479 1989 3538 suctum
2024 3475 2226 3538 legibus]
2278 3476 2382 3526 Hic
2425 3476 2530 3526 alio

1466 3555 1652 3604 ordine
1700 3555 1841 3602 locos
1879 3553 2129 3602 suasoriae
2177 3552 2385 3616 tetigit:
2423 3552 2529 3614 pri-

1467 3644 1607 3679 mum
1652 3644 1684 3678 a
1726 3628 1977 3692 possibili,
2013 3628 2295 3679 secundum
2340 3627 2407 3677 ab
2440 3628 2529 3679 ho·

1467 3713 1640 3757 nesto.
1677 3707 1828 3755 Idem.

1539 3787 1676 3842 Quod
1724 3785 1791 3832 sit
1832 3783 2023 3841 sactum
2073 3782 2270 3845 legibus,
2323 3783 2533 3832 rex-indi

1464 3861 1622 3926 posse]
1653 3856 2002 3913 Quintilianus
2019 3859 2254 3907 Declam.
2273 3873 2530 3909 ccczvm.

1468 3939 1523 3988 in
1567 3940 1849 3987 Sermones
1885 3936 2022 3985 ‘Hic
2069 3933 2373 3984 adolescens
2409 3935 2533 3998 jure

1469 4014 1700 4064 infirmus
1736 4019 1837 4062 est.
1871 4027 1991 4061 nam
2030 4011 2166 4075 quod
2190 4011 2305 4074 lege
2341 4015 2533 4074 agitur,

1468 4107 1572 4141 non
1617 4092 1750 4140 solet
1794 4089 2045 4138 vindicari
2094 4087 2249 4150 lege.'
2317 4088 2388 4136 Et
2429 4088 2534 4138 De·

1458 4168 1621 4231 clam.
1641 4179 1919 4216 cchxxu.
1958 4165 1974 4192 ‘
1992 4164 2255 4227 Quicquid
2289 4163 2404 4226 lege
2427 4162 2536 4215 fac·

1472 4251 1580 4294 tum
1623 4249 1724 4303 est,
1764 4240 2018 4290 vindicari
2062 4239 2179 4303 lege
2224 4253 2325 4288 non
2363 4239 2537 4289 solet.’

1471 4333 1624 4369 mox:
1650 4318 1664 4345 ‘
1686 4315 1899 4370 Judicia
1918 4323 2091 4366 tamen
2103 4313 2318 4380 judiciis
2341 4315 2540 4369 rescia-
