3035 4941
546 368 722 436 1656

550 545 768 598 rumque
813 531 951 582 enim
983 531 1082 581 hae
1122 531 1423 582 constantia
1451 532 1612 582 animi

548 610 853 670 fulciuntur,
896 608 982 673 qui
1035 607 1142 672 juri
1185 607 1470 659 confidunt.
1539 607 1613 658 At

551 693 754 748 contra,
777 686 862 750 qni
884 685 1028 734 nullo
1041 684 1163 748 jure
1190 683 1316 735 freti
1340 695 1479 743 sunt,
1507 683 1613 735 liti·

551 771 695 828 gant,
718 770 774 812 et
787 762 851 811 ad
876 761 1091 825 injurias
1117 761 1391 824 prosiliunt
1412 777 1425 810 :
1459 767 1519 810 ιιι
1536 761 1619 811 his

549 840 736 890 saltem
770 837 1081 903 perturbent
1121 838 1489 902 adversarium,
1525 838 1617 903 qui

539 916 661 980 jure
681 928 785 965 nou
807 916 1004 965 valent.
1073 913 1321 965 condono
1338 915 1516 979 igitur,
1536 915 1615 964 iu-

551 992 686 1056 quit,
727 991 823 1041 tibi
862 1005 1016 1040 omne
1054 992 1387 1042 contumeliae
1432 1006 1616 1056 genus.

548 1069 792 1119 Donatm.

615 1144 699 1193 Ita
729 1149 783 1193 at
803 1143 942 1207 dicis,
961 1158 1048 1206 ego
1078 1148 1182 1195 tam
1201 1144 1247 1194 si
1264 1143 1401 1208 adm]
1440 1145 1617 1195 Dona·

551 1224 634 1270 tus
677 1220 890 1284 majoris
913 1222 1189 1271 moliminis
1222 1221 1617 1286 interpretatio-

550 1311 667 1347 nem
690 1296 864 1349 affert.
912 1298 1153 1362 Guyetus
1171 1298 1405 1363 corrigit.
1470 1298 1618 1349 Nihil

550 1374 841 1436 putaverim
859 1374 1177 1438 expeditius,
1190 1390 1340 1444 quam
1356 1375 1400 1425 si
1421 1375 1495 1425 ita
1510 1375 1616 1425 dis-

550 1447 853 1511 tinguatur:
905 1450 979 1498 ice
1024 1456 1081 1500 ut
1119 1450 1261 1514 diois,
1297 1465 1386 1514 ego
1427 1457 1534 1501 tam
1575 1452 1621 1502 si

548 1525 857 1593 adseram,
897 1527 981 1596 qui
1015 1529 1137 1579 nulii
1169 1537 1377 1594 comta
1408 1547 1466 1582 eu
1497 1536 1620 1581 esset

547 1606 784 1666 dicerem5
817 1608 899 1657 vel
921 1609 1020 1659 hoc
1040 1606 1259 1659 ordine:
1295 1607 1354 1658 Si
1374 1614 1622 1672 egotam,

549 1684 627 1732 ita
657 1690 715 1731 ιιι
760 1682 910 1746 dicis,
944 1684 1009 1734 ad
1047 1681 1392 1735 hereditatem
1425 1683 1620 1734 adeun—

552 1759 670 1809 dam
695 1759 1043 1822 advenissem,
1058 1759 1288 1811 dicerem
1315 1761 1513 1824 utique,
1527 1760 1618 1823 qui

550 1837 675 1886 mihi
705 1846 926 1899 cognata
948 1844 1107 1887 esset.
1146 1839 1224 1888 vel
1257 1838 1350 1888 tali
1388 1838 1619 1901 explica·

552 1914 721 1963 tione:
750 1916 898 1972 Esto,
924 1915 1058 1965 sieut
1081 1924 1134 1964 ιιι
1159 1914 1310 1977 dieis,
1325 1914 1392 1964 de
1412 1915 1619 1964 heredi-

552 1997 683 2051 tate,
707 1991 751 2039 si
775 2004 873 2053 ego
899 2000 1005 2040 tum
1022 1991 1369 2052 advenissem,
1398 1991 1618 2054 proban·

557 2064 621 2112 da
643 2066 764 2114 mihi
786 2067 1030 2128 cognatio
1048 2064 1238 2115 fuerat.
1270 2066 1529 2116 Boecleras.

617 2142 700 2191 Ita
721 2148 776 2191 ut
795 2140 949 2204 dicis]
973 2141 1095 2191 Non
1130 2154 1378 2205 repugno,
1400 2140 1524 2206 quin
1546 2141 1621 2191 ita

558 2232 638 2266 res
660 2218 866 2267 habeat.
884 2218 990 2279 vel,
1021 2217 1105 2274 fac
1140 2219 1218 2268 ita
1257 2232 1368 2268 rem
1404 2218 1620 2269 habere.

554 2294 683 2344 Mer.
709 2294 1029 2344 Casuubom.

618 2371 726 2431 Ego
768 2375 870 2420 tum
911 2370 958 2420 si
999 2370 1315 2434 ιιιίυωιίεκηι]
1348 2372 1521 2422 Deest
1557 2373 1621 2421 ud

542 2447 812 2509 judiciam.-
848 2453 904 2497 ut
944 2447 1031 2509 sit,
1065 2448 1237 2500 Quum
1266 2446 1341 2499 ad
1363 2446 1620 2520 judicium

555 2526 827 2575 venissem.
861 2526 1100 2575 Βοιιιιειιο,

621 2602 722 2658 Qui
757 2601 875 2651 mihi
896 2603 1124 2667 cognata]
1160 2603 1277 2662 Qui,
1313 2603 1469 2668 unde,
1492 2619 1621 2671 qno-

554 2670 722 2728 modo.
756 2674 908 2728 Idem.

619 2757 679 2802 51
716 2751 832 2805 Ειι’
863 2756 1211 2821 uertens-ecte]
1247 2755 1390 2806 Geta
1417 2758 1492 2806 sic
1514 2758 1622 2808 lau·

554 2829 645 2879 dat
663 2842 856 2892 senem,
878 2839 937 2880 ιιι
967 2839 1119 2896 optet
1143 2832 1350 2883 vincere
1381 2835 1620 2884 Phormi-

554 2919 723 2955 onem.
759 2906 910 2958 Ideni.

624 2981 739 3033 Eu!
768 2980 946 3044 nester,
975 2985 1125 3048 mete]
1162 2984 1374 3036 Plaudit
1395 2985 1493 3036 sihi
1513 2989 1619 3037 Te·

552 3059 772 3121 tentius,
839 3061 1109 3124 supposita
1172 3073 1419 3127 personas
1469 3065 1617 3130 quasi

557 3141 702 3185 recte
720 3134 958 3186 dixisset.
993 3136 1143 3186 Idem.

621 3212 700 3267 Ειι
718 3217 880 3263 noster
906 3213 1055 3277 recte]
1089 3215 1224 3266 Hoec
1257 3216 1320 3264 ad
1342 3217 1479 3267 senis
1500 3231 1616 3268 ora-

553 3287 764 3350 tionem,
775 3292 914 3339 clare
936 3292 1272 3353 applaudens.
1291 3293 1474 3344 heusta
1496 3301 1618 3345 tace.

555 3366 667 3423 haec
707 3364 772 3415 ad
815 3367 1181 3416 Phormionem
1220 3380 1418 3431 versus,
1457 3371 1616 3421 lente.

555 3443 644 3506 qui
664 3442 799 3505 enim
820 3443 1071 3493 hactenus
1094 3444 1220 3494 satis
1257 3446 1615 3498 declinaverat

557 3518 690 3568 senis
715 3519 1168 3583 disceptationem,
1191 3534 1328 3570 nunc
1349 3523 1424 3572 ita
1445 3524 1618 3585 urgeri

555 3595 781 3657 videtur,
816 3603 875 3646 ut
920 3611 1017 3646 nec
1060 3597 1262 3647 evitare
1316 3600 1617 3664 {equitatem

554 3673 820 3735 postulati,
850 3687 948 3722 nec
1000 3673 1111 3723 sine
1156 3675 1354 3737 periclo
1406 3689 1621 3740 respon·

555 3748 682 3798 dere
704 3763 854 3813 posse
878 3747 1134 3798 videatur.
1157 3750 1232 3798 ita
1251 3749 1617 3804 adhortatione

551 3827 710 3887 servi,
752 3824 1083 3888 conspectior
1128 3816 1188 3874 fit
1246 3830 1617 3891 extemporalis

555 3900 883 3952 Phormionis
916 3900 1189 3964 calliditas,
1221 3901 1306 3965 qui
1342 3917 1451 3952 rem
1474 3898 1619 3968 judi—

552 3979 636 4027 cio
659 3977 946 4041 definitam,
974 3978 1161 4026 iterum
1187 3977 1241 4027 in
1278 3977 1616 4044 disceptatio—

551 4069 668 4103 nem
705 4053 861 4115 mitti‚
885 4067 982 4102 nec
1003 4053 1140 4116 juris
1175 4067 1270 4104 nec
1301 4055 1458 4106 moris
1481 4072 1619 4121 esse,

554 4128 849 4192 respondet.
880 4128 1141 4181 Boeclerus.

619 4205 760 4256 Heus
793 4209 966 4266 nostem
986 4206 1138 4271 recte]
1173 4207 1312 4277 Geta
1333 4209 1510 4261 laudat
1530 4211 1618 4262 he·

551 4296 666 4333 rum
704 4281 758 4330 in
806 4297 884 4342 os,
906 4283 997 4348 qui
1032 4288 1210 4334 tamen
1248 4285 1617 4341 Phormionem

553 4358 702 4426 cupit
724 4358 952 4413 vincere.
981 4360 1114 4414 Mer.
1132 4360 1452 4421 emaubom.

1252 386 1465 435 No'rAE
1516 385 1920 436 vAluoRum
1967 386 2046 434 m
2103 425 2108 430 .

1749 536 1816 581 62
1840 529 2603 596 Quibusneopmaitjuaicibu]
2621 532 2732 582 Proo.

1689 609 1808 659 bavi
1819 610 2109 673 judicibus,
2132 609 2314 673 inquit.
2355 609 2591 660 Donatus.

1754 680 1817 725 ἢ
1854 675 2013 724 Filius
2043 690 2129 725 cur
2148 687 2241 724 noa
2262 674 2466 737 refellit]
2501 674 2734 738 Refellere,

1690 760 1770 800 est
1790 750 2052 814 arguendo
2076 749 2261 799 falsum
2285 750 2583 801 ostendere.
2603 750 2733 799 Idem.

1754 832 1817 875 55
1856 826 2008 887 cnjus
2027 828 2086 875 de
2106 825 2322 875 stultitia
2341 825 2461 884 dici,
2482 831 2537 875 ut
2556 825 2734 888 dignm

1688 901 1783 966 est]
1804 901 2179 968 Compendium
2192 902 2539 953 convitiorum
2558 910 2652 961 est.
2669 902 2736 952 ni·

1690 977 1759 1027 hil
1785 977 1993 1041 dignum
2016 977 2267 1042 invenire,
2285 993 2381 1043 pro
2400 994 2591 1043 magna
2620 978 2735 1042 inju-

1691 1052 1767 1103 ria
1790 1053 1927 1119 quod
1953 1054 2286 1118 respondeas.
2320 1055 2476 1104 Idem.

1753 1134 1814 1179 57
1849 1130 2097 1180 Judicium
2116 1132 2175 1196 de
2210 1132 2371 1180 eadem
2408 1145 2554 1180 causa
2581 1132 2735 1180 iterum

1688 1211 1745 1256 ut
1764 1208 1967 1257 reddent
1986 1205 2102 1270 tibi]
2134 1207 2460 1270 Immpratnr
2479 1206 2737 1271 amplifica·

1689 1285 1820 1335 tioni
1841 1285 2150 1348 argumenti,
2172 1300 2274 1351 quo
2297 1287 2562 1346 irretitum
2582 1299 2736 1335 senem

1690 1361 2048 1413 obhaerescere
2071 1362 2285 1413 videbat
2300 1380 2316 1411 a
2338 1362 2615 1426 magnifica
2634 1376 2737 1427 spe·

1692 1440 1773 1491 cie
1815 1442 2184 1493 auctoritatem
2221 1441 2548 1507 judiciorum
2589 1442 2735 1492 extol·

1691 1517 1820 1568 lens.
1855 1533 1972 1582 quae
2038 1533 2157 1569 cum
2203 1532 2314 1572 non
2364 1517 2514 1570 civili
2556 1523 2737 1567 tantum

1683 1594 1808 1658 jure
1847 1597 2066 1659 nitatur,
2086 1596 2180 1648 sed
2209 1596 2458 1659 naturali,
2479 1594 2655 1645 maluit
2672 1601 2738 1645 ta·

1692 1686 1812 1723 men
1835 1674 2095 1725 inculeare
2120 1675 2288 1738 legem
2313 1672 2581 1736 Atticam,
2610 1672 2741 1736 cnjus

1694 1750 1964 1809 rationem,
1987 1751 2190 1814 potenti
2224 1752 2510 1800 sententiae
2535 1763 2741 1801 momen·

1695 1834 1768 1886 to,
1803 1826 1866 1875 ad
1905 1826 2272 1891 rempublicam
2306 1825 2512 1887 refert;
2548 1828 2738 1891 eiusque

1690 1903 1932 1953 libertate
1952 1906 2095 1954 salva
2112 1919 2215 1954 non
2244 1919 2393 1967 posse
2417 1904 2599 1954 violari
2622 1902 2740 1967 qnod

1692 1980 1759 2029 de
1799 1980 2116 2030 auctoritate
2141 1980 2468 2043 judiciorum
2510 1978 2739 2030 servanda

1692 2057 2032 2107 constitutum
2056 2066 2157 2118 est,
2172 2055 2415 2107 ostendit.
2481 2058 2740 2120 Compara·

1694 2131 1768 2182 vit
1790 2132 1877 2196 jus
1902 2131 2131 2182 Atticum
2154 2133 2250 2183 hac
2274 2134 2324 2181 in
2350 2148 2405 2182 re
2433 2149 2552 2184 cum
2577 2135 2738 2182 Roma-

1693 2223 1760 2259 no
1824 2209 2251 2273 Lindenbrogins·
2316 2208 2479 2259 Adde
2546 2208 2740 2259 Weitzio

1694 2295 1961 2351 congesta.
1992 2288 2249 2337 Boeelerns.

1757 2368 1822 2412 58
1851 2365 2240 2427 Quandoquidem
2252 2366 2379 2416 solus
2392 2366 2597 2429 regnas]
2620 2366 2740 2416 Quo·

1694 2439 1831 2492 niam
1858 2453 2074 2505 regnum
2098 2433 2321 2491 solutum
2345 2442 2553 2506 legibus
2574 2448 2672 2503 est,
2694 2447 2741 2489 et

1691 2517 1985 2581 opprimens
2000 2518 2312 2568 libertatem.
2325 2519 2414 2569 Sic
2430 2520 2582 2582 alibi,
2597 2529 2609 2547 ‘
2623 2520 2742 2581 Reg-

1694 2607 1885 2643 numne
1905 2593 2011 2655 hic,
2032 2594 2305 2659 AEschine,
2330 2597 2575 2661 possides
2593 2595 2626 2644 ?'
2655 2596 2743 2646 Do.»

1691 2675 1851 2720 mm.

1717 2806 1724 2807 ἶ
1759 2748 1902 2799 Solus
1937 2751 2138 2816 regnas]
2195 2751 2348 2803 Quod
2366 2754 2597 2802 maxime
2630 2752 2739 2800 invi-

1695 2824 1894 2874 diosum
1933 2825 2171 2877 AtheniS.
2232 2822 2369 2877 Vide
2411 2829 2484 2877 ad
2537 2827 2741 2890 Adelph.

1696 2908 1709 2935 ι
1730 2902 2032 2967 Regnumue
2053 2901 2154 2964 hic,
2194 2903 2458 2965 AEschine‚
2478 2895 2695 2968 possides
2710 2899 2741 2948 ?’

1695 2979 1827 3029 Mer.
1853 2979 2173 3028 casaubonus.
2600 3007 2615 3021 ι

1756 3060 1822 3105 59
1855 3055 1959 3106 Hic
1997 3057 2055 3104 de
2088 3058 2252 3107 eadem
2271 3055 2437 3120 cause]
2477 3057 2595 3120 Hic,
2617 3055 2739 3105 vide-

1692 3133 1815 3181 licet
1860 3133 1998 3197 apud
2040 3132 2295 3193 AthenaS,
2337 3134 2425 3182 ubi
2477 3131 2737 3195 legessubi

1690 3209 1906 3258 libertas
1940 3209 2175 3260 omnibus
2207 3211 2493 3260 communis
2526 3218 2623 3263 est.
2652 3209 2740 3268 Do-

1690 3291 1849 3336 natus.

1757 3366 1822 3412 60
1859 3362 1972 3417 Etsi
1994 3362 2113 3411 mihi
2140 3362 2277 3423 facta
2309 3362 2493 3424 iniuria
2528 3369 2615 3427 est,
2642 3361 2737 3426 dfe]

1693 3439 1865 3488 Senex
1907 3438 2205 3489 confutatus
2227 3455 2257 3489 a
2280 3440 2616 3498 Phormione,
2637 3453 2736 3490 cum

1694 3529 1873 3578 parum
1897 3516 1951 3564 in
1982 3516 2182 3579 judicio
2216 3518 2327 3580 spei
2350 3524 2647 3582 reponeret,
2663 3517 2737 3565 ho·

1694 3601 1842 3643 nesta
1901 3591 2147 3643 ἐπιεικείας
2215 3595 2626 3659 praescriptione,
2681 3590 2736 3640 ad

1696 3669 2099 3720 transactionem
2122 3671 2345 3720 animum
2380 3672 2585 3743 adjicit,
2609 3667 2736 3736 quasi

1694 3754 1761 3796 ex
1800 3747 1969 3796 altera
2005 3754 2158 3810 parte
2199 3748 2350 3811 legis,
2390 3750 2456 3798 de
2501 3745 2736 3804 dotanda,

1694 3840 1848 3891 qnam
1873 3827 2139 3889 proximus
2173 3841 2272 3876 non
2303 3827 2416 3879 vult
2433 3827 2640 3891 ducere,
2666 3837 2735 3874 or·

1694 3901 1779 3953 ba.
1815 3904 2075 3952 Boecleras.

1749 3981 1817 4028 61
1857 3981 2031 4029 Potius
2040 3995 2181 4044 quam
2200 3983 2308 4031 lites
2323 3987 2496 4044 secter,
2517 3987 2732 4045 αιιίςιιιιιιι

1691 4060 1742 4107 te
1769 4058 1985 4127 ιιιιάίιιηι]
2018 4058 2111 4107 Bis
2162 4059 2334 4123 posuit
2375 4075 2533 4123 quem.
2597 4055 2731 4112 Quod

1693 4148 1857 4198 genus
1880 4132 2059 4197 figurae
2082 4134 2250 4196 primo
2283 4131 2514 4196 ζεύγματι
2548 4140 2731 4185 contra·

1695 4214 1823 4259 rium
1845 4214 1942 4260 est.
1984 4210 2131 4260 Utin
2147 4210 2734 4269 Heautontimorumeno,

1694 4286 1959 4351 ‘Propter
1998 4299 2151 4350 quam
2190 4286 2243 4335 in
2287 4301 2485 4337 summa
2535 4283 2729 4337 infamia

1693 4376 1827 4431 sum,
1848 4367 1905 4416 et
1923 4376 2041 4416 meo
2063 4362 2206 4430 patri
2224 4362 2394 4418 minus
2426 4358 2729 4432 obsequens.'
