3035 4941
543 311 720 379 1211

547 472 767 537 paritur.
806 479 885 535 nt,
930 475 948 504 ⁴
966 472 1160 523 Vectus
1177 485 1313 536 equo
1335 476 1608 537 spumante

551 548 754 612 Sages!
789 550 937 600 Idem.

613 628 794 677 Labore
838 630 988 677 alieno
1033 642 1253 689 magnam
1285 640 1367 689 pai
1368 631 1473 674 tam
1504 627 1607 687 glo-

547 704 875 755 riamoerbis
856 720 909 753 m
928 719 978 753 se
1009 696 1116 766 tr.]
1131 704 1315 755 Jocum
1352 717 1417 751 ex
1446 702 1611 752 ambi·

548 797 651 846 guo
684 783 810 831 serit
832 780 1106 844 parasitus.
1140 781 1261 830 dum
1285 778 1421 828 enim
1447 778 1609 827 videri
1639 799 1644 806 ·

549 861 663 909 vult
698 860 899 919 dicere,
932 858 1059 907 nihil
1103 858 1288 907 mirum
1325 871 1437 905 esse
1470 855 1609 919 quod

548 937 666 986 Rex
717 935 821 1000 ipsi
863 935 1112 983 maximas
1162 948 1372 997 semper
1416 934 1609 995 gratias

549 1013 676 1077 egit,
709 1012 822 1062 aliis
842 1026 944 1061 non
968 1012 1119 1072 item;
1156 1025 1219 1061 eo
1242 1009 1380 1075 quod
1405 1010 1501 1059 viri
1534 1025 1610 1062 οω-

547 1091 775 1153 pientes,
821 1088 987 1152 qualis
1042 1087 1258 1137 Thraso*
1292 1095 1451 1150 esset,
1507 1101 1611 1135 non

423 1219 458 1248 w
548 1174 757 1218 tantum
785 1182 989 1217 suorum
1013 1163 1265 1218 factorum
1292 1166 1510 1229 gloriam
1534 1171 1610 1215 re·-

546 1244 772 1307 ferrent,
795 1246 886 1295 sed
912 1245 1081 1295 aliena
1104 1246 1262 1296 etiam
1284 1244 1470 1293 merita
1492 1258 1610 1308 per·

544 1322 641 1372 itia
703 1321 846 1372 fandi
898 1328 957 1371 et
999 1322 1318 1371 dexteritate
1359 1319 1609 1370 orationis

552 1398 727 1447 aulica
781 1413 927 1452 suum
976 1397 1043 1447 ad
1100 1398 1261 1447 decus
1306 1397 1607 1457 traherent,

548 1484 734 1525 revera
754 1474 852 1526 hoc
884 1474 959 1523 ait
978 1490 993 1535 ;
1030 1474 1276 1538 gloriosos
1297 1473 1533 1522 homines
1553 1480 1610 1522 et

549 1551 759 1613 ineptos
779 1548 929 1602 alieni
953 1549 1147 1599 laboris
1171 1550 1392 1614 gloriam
1412 1549 1609 1613 magni

547 1626 662 1676 ficis
681 1625 856 1676 verbis
869 1625 1201 1688 impudenter
1213 1625 1312 1675 sibi
1334 1626 1610 1676 vindicare.

545 1702 607 1752 τὸ
626 1702 722 1767 ’γὰρ
741 1703 804 1753 τὰ
824 1701 1056 1768 ἀλλότρια
1074 1703 1218 1753 αὐτοῦ
1236 1700 1452 1766 φάσκειν,
1489 1703 1608 1753 ὅλας·

548 1779 736 1843 {oasim
748 1783 961 1842 σημεῖον.
981 1780 1119 1845 apud
1143 1781 1448 1831 Aristot.11.
1474 1781 1609 1829 Rue·

547 1865 649 1923 tor.
699 1858 841 1908 Satis
862 1864 1072 1921 poterat
1095 1858 1470 1921 persentiscere
1491 1872 1611 1907 san·

547 1948 669 1984 nam
693 1934 1004 1999 Gnathonis,
1029 1936 1083 1985 ui
1103 1933 1290 1986 fuisset
1310 1936 1462 2001 lapis.
1494 1936 1610 1985 Βω-

544 2012 717 2064 οἱα-ιιι.

614 2088 819 2154 Labore,
841 2089 948 2154 ξω]
976 2089 1110 2140 Haec
1141 2090 1354 2140 Gnatho
1376 2103 1609 2152 aversus,

549 2178 617 2214 ne
640 2166 788 2215 miles
813 2167 1011 2222 audiat.
1043 2167 1328 2217 Farnobias.

616 2244 679 2290 1⁰
721 2241 888 2292 Verbis
909 2244 961 2291 in
977 2257 1162 2307 sesoepe
1188 2248 1496 2305 transmovet,
1528 2242 1610 2306 qui

548 2320 689 2370 habet
710 2321 876 2384 salem]
911 2322 1048 2370 Mire
1066 2322 1309 2371 adulator
1338 2323 1438 2371 hoc
1461 2322 1611 2372 attri’·

549 2396 669 2450 buit
688 2397 862 2458 militi,
898 2398 1038 2460 quod
1071 2396 1281 2448 minime
1312 2398 1489 2468 habet,
1526 2398 1610 2449 vel

552 2473 732 2535 verba,
755 2475 839 2523 vel
858 2475 1046 2525 salem.
1072 2476 1305 2525 Donatus.

615 2550 717 2606 Qui
750 2549 891 2599 habet
934 2550 1101 2614 salem]
1156 2550 1243 2600 Sal
1284 2552 1611 2616 neutraliter,

543 2624 933 2683 condimentum
957 2632 1070 2677 est:
1096 2629 1385 2693 masculini,
1405 2630 1613 2694 sapien·

549 2703 644 2753 tia.
680 2703 846 2773 Idem.

616 2779 717 2836 Qui
739 2779 879 2830 habet
919 2779 1089 2844 salem]
1138 2781 1270 2832 Haec
1314 2797 1613 2849 conversus,

546 2862 607 2906 et
626 2870 837 2920 coram3
869 2864 928 2906 ut
958 2856 1150 2909 audiat.
1184 2859 1468 2912 Fan-moiun.

614 2935 676 2981 ll
716 2932 889 2988 Qaiin
937 2938 984 2984 te
1004 2934 1098 2998 est]
1132 2936 1301 2988 Quem
1323 2942 1393 2986 tu
1431 2936 1611 2988 habes.

547 3006 789 3061 Donatus.

617 3085 718 3151 Qui
751 3086 806 3136 in
843 3092 892 3136 ie
923 3086 1020 3150 est]
1051 3085 1448 3151 Urbanitatem,
1466 3088 1612 3153 lepo-

548 3177 680 3226 rem,
701 3162 966 3213 facetum
952 3165 1235 3228 ingenium.
1303 3167 1520 3229 Legitur
1536 3173 1611 3230 et,

547 3240 694 3296 Quod
720 3240 773 3289 in
807 3245 855 3289 te
886 3245 975 3302 est,
1014 3256 1138 3290 cum
1155 3250 1403 3306 respectu
1427 3243 1491 3292 ad
1513 3245 1611 3292 sale

548 3315 839 3379 antiquitus
907 3315 1161 3366 Neutrius
1227 3317 1454 3381 generis.
1523 3319 1611 3369 adi

547 3390 962 3443 Grammaticam
986 3400 1231 3445 nostram.
1259 3395 1554 3450 Farnobias.

613 3467 803 3530 Habes]
838 3467 1108 3531 Intelligis.
1173 3471 1325 3523 Quod
1369 3475 1506 3523 enim
1528 3481 1609 3525 te-

546 3557 729 3594 nemus
802 3556 1048 3607 corpore,
1095 3545 1345 3597 habemus
1396 3551 1570 3599 animo
1590 3566 1608 3601 τ

548 3620 928 3684 quodqueitem
946 3622 1114 3672 animo
1135 3623 1401 3691 habemus,
1421 3626 1614 3678 intelli·

547 3697 738 3760 gimus.
772 3696 1012 3749 Donatus.

614 3771 806 3835 Habes]
831 3773 939 3824 Pro
962 3774 1225 3840 intelligis.
1290 3779 1376 3831 Sic
1412 3780 1610 3832 dicitur

546 3849 722 3913 accipe,
742 3858 800 3898 et
819 3851 899 3899 da.
927 3850 1092 3903 Habes
1111 3854 1285 3917 etiam,
1312 3855 1365 3905 id
1396 3863 1498 3922 est,
1531 3859 1609 3908 di-

541 3927 643 3977 cis.
670 3931 739 3975 nt
773 3925 1081 3979 Sallustius:
1116 3931 1453 3983 ‘Tartessum
1486 3935 1609 3985 His·

548 4003 720 4067 paniae
762 4001 1052 4070 civitatem,
1093 4021 1248 4072 quam
1283 4024 1429 4060 ,nunc
1465 4011 1610 4077 Tyrii

547 4084 751 4127 mutato
804 4079 1012 4130 nomine
1066 4081 1323 4136 Gadis-um
1375 4085 1611 4137 habent?

547 4155 704 4204 Idem.

559 4284 562 4285 γ
609 4231 729 4283 Rex
749 4236 799 4282 te
816 4246 934 4294 ergo
946 4235 1000 4287 in
1014 4237 1182 4291 oculis.
1198 4239 1609 4302 seniaagestire.

1130 320 1140 333 “
1231 328 1451 377 No‘rAE
1494 326 1903 380 VARIORUM
1950 327 2055 378 m·

1681 473 1864 537 cerum]
1897 474 2032 524 Vide
2064 474 2380 540 inconditam
2417 474 2747 538 properatio·

1683 565 1798 599 nem
1842 552 2042 600 laudari
2085 566 2139 601 se
2184 552 2443 616 cupientis
2489 552 2643 614 adeo,
2689 556 2748 601 ut

1683 641 1784 677 non
1823 629 1960 678 sinat
1994 628 2154 678 verba
2190 628 2413 692 impleri,
2451 629 2572 693 quin
2613 642 2746 692 prae·

1682 705 1916 768 festinet,
1931 707 2111 756 scilicet
2123 715 2175 757 et
2190 721 2351 756 verum
2373 707 2565 756 dicere.
2593 706 2747 756 Idem.

1750 782 1973 846 Gestare]
2036 785 2237 833 Omnes
2309 783 2428 834 libri
2481 789 2746 849 quotquot

1682 868 1822 922 sunt,
1847 869 1902 910 et
1925 862 2125 926 antiqui
2158 869 2215 912 et
2239 868 2500 919 recentes,
2522 869 2634 910 tum
2647 861 2769 909 'fe-‘-¹

1683 938 1867 999 rentii,
1900 944 2009 988 tum
2056 940 2273 1002 Donati,
2312 938 2510 989 habent
2547 937 2751 1000 gestire:

1682 1025 1833 1078 quam
1848 1016 2128 1065 lectionem
2145 1016 2503 1078 admittentes,
2516 1027 2755 1079 expone-2

1683 1106 1812 1148 mus,
1833 1092 2012 1142 laetum
2046 1107 2179 1154 esse,
2201 1100 2256 1141 et
2276 1091 2507 1155 gaudere
2531 1106 2599 1141 ex
2623 1101 2753 1140 con·

1683 1168 1844 1230 victu,
1877 1168 2081 1219 scilicet
2115 1177 2237 1218 tno:
2275 1168 2412 1234 qnod
2436 1182 2562 1217 vero
2585 1181 2754 1231 supra·
2852 1220 2863 1226 ,

1683 1243 1879 1295 dictum
1904 1254 2004 1307 est,
2041 1248 2058 1275 ‘
2078 1246 2203 1295 Rex·
2231 1252 2285 1294 te
2320 1260 2445 1308 ergo
2468 1244 2521 1293 in
2543 1242 2754 1308 oculis,'

1681 1319 1765 1370 hic
1784 1320 2147 1371 subaudieinus
2162 1322 2245 1370 vel
2265 1320 2475 1383 habere,
2486 1320 2571 1370 vel
2587 1318 2751 1370 ferre.

1682 1396 1916 1448 Faernus.
2746 1411 2752 1416 ·

1749 1475 1971 1524 Gestare.
2001 1473 2131 1538 uero]
2171 1473 2306 1523 Vide
2329 1472 2541 1524 omnino
2564 1472 2753 1537 Geye-

1684 1557 1810 1601 tum.
1842 1551 2101 1601 Boecleras.

1690 1668 1697 1676 .
1749 1628 1974 1691 Gestare]
2009 1627 2160 1678 Ferre
2189 1625 2272 1675 vel
2299 1629 2493 1688 gestare
2520 1625 2576 1674 in
2598 1624 2765 1674 acidis

1683 1712 1784 1767 est,
1808 1705 1960 1754 valde
1990 1703 2227 1768 diligere.
2251 1704 2385 1754 male
2406 1717 2532 1766 ergo
2550 1702 2752 1767 legitur

1677 1780 1874 1843 gestire.
1921 1781 2162 1831 Muretus
2204 1781 2241 1829 l.
2278 1792 2361 1829 rx.
2403 1779 2533 1829 Var.
2574 1794 2627 1829 c.
2667 1777 2748 1830 18.

1684 1860 1970 1911 Far-nabitu.
2746 1867 2753 1874 ‘
2788 1909 2791 1912 Α

1749 1938 1953 1992 Credere
1995 1951 2176 1986 omnem
2227 1932 2515 1996 exercitum]
2545 1927 2747 1997 ·Magis

1684 2014 1901 2073 ridebis,
1923 2014 1969 2062 si
1989 2011 2290 2063 consideres
2311 2010 2529 2060 militem
2561 2016 2749 2060 notum

1682 2104 1815 2151 esse,
1838 2090 1989 2155 (μὴ’.
2022 2089 2262 2139 Donatus.

1750 2168 1956 2217 Credere
1991 2181 2171 2215 omnem
2208 2165 2488 2227 exercitam,
2526 2122 2749 2228 masilia]

1683 2243 1791 2293 Sub
1813 2244 2029 2294 obtentu
2063 2242 2256 2299 militis,
2294 2256 2358 2291 ea
2381 2241 2634 2305 stultitia,
2664 2237 2750 2291 de·'

1681 2322 1895 2386 scripsit
1943 2321 2179 2371 breviter
2231 2321 2471 2370 comitem
2528 2320 2748 2383 regium,

1684 2403 2065 2462 acceptumque
2098 2396 2420 2458 imperatori.
2487 2395 2631 2444 Nam
2664 2389 2748 2460 qui

1684 2489 1822 2524 nunc
1842 2473 2012 2524 credit
2035 2474 2344 2533 exercitum,
2361 2472 2529 2522 credit
2555 2484 2614 2522 et
2637 2472 2755 2522 con-⁴

1684 2551 1815 2602 silia.
1880 2550 2160 2614 Virgilius.
2146 2567 2159 2579 ·
2196 2552 2213 2579 ‘
2235 2550 2392 2600 Nulla
2412 2549 2541 2598 meis
2557 2549 2674 2598 sine
2695 2553 2750 2596 te

1684 2633 1944 2693 quaeretur
1987 2627 2147 2691 gloria
2187 2628 2361 2690 rebus,
2394 2627 2501 2676 Seu
2544 2633 2748 2690 pacem,

1683 2718 1775 2754 seu
1798 2703 1936 2754 bella
1958 2718 2162 2768 geram:
2188 2702 2283 2753 tibi
2312 2702 2536 2752 maxima
2559 2712 2749 2764 rerum,

1685 2781 2080 2846 verborumque
2102 2779 2270 2830 fides)
2301 2779 2452 2829 Idem·

1714 2863 1814 2908 13
1853 2857 2086 2920 Consilia]
2118 2856 2335 2919 Αὔεησις.
2372 2842 2488 2925 plds
2508 2856 2657 2905 enim
2669 2854 2749 2904 est

1685 2935 1922 2998 consilia,
1938 2947 2092 3000 quam
2117 2940 2259 2984 totus
2285 2933 2569 2985 exercitus.
2592 2932 2747 2982 Idem.

1751 3010 1960 3074 Mirum]
1997 3010 2188 3060 Melius
2237 3025 2330 3073 per
2366 3007 2597 3073 εἰρωνείαν
2635 3019 2749 3073 proi

1685 3088 1980 3137 nuntiamus
2000 3086 2189 3136 miram.
2222 3086 2369 3150 quasi
2413 3085 2578 3147 dicat,
2621 3084 2749 3137 Quis

1686 3179 1785 3213 non
1829 3164 2079 3214 crederet·
2110 3163 2202 3212 tali
2248 3162 2393 3212 viro?
2436 3162 2747 3225 sedpotest

1685 3240 1844 3295 etiam
1867 3239 2180 3302 simpliciter
2195 3253 2291 3304 pro
2308 3237 2613 3289 admirantis
2635 3248 2745 3303 ges-

1685 3325 1744 3367 tu
1765 3317 1955 3381 accipi.
1989 3317 2144 3367 Idem.

1754 3395 1852 3444 Ubi
1872 3396 2071 3445 satietas
2092 3397 2350 3460 hominnm,
2370 3393 2456 3445 aut
2475 3395 2663 3458 negotii
2682 3384 2747 3443 siss

1682 3475 1868 3537 quando
1891 3474 2051 3523 odiam
2069 3474 2282 3538 ceperat]
2332 3473 2579 3538 Reipubl.
2614 3473 2748 3537 prin·

1684 3564 1810 3613 ceps
1832 3548 1959 3619 duas
1980 3564 2064 3599 res
2088 3551 2308 3613 patitur,
2326 3546 2561 3600 homines
2580 3550 2635 3599 et
2659 3563 2746 3599 ue·

1684 3628 1847 3692 gotia,
1873 3627 1923 3676 id
1958 3634 2058 3691 est,
2093 3640 2344 3692 personas
2374 3632 2432 3676 et
2470 3641 2554 3676 res
2582 3625 2744 3677 Ιιοιιιὶ·ι

1683 3718 1821 3754 num.
1844 3705 2006 3773 *Idem

1747 3781 1963 3832 Satietas
2009 3781 2266 3842 bantinum,
2330 3787 2416 3831 aut
2467 3781 2652 3844 negotii
2701 3780 2744 3829 si

1681 3861 1864 3923 quando
1885 3859 2046 3920 odium
2069 3858 2278 3922 ceperat]
2325 3859 2551 3923 Proprie
2574 3859 2744 3909 reddi·

1683 3936 1764 3985 dit
1807 3942 1864 3986 et
1902 3936 2167 3997 decenter,
2207 3935 2742 3996 hominum'satietas,

1682 4013 1881 4091 negotii
1907 4013 2100 4063 odium.
2168 4014 2287 4064 Non
2330 4014 2466 4064 enim
2500 4028 2600 4078 par
2632 4019 2746 4063 erat

1683 4089 1837 4153 Reip.
1876 4089 2167 4154 principem
2208 4090 2470 4140 hominum
2510 4086 2630 4141 odio
2675 4090 2744 4139 la-'

1683 4165 1888 4216 horare.
1918 4167 2073 4215 Idem.
2733 4188 2737 4192 ·

1751 4247 1811 4292 15
1826 4242 2136 4306 Requiescere
2149 4242 2235 4294 ubi
2248 4242 2455 4308 volebat]
2470 4244 2619 4296 Bono
2629 4254 2742 4295 ver·
