3035 4941
551 400 731 463 1444

557 559 661 621 e'st,⁵
675 569 836 622 quare
859 553 1022 617 Syrus
1032 561 1237 615 quoque
1254 546 1330 595 illi
1346 544 1618 608 objicitur,

557 633 829 699 magnifice
867 628 1100 678 inferens
1133 638 1189 673 se
1214 630 1272 672 ut
1293 621 1616 671 luxuriosum

556 705 915 773 licentemque'
948 718 1176 763 servum,
1208 698 1498 765 praesertim
1532 696 1621 759 qui

560 788 954 842 adolescentum
973 780 1283 846 paedagogus
1307 774 1486 825 fuerit.
1517 773 1599 821 Id.

623 868 689 914 28
734 864 909 911 Utrum
940 857 1100 907 studio
1122 854 1204 917 ne]
1238 852 1350 903 Aut
1372 851 1500 901 ordo
1524 854 1627 911 est,

558 946 796 1001 utrumne,
809 946 911 987 aut>
923 942 1015 985 est·
1027 931 1264 996 παρέλκον
1286 930 1514 990 tertium,
1538 932 1627 976 aut

560 1032 685 1068 vero
746 1029 843 1080 per
882 1012 1093 1075 ἔλλειψιν
1136 1008 1395 1072 accipitur
1417 1023 1430 1057 :
1477 1002 1627 1070 quasi

561 1094 724 1152 dicat,
759 1101 929 1142 utrum
970 1089 1084 1138 est?
1118 1092 1227 1149 aut,
1253 1091 1423 1134 utrum
1446 1071 1628 1131 verum

561 1172 693 1219 est?
713 1166 852 1235 quod
876 1165 962 1231 qui
999 1163 1207 1227 accipit,
1240 1166 1401 1210 utrum
1425 1157 1629 1208 subdis·

561 1247 769 1309 tinguat
790 1247 847 1292 et
873 1247 1084 1305 separet
1108 1255 1139 1289 a
1179 1236 1514 1303 sequentibus
1538 1229 1628 1283 ne'·

567 1335 718 1371 cesse
741 1326 840 1369 est.
874 1319 1025 1367 Idem·

578 1429 583 1434 ·
635 1400 811 1449 Utrum
827 1393 1064 1456 studione]
1100 1392 1213 1442 Aut
1255 1396 1417 1440 utrum
1447 1400 1629 1450 super-

568 1489 790 1526 vacuum
821 1480 924 1534 est,
947 1479 1036 1521 aut
1057 1486 1118 1519 ne
1137 1486 1153 1519 ε
1187 1476 1277 1518 aut
1301 1475 1449 1517 certe
1463 1465 1632 1524 τμῆσις

566 1552 734 1615 figura
756 1556 857 1610 est,
890 1562 988 1613 pro
1022 1554 1265 1595 utrumne
1304 1540 1546 1599 studione
1575 1540 1631 1588 id

567 1623 668 1680 sibi
705 1628 886 1691 habet,
941 1627 986 1676 si
1031 1626 1199 1676 sciens
1245 1620 1394 1671 laedit
1430 1617 1631 1669 filium?

568 1707 722 1756 Idem.

629 1782 790 1833 Laudi
807 1780 971 1846 putat]
1009 1779 1148 1831 Quia
1165 1775 1385 1839 decipit.
1422 1765 1575 1822 Idem,
1627 1791 1634 1806 ⁸

574 1863 581 1872 “
633 1865 700 1910 29
739 1860 799 1910 Si
815 1858 1082 1923 perdiderit
1099 1853 1328 1919 gnatum]
1361 1853 1430 1902 Et
1445 1864 1631 1913 magno

569 1935 759 1988 affectu
783 1951 888 1986 non
910 1935 1046 1985 dixit
1068 1932 1383 1988 AEschinum‚
1419 1937 1475 1977 et
1505 1923 1633 1977 mire

567 2023 680 2066 non·
695 2013 895 2063 addidit
911 2012 1058 2076 cujus
1077 2015 1308 2074 gnatum.
1350 2006 1502 2055 Idem.

645 2091 728 2140 Vae
749 2092 920 2141 misero
941 2087 1085 2151 mihi]
1124 2085 1243 2134 Hoc
1263 2090 1365 2145 est,
1389 2080 1527 2147 quod
1551 2093 1634 2130 su·

570 2182 668 2233 pra
707 2167 863 2224 dixit,
909 2173 925 2195 ‘
941 2164 1101 2228 AEger
1142 2167 1254 2221 est;
1289 2160 1487 2209 alienus
1533 2171 1634 2206 non

571 2241 721 2295 snm!
753 2246 905 2293 Idem·

580 2355 583 2360 -
626 2317 704 2371 '30
747 2321 919 2370 Videre
937 2316 1369 2378 videorjam·illum
1391 2315 1543 2378 diem]
1568 2313 1637 2363 11-

572 2401 671 2447 lum
691 2396 844 2458 dixit,
875 2394 1023 2459 quasi
1046 2394 1301 2458 quendam
1338 2393 1540 2442 tristem
1577 2403 1639 2440 ac

576 2476 859 2525 funestum.
880 2475 1029 2523 Idem.
1114 2469 1138 2476 ”

643 2556 708 2601 32
743 2551 878 2600 Istue
912 2555 985 2599 est
1021 2547 1206 2613 sapere]
1242 2549 1313 2598 Et
1352 2536 1640 2597 sententias

576 2629 810 2693 loquitur
831 2626 1087 2691 carnifeX,
1110 2640 1259 2676 aures
1284 2625 1421 2674 senis
1445 2622 1641 2671 demul-

574 2720 700 2755 eens
724 2705 892 2754 verbis
926 2718 1026 2753 non
1062 2710 1268 2753 tantum
1303 2700 1638 2766 coquinariis,

576 2791 632 2834 et
655 2783 1038 2847 providentiam
1065 2783 1202 2831 illius
1226 2779 1527 2829 collaudans
1553 2770 1640 2826 ve·

577 2854 776 2910 terator
809 2861 861 2909 in
878 2859 1233 2923 'arrogantiam
1257 2857 1461 2919 ductat,
1485 2855 1638 2905 adeo·

576 2951 677 3002 que
701 2948 944 2987 errorem.
959 2964 964 2970 ·
982 2924 1269 2985 Far-nebim.
1292 2962 1297 2965 ,

612 3026 617 3037 ‘
643 3016 785 3071 Quod
805 3021 915 3064 ante
925 3016 1067 3077 pedes
1075 3013 1208 3061 mdo
1227 3016 1300 3060 est
1313 3008 1497 3072 videre]
1520 3008 1638 3057 Hoc

579 3093 799 3155 sumpsit
832 3090 1002 3140 Poeta
1041 3090 1109 3138 de
1154 3089 1242 3137 illo
1285 3090 1337 3136 in
1371 3085 1639 3150 physicum

580 3170 892 3234 pervulgato
906 3166 1108 3216 ancillae
1129 3165 1291 3225 dicto,
1327 3166 1343 3192 ⁴
1367 3164 1482 3212 Non
1499 3160 1642 3208 videt

581 3245 865 3308 qnod·ante
886 3242 1075 3305 pedes:
1100 3241 1216 3290 coeli
1234 3234 1498 3290 scrutatur
1531 3237 1641 3301 pla·

581 3320 709 3385 gas.’
753 3321 997 3367 Donatus.

590 3408 595 3414 ·
648 3397 780 3444 Ante
797 3394 961 3457 pedes]
997 3394 1106 3443 Cic.
1132 3393 1223 3442 lib.
1247 3404 1309 3440 n.
1332 3391 1398 3439 de
1421 3388 1641 3439 Divina·

585 3473 766 3521 tione:
816 3469 996 3520 ‘Quod
1039 3475 1121 3518 est
1158 3475 1278 3517 ante
1302 3465 1464 3530 pedes
1492 3479 1643 3514 nemo

587 3560 712 3610 spec
721 3552 816 3606 tat,
840 3546 957 3593 coeli
979 3551 1275 3594 scrutantur
1287 3540 1497 3605 plagas.’
1513 3540 1548 3591 J
1553 3556 1644 3589 ux·

586 3630 640 3671 ta
662 3621 785 3669 illud
811 3621 875 3670 de
899 3620 1121 3670 Thalete
1146 3618 1346 3677 tritum,
1365 3617 1452 3680 qui
1475 3616 1664 3665 sidera!

586 3701 948 3763 contemplans
966 3699 1016 3747 in
1035 3698 1270 3748 scrobem
1287 3695 1496 3745 cecidit.
1522 3694 1645 3744 Far-

587 3775 770 3825 nabius.

653 3856 715 3900 33
751 3852 848 3901 Sed
882 3852 1033 3900 etiam
1052 3851 1139 3899 illa
1172 3865 1274 3913 φη
1293 3851 1469 3910 sutura
1509 3850 1646 3913 sunt]

589 3928 765 3992 Magis
788 3928 1009 3976 ridicula
1042 3931 1125 3974 est
1152 3927 1452 3990 assentatio,
1486 3926 1648 3992 siquis

587 4006 812 4054 maxime
844 4003 1087 4053 laudetur
1111 4003 1296 4067 quibus
1317 4004 1538 4053 maxime
1562 4018 1648 4054 ca-

591 4086 691 4132 ret.
723 4075 959 4130 Donatus.
1090 4076 1095 4079 Ἴ

655 4161 719 4206 34
758 4159 929 4206 Isthaee
949 4157 1055 4218 jam
1070 4171 1213 4220 penes
1236 4171 1317 4206 vos
1336 4157 1541 4220 psaltria
1559 4156 1652 4220 est]

590 4235 827 4283 Dicendo
847 4235 998 4297 istaee,
1022 4235 1254 4284 ostendit
1265 4234 1571 4300 jamdudum
1594 4248 1650 4287 se

591 4308 989 4372 hacindignari.
1027 4310 1176 4360 Idem.

1256 399 1469 452 NoTAE
1522 385 1919 447 vAiuoRUM
1973 396 2051 442 m

1764 543 1825 588 ³5
1860 527 2024 587 Ellam'
2043 534 2194 597 intus]
2218 532 2309 597 Ut,
2334 531 2493 581 Ellam
2509 521 2747 593 confidens,
2827 595 2830 596 γ

1697 620 1850 666 catus.
1880 615 2047 665 Idem.

1764 692 1844 740 An
1873 690 2021 739 ‘domi
2069 694 2140 738 est
2180 682 2455 746 habiturus]
2498 678 2743 745 Proprie:

1703 770 1827 832 quia
1849 768 2013 817 haberi
2026 781 2149 816 uxor
2169 765 2386 824 dicitur,
2407 768 2465 812 et
2487 757 2750 809 maimu-

1699 845 1809 910 lie'r,
1833 861 1990 910 quum
2014 845 2139 894 coit.
2176 844 2325 892 Idem.
2677 829 2685 842 '

1772 925 1944 986 Credo,
1988 928 2045 971 ut
2086 927 2157 971 est
2195 917 2456 981 dementia]
2486 916 2574 966 Sic
2618 921 2672 963 et
2703 911 2752 959 iu

1704 1001 1973 1061 Eunucho,
2007 1001 2022 1028 ‘
2047 1000 2174 1067 Eam
2211 1012 2269 1046 se
2300 992 2525 1044 intendit
2558 994 2756 1052 esse‚ut

1703 1083 1787 1127 est
1810 1075 2111 1126 dementia.'
2163 1076 2232 1123 Et
2254 1069 2604 1122 nominativus
2619 1078 2756 1115 casus

1704 1169 1819 1204 esse
1855 1161 2047 1218 potest,
2083 1158 2137 1201 et
2178 1150 2452 1213 septimus.
2519 1145 2577 1195 Si
2609 1143 2757 1206 septi-

1703 1237 1817 1281 mus
1838 1232 2073 1295 perditus,
2108 1235 2198 1279 aut
2232 1225 2356 1291 quid
2381 1225 2507 1285 tale,
2533 1217 2761 1271 subaudi·

1704 1325 1832 1360 mus.
1901 1308 2005 1358 Sed
2027 1307 2211 1356 melius
2235 1302 2616 1353 nominativum
2637 1295 2761 1347 acci⁴

1705 1386 1871 1449 pimus
1895 1398 2089 1434 casum.
2126 1383 2279 1431 Idem.

1769 1467 1834 1511 36
1870 1462 2044 1524 Inepta
2066 1460 2242 1509 lenitas
2275 1456 2453 1519 patris,
2485 1458 2535 1503 et
2555 1449 2765 1513 facilitas

1703 1537 1874 1605 prava]
1900 1539 2116 1599 Lenitas,
2138 1534 2200 1584 ad
2224 1526 2639 1598 *permittendum
2660 1543 2673 1575 τ
2690 1522 2766 1586 sa'·

1705 1616 1884 1676 «tilitas,
1923 1614 1988 1664 ad
2012 1610 2418 1677 agnoscendum.
2447 1609 2524 1657 sic
2549 1606 2763 1672 quidam.

1708 1692 1812 1743 Sed
1849 1707 1946 1756 ego
1984 1681 2228 1741 lenitatem
2264 1687 2331 1738 ad
2369 1687 2661 1737 Micionem
2699 1696 2767 1730 re·

1670 1806 1677 1814 .
1707 1769 1839 1828 fero,
1862 1769 1949 1834 qui
1982 1769 2096 1818 haec
2131 1767 2320 1816 leuiter
2344 1759 2594 1829 patitur}
2618 1760 2769 1822 sacili·

1707 1852 1853 1896 tatem
1889 1846 1954 1894 ad
1978 1844 2293 1901 AEschinum,
2316 1841 2402 1891 cui
2427 1840 2545 1890 haec
2586 1852 2685 1903 -per
2717 1838 2768 1884 li·

1711 1924 1937 1973 centiam
1961 1921 2188 1971 facilitas
2211 1909 2410 1969 datur.¹
2454 1918 2674 1967 Pronum
2694 1928 2771 1963 au·

1709 2009 1817 2051 tem
1854 2005 1955 2064 est,
1994 1990 2222 2064 quod‘et
2263 1990 2438 2061 ipsum'
2475 1996 2632 2046 laedit
2655 1993 2771 2043 faci&

1711 2086 1919 2130 entem:
1956 2079 2151 2140 molum,
2196 2075 2348 2141 quod-²
2388 2075 2520 2125 alios'
2568 2080 2771 2124 tantum.

1715 2157 1956 2205 Donatus.
2736 2170 2740 2173 ’
2767 2163 2770 2168 “

1776 2236 1840 2282 37
1876 2224 2073 2281 Fratris
2104 2246 2178 2279 me
2210 2220 2417 2293 quidmi-
2431 2223 2607 2292 pedet,
2632 2225 2774 2291 piget-

1711 2308 1823 2373 que]
1857 2310 2031 2363 Pudet,
2065 2308 2117 2357 iu
2136 2308 2224 2356 his·
2238 2321 2353 2371 quae
2374 2304 2607 2368 turpiter
2626 2302 2774 2352 facit:

1707 2388 1864 2450 piget,
1891 2386 1940 2435 in
1966 2385 2045 2433 his
2084 2399 2200 2449 quae
2245 2398 2365 2431 cum
2399 2382 2599 2431 damno
2635 2380 2775 2428 malo.

1713 2449 1905 2513 Pudere
1938 2462 2098 2512 etiam
2127 2460 2193 2510 ad
2226 2459 2485 2520 dedecus,
2511 2453 2682 2522 pigere
2719 2454 2773 2505 ad

1705 2540 1947 2590 «dolorem
1969 2538 2218 2588 refertur.
2273 2538 2453 2599 Pudet,
2476 2532 2621 2599 quod
2639 2541 2777 2597 turpe

1715 2624 1835 2668 est:
1868 2617 2025 2680 piget,
2044 2615 2180 2680 quod
2202 2613 2363 2664 dolet.
2398 2613 2559 2664 Idem.

1715 2686 1726 2695 ’
1780 2697 1845 2743 38
1880 2693 2097 2742 Nimium
2115 2692 2245 2740 inter
2266 2706 2380 2754 vos,
2390 2690 2603 2754 Demea]
2639 2696 2781 2740 Mera·

1713 2768 1961 2833 διόρθωσις.
2007 2782 2147 2818 nunc
2193 2768 2329 2817 enim
2384 2767 2651 2817 redditum
2695 2771 2783 2825 est,

1715 2845 1853 2911 quod
1896 2858 2055 2909 supra
2094 2845 2389 2895 dicebatur.
2426 2850 2781 2909 etrpraeteeea

1714 2922 2006 2986 repetendo
2029 2922 2247 2980 nimium,
2279 2919 2618 2972 confirmavit
2640 2934 2780 2982 supe·

1713 3000 1819 3048 rius
1860 3000 2077 3062 dictum,
2118 3006 2175 3047 et
2219 2997 2278 3046 τὸ
2324 2995 2657 3048 creMAme*
2687 3004 2779 3045 non

1714 3076 1887 3126 solvit.
1920 3077 2073 3126 Idem.
2309 3082 2312 3091 '

1778 3158 1843 3204 40
1866 3155 2157 3218 Tuquantus
2179 3152 2409 3217 quantus]
2433 3152 2499 3202 Id
2517 3160 2622 3216 est,
2637 3150 2781 3216 quan·

1715 3238 2030 3296 tuscunque.
2068 3233 2219 3282 Idem,
2431 3264 2434 3267 -
2627 3280 2635 3289 ,

1784 3311 1926 3360 Nihil
1978 3311 2077 3360 nisi
2124 3303 2366 3374 sapientid
2419 3309 2494 3374 es]
2553 3297 2781 3360 Ridicule

1715 3387 1859 3450 prius
1884 3380 2120 3437 additum
2142 3388 2297 3437 nihil.-
2331 3402 2490 3452 quam
2513 3378 2782 3451 quicquam

1716 3462 1886 3512 laudis
1942 3466 2168 3514 nomine.
2238 3464 2458 3514 Deinde
2513 3465 2558 3513 si
2606 3456 2784 3526 sapiens

1717 3541 1960 3604 dixisset,
1981 3556 2084 3591 non
2111 3546 2260 3591 tanta
2284 3547 2433 3590 esset
2456 3539 2662 3591 irrisio:
2700 3535 2782 3586 sed

1716 3617 2391 3682 hyperbolicsss‘accipitur,
2430 3617 2485 3667 id
2523 3624 2624 3675 est,
2665 3613 2779 3664 stul-

1717 3701 1802 3744 tus
1822 3710 1838 3755 ς
1868 3694 1993 3744 nihil
2012 3695 2109 3745 nisi
2129 3693 2372 3758 sapientia
2389 3709 2457 3743 es.
2490 3693 2662 3743 Idem.

1725 3800 1732 3807 ·
1783 3776 1845 3821 41
1885 3773 1995 3836 Ille,
2026 3770 2282 3835 somnium]
2319 3771 2439 3821 Nec
2471 3777 2530 3821 tu
2564 3769 2781 3833 sapiens,

1721 3848 1814 3898 sed
1849 3848 2137 3912 sapientia:
2171 3862 2273 3898 uec
2294 3848 2384 3896 ille
2407 3847 2788 3905 somniculosus,

1707 3924 1811 3987 ‘sed
1838 3925 2111 3974 somnium.
2152 3923 2446 3988 Ὗπερβολή.
2480 3924 2630 3973 Idem.

1788 4001 1980 4051 Sineres
2016 4016 2128 4050 vero
2159 4002 2296 4050 illam
2324 4000 2485 4064 uum]
2519 3999 2602 4048 Ab
2638 4008 2782 4061 argu·

1722 4084 1901 4128 mento
1953 4076 2151 4127 fabulae
2206 4078 2407 4142 repetit
2449 4077 2683 4126 sinerem.-
2733 4078 2786 4121 et

1722 4153 1961 4218 εἰρωνικῶς
1982 4155 2287 4218 interrogat.
2328 4156 2477 4204 Idem.

1787 4236 1853 4281 42
1888 4233 2028 4293 Totis
2042 4248 2129 4281 sex
2166 4231 2427 4297 mensibus]
2469 4230 2616 4294 Totis,
2642 4225 2783 4294 qussi

1639 4342 1645 4348 -
1724 4311 1867 4376 longi
1885 4311 2021 4362 siut:
2044 4311 2197 4369 idest
2217 4310 2606 4376 integris,utne
2634 4319 2783 4356 unum
