3035 4941
537 372 713 439 1406

540 533 610 583 ab
648 529 845 583 adibus
865 526 1332 590 meretricularum,
1354 540 1481 593 quas
1514 526 1596 575 ni-

537 611 635 660 mis
650 609 875 658 libenter
892 605 1151 656 invisebat
1167 605 1455 657 AEschinus.
1487 603 1598 652 Un-

536 689 607 737 de
628 685 923 736 observatio
943 683 995 732 in
1018 682 1285 745 excerptis
1317 696 1347 730 e
1370 680 1598 743 Donato,

535 766 555 798 ‘-
577 764 647 813 Et
668 762 817 825 mire,
839 757 1099 821 fortasse,’
1117 761 1217 808 ὅτε.
1253 758 1417 807 Istam
1442 772 1599 806 vocn-

538 840 659 903 hm,
694 840 713 868 ‘
743 836 938 903 gratis,’
974 853 1004 885 e
1043 834 1296 898 superiori
1337 834 1453 883 loco
1495 834 1599 884 huc

539 915 756 977 retraxi,
777 924 834 964 et
855 928 1034 964 sensus
1057 912 1115 961 id·
1134 912 1382 976 postulat.
1423 912 1595 962 Faber.

600 997 669 1042 40
702 992 855 1041 Fores
873 988 1098 1055 effregit?
1117 987 1452 1053 restituentur]
1471 989 1599 1038 Per·

540 1069 695 1119 venit
720 1068 784 1117 ad
822 1080 1049 1130 presens
1081 1067 1306 1117 crimem
1338 1066 1427 1115 illa
1461 1067 1598 1115 enim

539 1151 662 1195 ante
685 1151 807 1195 scta
827 1142 1052 1193 fuerant.
1085 1142 1325 1192 Donatus.

607 1221 752 1270 Fons
784 1215 1025 1283 effregit?
1075 1217 1414 1282 restituentur]
1482 1219 1601 1269 Non

539 1297 651 1347 sine
687 1309 841 1359 poena
881 1294 1089 1359 quidem
1122 1295 1178 1343 in
1207 1309 1342 1357 eum,
1376 1295 1464 1360 qni
1496 1296 1600 1344 vim

539 1370 759 1437 fecerat,
790 1373 836 1421 si
871 1386 956 1420 res
990 1373 1043 1419 in
1076 1370 1334 1435 judicium
1354 1379 1492 1421 esset
1513 1371 1603 1420 de

540 1449 720 1499 ducta.
784 1447 890 1498 Sed
912 1448 1077 1498 Micio
1097 1459 1265 1497 mores
1289 1455 1344 1498 et
1367 1459 1604 1513 tempora

541 1526 597 1575 in
620 1526 781 1575 oculis
802 1526 987 1576 habet:
1026 1525 1114 1574 ubi
1137 1524 1303 1587 multi,
1323 1525 1389 1574 ob
1410 1525 1600 1574 calum-

541 1603 653 1652 nias
675 1602 843 1652 litium
868 1602 1088 1652 Athenis
1112 1602 1343 1665 usitatas,
1366 1602 1433 1651 ob
1447 1617 1602 1665 spen

540 1679 700 1742 lucri,
742 1688 799 1729 et
841 1680 1035 1729 similes
1085 1693 1287 1740 causas,
1340 1679 1603 1730 maiebant

540 1758 786 1814 omittere
822 1756 1235 1822 persecutionem
1263 1757 1397 1821 juris
1425 1759 1525 1822 sui,
1546 1766 1605 1808 et

542 1834 789 1899 privatin
831 1831 1242 1884 satisfactionem
1282 1849 1344 1884 ac
1386 1837 1603 1886 restitu-

542 1912 740 1961 tionem
760 1905 1021 1975 accipere'.
1089 1910 1220 1962 Quae
1248 1925 1344 1960 »res
1382 1911 1512 1961 aluit
1544 1912 1603 1961 li·

540 1991 766 2041 centiam
796 1989 1164 2053 potentiorum.
1192 2026 1196 2032 .
1229 1988 1500 2038 Describit
1520 2003 1604 2038 ac·

543 2072 729 2116 curate
760 2074 940 2117 noster
971 2063 1108 2115 infra
1134 2072 1246 2116 act.
1270 2079 1337 2115 ιι.
1357 2080 1428 2116 sc.
1451 2070 1498 2116 1.
1525 2080 1602 2116 vs.

541 2146 626 2205 41,
656 2145 758 2192 dcc.
791 2150 849 2192 et
879 2157 955 2192 sc.
988 2155 1052 2191 ιι.
1095 2156 1169 2191 vs.
1205 2141 1405 2202 40,&c.
1471 2142 1605 2191 Erat

543 2220 681 2268 enim
702 2234 784 2269 res
806 2233 924 2268 cum
943 2220 1152 2279 lenone,
1169 2218 1320 2282 cujsis
1351 2218 1506 2266 animi
1531 2216 1603 2266 vi·

541 2295 662 2345 litas
681 2294 975 2359 (descripta
996 2302 1102 2345 act.
1127 2308 1191 2344 11.
1207 2309 1281 2345 sc.
1306 2299 1354 2345 1.
1394 2309 1497 2345 vss.
1522 2299 1605 2347 62.

541 2371 655 2435 58.)
667 2378 923 2434 promtam
939 2372 1259 2436 impunitatis
1271 2387 1414 2436 spem
1431 2381 1604 2423 osten-

543 2450 721 2501 debat.
780 2452 885 2502 Sed
910 2467 1003 2502 car
1034 2465 1139 2503 non
1175 2452 1380 2504 addidit
1406 2454 1601 2504 Micioz

541 2528 860 2579 {Mulierem
896 2530 1124 2593 eripuit?
1162 2530 1452 2580 reddetur?
1502 2531 1603 2582 hoc

546 2605 682 2654 enim
718 2620 923 2670 quoque
959 2607 1166 2656 Demea
1194 2607 1246 2656 in
1281 2622 1372 2657 sua
1395 2620 1603 2658 accusa·

545 2680 814 2745 tione‚cui
835 2697 971 2732 nnnc
1004 2684 1374 2748 respondetur,
1414 2701 1598 2750 posue·

545 2764 665 2808 rat..
716 2759 823 2808 Per
845 2766 1011 2809 artem
1035 2760 1244 2811 reticuit
1280 2768 1444 2826 eaput
1461 2761 1605 2827 flagi·

545 2834 625 2897 tii,
646 2834 712 2884 de
732 2850 834 2901 quo
873 2850 971 2886 nec
1009 2838 1291 2902 responsio,
1323 2853 1489 2903 neque
1528 2855 1606 2890 sa·

543 2910 778 2964 tisfactio
802 2919 909 2963 tam
931 2911 1101 2964 facilis
1123 2914 1343 2965 Micioni
1367 2923 1482 2966 erat
1522 2915 1602 2967 fn-

547 2996 684 3053 tura,
709 2997 987 3056 antequam
1018 2990 1255 3040 -AEscbini
1290 2992 1516 3044 animum
1552 2994 1605 3044 ia

545 3080 609 3116 ea
626 3081 680 3115 re
700 3068 1069 3132 perspexisset.
1108 3066 1364 3118 Boectem.

545 3166 553 3172 ·
613 3145 761 3194 Fores
802 3145 1027 3210 effi-egit]
1079 3146 1222 3197 Citat
1262 3146 1376 3195 haec
1414 3145 1605 3197 Cicero

542 3232 642 3284 pro
662 3222 849 3284 Caelio,
883 3222 977 3272 sub
1000 3235 1221 3286 persona
1252 3222 1473 3272 mitioris
1511 3238 1604 3288 pa

545 3298 658 3348 tris.
723 3299 860 3349 Vide
900 3299 966 3349 ad
1004 3298 1196 3349 Heaut.
1230 3306 1336 3350 act.
1359 3313 1424 3349 11.
1459 3315 1533 3351 sc.
1555 3302 1604 3351 1.

546 3370 837 3426 Famubins.

611 3455 675 3500 41
725 3450 1056 3515 Rssaroietar]
1106 3453 1181 3503 Re
1217 3452 1466 3508 abundat.
1503 3456 1606 3506 Do·

544 3531 703 3575 notas.

612 3607 679 3653 42
715 3604 788 3653 Et
818 3607 942 3654 unde
961 3605 1225 3672 hoecfiant]
1254 3607 1452 3659 Iterum
1487 3608 1607 3658 sub-

546 3679 888 3744 audlendnm‚
908 3686 996 3731 est.
1020 3683 1188 3733 Idem.

554 3787 563 3796 -
616 3757 687 3805 Et
726 3757 881 3806 adhuc
920 3770 1025 3807 nen*
1050 3762 1244 3808 molesta
1284 3760 1421 3825 sunt]
1472 3760 1609 3813 Quia

549 3848 655 3884 non
670 3841 751 3886 est
772 3833 1051 3900 flagitium,
1073 3836 1454 3887 adolescentem
1469 3853 1608 3890 scor-

544 3912 672 3963 tari.
708 3913 860 3964 Idm.

611 3993 676 4038 45
708 3988 789 4039 Ab
807 3989 919 4039 aliis
950 3989 1034 4054 qai
1069 4004 1176 4042 vere
1205 3990 1387 4055 sciunt]
1418 3991 1608 4056 Super-

540 4063 671 4114 bum
686 4063 890 4123 fuisset,
912 4081 1028 4116 oms
1047 4066 1237 4117 dicere.
1263 4069 1454 4121 Melius
1467 4082 1611 4135 ergo,

440 4134 443 4137 ⁴
545 4139 608 4188 ab
627 4141 756 4205 aliis,
779 4142 974 4193 dictum
996 4149 1097 4193 est.
1135 4143 1286 4196 Idem.

613 4219 680 4264 46
725 4218 917 4268 Notum
970 4226 1025 4291 ta
1056 4220 1130 4269 illi
1144 4225 1286 4285 puter
1305 4235 1374 4284 es,
1406 4224 1613 4274 consiliis

546 4289 664 4354 τεο]
684 4293 898 4345 Urbane
922 4295 1086 4347 Micio
1096 4297 1309 4353 amoime
1326 4298 1612 4363 subjunxit.

1237 386 1452 434 uo'rAE
1506 381 1904 433 vunonem
1955 385 2036 450 ιιι

1670 522 1799 574 Plus
1824 524 1956 574 enim
1983 524 2120 575 valet
2144 523 2209 574 ad
2226 523 2432 573 landem
2447 523 2735 588 eonsilium,

1669 616 1819 664 quam
1875 611 2081 652 natura.
2170 602 2241 650 Et
2295 602 2446 650 sinml
2506 603 2738 654 ostendit

1671 677 1839 726 Poeta
1858 676 2044 727 «verbis
2066 676 2328 736 Micionis,
2351 675 2441 741 qui
2466 687 2571 725 non
2596 685 2739 725 ustu-

1671 766 1748 814 ra,
1770 753 1860 802 sed
1888 750 2081 802 affectu
2104 752 2172 802 sit
2193 761 2371 815 pater,
2411 752 2615 801 nullum
2650 766 2743 815 ραι

1672 836 1803 879 trem
1826 841 1942 879 esse
1974 830 2300 894 sapientem:
2336 844 2457 878 eam
2477 839 2607 879 vero
2625 842 2739 889 pos·

1673 921 1729 960 ,se
1752 907 1864 977 sine
1886 907 2279 970 perturbatione
2300 904 2506 971 perfrui
2531 904 2596 955 iis
2618 913 2742 970 quos

1672 990 1829 1045 amat,
1870 999 2021 1048 quem
2056 991 2258 1048 patrem
2304 999 2420 1033 esse
2464 983 2740 1034 consilinm

1671 1057 1875 1122 fecerit,
1896 1074 1997 1109 non
2024 1067 2228 1124 natura,
2275 1061 2374 1110 hoc
2414 1068 2526 1122 est,
2560 1062 2649 1127 qui
2684 1059 2742 1109 fi-

1672 1137 1795 1185 lium
1841 1137 2190 1200 adoptaverit.
2254 1139 2326 1187 Et
2379 1138 2535 1203 mire,
2586 1151 2743 1203 quum

1673 1219 1850 1264 natura
1862 1216 2198 1278 singulariter
2218 1215 2435 1277 dixerit,
2458 1217 2743 1279 pluraliter

1674 1293 1869 1347 intulit.
1902 1293 2240 1356 adaugo.
2274 1294 2444 1344 Idem.

1742 1369 1938 1419 Natum
1958 1375 2012 1419 ta
2031 1370 2110 1420 iun·
2128 1376 2267 1434 peter
2287 1385 2355 1433 es,
2392 1370 2622 1419 cnsili&
2637 1368 2747 1433 ego]

1674 1446 1822 1496 Vidit
1855 1448 2097 1497 Donatus
2135 1448 2187 1496 iu
2233 1463 2359 1497 voce
2400 1448 2622 1497 consitiis
2657 1448 2747 1496 ali·

1675 1523 1800 1588 quid
1826 1524 1954 1574 artis
1996 1531 2054 1573 et
2092 1525 2370 1574 sententiae
2410 1525 2618 1574 latere:
2656 1523 2745 1573 sed

1676 1615 1860 1663 parum
1882 1601 2081 1652 diserte
2104 1602 2394 1666 expedivit.
2448 1603 2654 1652 Veram
2668 1608 2748 1651 est

1676 1678 1967 1741 comparari
1990 1685 2213 1741 patrem,
2247 1693 2400 1744 quem
2438 1687 2639 1728 natura
2676 1677 2746 1727 fe·

1677 1753 1771 1816 cit,
1791 1760 1847 1804 et
1860 1767 2012 1820 quem
2035 1757 2186 1806 ratio.
2234 1758 2363 1806 Cum
2382 1756 2530 1806 enim
2547 1758 2748 1808 Demea

1677 1831 2046 1895 exprobrasset
2085 1833 2323 1897 Micioni,
2363 1833 2507 1899 quod
2545 1841 2747 1898 patrem

1678 1922 1886 1973 gerere,
1907 1908 2020 1959 sive
2038 1910 2203 1974 patris
2221 1909 2391 1962 officio
2408 1909 2563 1972 fungi
2587 1911 2748 1960 nesci·

1678 1991 1781 2047 ret,
1816 1986 1905 2051 qui
1951 2001 2214 2053 nunqnam
2248 1983 2441 2037 liberos
2460 1988 2750 2053 genuisset,

1678 2061 1916 2127 adeoque
1955 2079 2102 2116 suum
2144 2066 2463 2128 exemplum,
2509 2066 2748 2129 quivere

1678 2138 1836 2188 sciret
1856 2140 2027 2203 patria
2041 2142 2218 2190 munia
2232 2140 2404 2203 fungi,
2425 2142 2596 2192 tacite
2617 2156 2751 2191 com·

1679 2215 1985 2280 mendsret3
2018 2220 2306 2283 respondet
2338 2219 2526 2281 Micio,
2559 2235 2619 2268 se
2651 2231 2750 2270 non

1680 2296 1816 2346 tanti
1874 2306 2079 2361 putare,
2140 2297 2279 2363 quod
2335 2303 2549 2355 nattis-a,
2597 2309 2749 2362 quam

1680 2372 1820 2437 quod
1860 2374 1993 2423 ratio
2030 2372 2210 2437 faciat,
2251 2390 2303 2439 q.
2343 2373 2394 2425 d.
2431 2383 2494 2424 tu
2542 2373 2748 2439 quidem

1680 2457 1870 2501 natura
1886 2451 2127 2502 AEscliino
2150 2460 2306 2516 pater
2343 2465 2419 2516 es,
2454 2458 2622 2518 atque
2658 2451 2751 2501 boe

1678 2526 1949 2579 fortuitum
1972 2536 2088 2580 est:
2126 2530 2220 2580 sed
2254 2545 2354 2594 ego
2367 2530 2456 2595 qui
2480 2529 2753 2580 destinate

1680 2605 1947 2669 proposito
1968 2621 2031 2656 ac
2054 2606 2346 2656 deliberato
2370 2608 2549 2656 animo
2574 2618 2749 2671 perso·

1678 2695 1795 2732 nam
1828 2682 1994 2747 patris
2024 2684 2079 2734 in
2103 2684 2406 2747 adoptatum
2429 2683 2602 2741 indui,
2633 2683 2752 2732 nium

1680 2760 2047 2826 praetermitto,
2086 2762 2215 2827 quin
2254 2762 2332 2811 ita
2370 2760 2418 2810 ei
2465 2761 2751 2821 consulam,

1677 2832 1816 2885 sicut
1840 2836 2017 2887 liberis
2040 2837 2242 2888 consufi
2263 2840 2469 2902 ‘aequum
2489 2843 2597 2886 est.
2653 2835 2750 2883 Pa·

1680 2912 1780 2961 tris
1801 2913 1934 2962 enim
1953 2915 2218 2978 proprium
2241 2920 2343 2977 est,
2364 2911 2547 2962 liberis
2568 2925 2751 2960 consu*

1677 2988 1808 3039 lere.
1843 2991 2102 3040 Baeczerus

1743 3069 1808 3114 47
1828 3065 1947 3116 Tuu’
1967 3063 2753 3130 ωπσιιιίοφιὶἀφιαωΓΑρεηίοι

1679 3144 2034 3195 contumelia·
2061 3151 2117 3195 et
2140 3144 2259 3193 ideo
2290 3143 2529 3208 sequitur
2554 3143 2752 3193 denun-

1684 3221 1832 3273 tiatio
1855 3221 2146 3274 discededi.
2179 3221 2419 3272 Donatus.

1680 3335 1684 3339 -
1751 3301 1875 3350 Tua'
1893 3302 2099 3351 consulis
2117 3299 2401 3364 quidquam]
2434 3297 2582 3349 Quia
2602 3297 2749 3359 dixit,

1680 3379 1893 3429 consiliis
1912 3393 2000 3441 ego
2024 3383 2166 3443 pater
2201 3391 2308 3427 sum
2325 3392 2345 3435 ‚-
2395 3390 2427 3423 a
2462 3373 2755 3439 conjugatis

1682 3462 2077 3519 argumentatus
2118 3452 2410 3518 respondit,
2444 3450 2753 3500 Tun’com·

1681 3533 1743 3582 lis
1765 3533 2056 3596 quidquam?
2085 3532 2207 3596 quia
2240 3544 2270 3579 a
2300 3528 2630 3579 consulendo
2650 3539 2753 3574 cou-

1677 3612 1793 3665 cilia
1809 3611 2075 3668 dicuntur,
2097 3618 2153 3660 et
2176 3609 2483 3659 consultores.
2517 3605 2691 3655 Idem.

1748 3686 1809 3737 δι’
1842 3688 2022 3752 pergis,
2050 3686 2235 3750 abiero]
2288 3687 2377 3747 Ut,
2410 3687 2427 3713 ‘
2447 3684 2639 3734 Donec
2675 3692 2754 3732 me

1681 3761 1894 3814 flumine
1918 3764 2036 3814 vivo
2060 3761 2331 3814 Abluero.’
2372 3761 2523 3810 Idem.

1749 3841 1811 3891 δι’
1842 3842 2025 3905 pergis,
2074 3840 2260 3904 obiero]
2302 3836 2617 3903 Ἀρχσιϊσμὺς,
2645 3850 2753 3901 -pro

1677 3917 1839 3968 «bibo.
1903 3910 1976 3969 Et
2012 3918 2130 3980 hoc,
2171 3922 2323 3982 gestu
2368 3916 2633 3978 abeuntis,
2676 3913 2753 3963 vel

1686 3995 1877 4046 abituri
1891 3994 2283 4059 pronunciatur.
2315 3994 2470 4042 Idm.

1748 4076 1814 4122 48
1866 4072 2054 4121 Siccine
2093 4071 2225 4136 egis]
2258 4070 2446 4133 Recte,
2486 4069 2615 4135 qnia
2641 4070 2749 4132 jam

1676 4148 1903 4199 ebibat:
1953 4148 2104 4213 quasi
2144 4146 2438 4197 revocantis
2487 4144 2749 4210 correptio

1685 4231 1785 4276 est.
1821 4226 1971 4276 Idem.

1675 4322 1680 4327 ’
1750 4302 1832 4352 Aa
1851 4316 1939 4366 ego
1955 4301 2174 4365 totiens}
2190 4300 2310 4352 Hoc
2341 4310 2653 4353 conversum
2673 4299 2745 4347 in-
