3035 4941
519 390 692 455 1440

521 543 704 595 matris
747 542 989 607 pactione
1033 541 1368 594 consenserit.
1452 542 1583 593 Tale

523 622 660 672 euim
684 620 727 669 si
759 619 884 684 quid
916 617 1113 669 factum
1146 628 1308 683 esset,
1338 632 1481 683 spem
1516 618 1585 668 de

521 706 717 749 eventu
761 697 868 747 litis
904 696 1152 758 imminui,
1188 696 1319 745 haud
1360 695 1583 745 obscure

436 786 451 800 ‘
518 775 759 824 Sostrata
779 772 994 822 indicat.
1047 772 1288 822 Secundo
1313 772 1479 835 legem
1506 769 1586 820 fu-

521 851 623 900 isse
657 849 896 909 Athenis,
915 849 1033 897 hinc
1057 848 1317 911 discimus,
1339 862 1451 913 quae
1474 852 1586 896 stu-

523 931 786 989 pratorem
811 929 1026 986 cogeret
1048 928 1332 985 stupratam
1365 921 1586 981 ducere;

522 1000 755 1064 nisirquis
788 1000 947 1048 vellet
977 1000 1245 1061 graviores
1282 1011 1458 1061 poenas
1494 1010 1585 1046 ex-

523 1083 759 1139 pectare.
793 1089 891 1124 nec
929 1073 1236 1135 parentibus
1271 1071 1586 1135 stupratoris

524 1145 622 1219 per
644 1154 773 1202 lianc
808 1151 974 1213 legem
1003 1149 1212 1200 licuisse
1245 1148 1593 1210 intercedere,

527 1244 626 1293 quo
650 1227 816 1276 miuus
840 1226 892 1273 id
918 1225 1083 1275 lieret.
1122 1240 1241 1275 nam
1275 1225 1413 1291 quod
1439 1241 1469 1274 a
1503 1239 1588 1288 pa-

525 1303 760 1355 rentibus
782 1302 1035 1351 exorabat
1053 1302 1187 1351 hunc
1200 1316 1507 1351 consensum
1527 1300 1587 1349 fi-

525 1381 624 1429 lius
642 1385 929 1441 stuprator,
947 1377 1039 1443 (de
1062 1393 1164 1442 qua
1185 1393 1241 1427 re
1266 1388 1320 1427 et
1337 1378 1424 1427 hic
1445 1392 1588 1427 men-

441 1484 450 1491 ·
527 1457 602 1505 tio
634 1453 740 1518 fit,)
761 1455 810 1503 in
852 1469 915 1504 eo
949 1463 1158 1503 servata
1187 1459 1268 1503 est
1298 1454 1591 1504 reverentia

525 1531 738 1597 pudoris
760 1531 1024 1580 naturalis.
1057 1529 1280 1583 Quodsi
1301 1536 1473 1579 autem
1495 1544 1589 1578 no-

527 1608 711 1657 luisset
736 1621 961 1656 annuere
999 1614 1170 1671 pater,
1199 1605 1430 1656 futurum
1456 1611 1591 1668 erat,

523 1683 632 1734 ‘Ut
660 1684 752 1748 jus
789 1697 905 1732 eum
942 1681 1190 1745 cogeret?
1253 1682 1400 1732 Sicut
1435 1687 1516 1731 est
1538 1682 1593 1731 in

527 1769 630 1812 act.
654 1776 742 1813 ιιι.
769 1778 844 1812 sc.
866 1766 916 1813 4.
953 1777 1027 1812 vs.
1048 1766 1134 1825 44,
1165 1766 1264 1813 &c.
1334 1763 1511 1815 Quare
1536 1764 1592 1811 in

528 1839 797 1890 Comoedia
818 1846 992 1903 patres
1012 1840 1189 1890 statim
1213 1839 1447 1889 videmus
1470 1853 1591 1889 con-

527 1916 739 1978 sentire,
760 1922 819 1965 ut
860 1916 1081 1979 primum
1116 1915 1434 1976 constiterit,
1462 1913 1592 1963 libe-

528 2006 599 2040 rae
622 1991 805 2055 virgini
823 2006 853 2040 a
872 1992 975 2040 suis
996 1991 1176 2040 vitium
1192 1990 1423 2039 oblatum
1443 2004 1558 2038 esse
1575 2004 1592 2050 ;

527 2068 769 2131 huncque
789 2068 948 2117 veluti
968 2067 1250 2115 sollenuem
1269 2066 1477 2116 titulum
1503 2080 1593 2114 ex-

531 2142 777 2206 pediendi
803 2141 1018 2207 periculi
1043 2142 1238 2193 Comici
1277 2142 1473 2192 haberi.
1503 2155 1595 2190 ne-

528 2233 630 2283 que
653 2219 790 2268 enim
823 2218 958 2267 idem
994 2218 1126 2281 juris
1157 2217 1259 2269 fuit
1300 2219 1352 2267 iu
1386 2225 1595 2282 stupra·

531 2301 664 2351 tore,
683 2294 819 2359 quod
844 2296 895 2343 iu
920 2301 1146 2357 rapt-ore.
1194 2296 1280 2345 De
1304 2310 1407 2359 quo
1427 2294 1595 2359 (apud

530 2372 610 2420 Μ.
646 2373 833 2422 Senec.
872 2371 1120 2420 Controv.
1173 2384 1236 2421 ιι.
1282 2374 1361 2422 11.
1393 2376 1449 2420 et
1491 2371 1596 2419 Ex·

531 2453 701 2512 cerpt.
740 2461 804 2498 11.
840 2447 913 2510 3.)
948 2447 1031 2498 lex
1053 2452 1194 2497 eratz
1230 2449 1462 2513 ‘Raptor
1498 2446 1596 2498 nisi

505 2539 676 2574 snum
698 2531 790 2574 aut
815 2532 979 2588 raptae
1007 2533 1207 2588 patrem
1232 2526 1370 2575 intra
1393 2525 1596 2589 trigesi-

534 2614 670 2648 mum
697 2598 834 2649 diem
871 2600 1184 2664 exoraverit,
1222 2600 1440 2665 pereat-²
1477 2615 1594 2651 cum

532 2675 823 2738 e3=aliunde
847 2681 1071 2734 constet,
1096 2676 1301 2729 Graecis
1335 2681 1386 2729 in
1411 2687 1596 2745 stupro

530 2755 785 2820 mitiores,
809 2772 959 2822 quam
979 2764 1168 2821 postea
1197 2760 1461 2822 Romanis,
1484 2761 1595 2824 pla-

532 2834 697 2882 cuisse
722 2847 917 2896 poenas.
983 2831 1085 2896 Ac,
1108 2848 1174 2884 ne
1207 2836 1397 2898 prolixi
1421 2836 1597 2900 simus,

532 2911 577 2963 si
612 2917 849 2975 stuprum
876 2911 1092 2961 Athenis
1132 2913 1360 2976 capitale
1395 2912 1597 2972 fuisset,

533 2987 850 3036 Comoediam
871 3002 973 3037 non
991 2988 1354 3052 ingrederetur
1376 2989 1477 3041 hoc
1500 2992 1601 3041 cri

533 3077 674 3125 men,
697 3063 750 3111 iu
775 3078 878 3127 qua
899 3063 1066 3113 omnis
1088 3065 1208 3114 dica
1230 3065 1364 3115 citra
1396 3067 1599 3130 saugui-

533 3152 654 3188 nem
691 3139 929 3204 citraque
966 3141 1252 3203 periculum
1286 3143 1473 3206 capitis
1505 3143 1606 3192 im-

534 3216 790 3280 pingitur.
853 3217 1021 3266 Porro
1060 3217 1394 3282 intelligitur,
1436 3219 1600 3269 actio-

530 3305 649 3341 nem
688 3292 875 3356 stupri,
899 3293 1204 3357 interposita
1240 3295 1600 3347 satisfactione

531 3376 589 3418 et
612 3369 924 3418 matrimonii
952 3371 1345 3435 pollicitatione,
1367 3374 1484 3423 tolli
1510 3389 1600 3438 po-

535 3446 712 3510 tuisse,
752 3454 810 3496 ut
852 3447 1271 3514 ‘Ignosceretur,
1317 3458 1601 3514 taceretur,

533 3521 876 3585 crederetur,’
901 3523 1017 3588 (ιιι.
1034 3529 1084 3577 4.
1103 3526 1206 3589 28.)
1225 3527 1299 3583 ita
1314 3535 1503 3590 tamen,
1523 3533 1601 3592 ut,

535 3598 833 3648 conditione
879 3615 979 3650 nou
1028 3603 1261 3668 impleta,
1307 3603 1601 3670 violatoque

523 3674 893 3766 jureJurando,
919 3680 1053 3742 quod
1089 3680 1437 3730 adhibebatur
1467 3680 1601 3746 fere,

535 3757 777 3814 repetere
795 3753 1033 3805 omissam
1058 3756 1316 3806 actionem
1339 3758 1601 3823 integrum

535 3831 689 3875 esset.
755 3828 860 3878 Sed
903 3830 968 3881 de
1009 3833 1106 3880 hac
1142 3845 1218 3893 re,
1252 3832 1439 3883 iterum
1477 3835 1601 3884 alibi

533 3901 812 3954 dicendum
851 3907 972 3956 erit.
1039 3908 1267 3959 Videtur
1311 3917 1485 3959 tamen
1524 3910 1604 3975 iis,

533 3995 650 4044 quae
708 3984 987 4047 posuimus,
1016 3998 1333 4049 ‘repugnare
1378 3987 1462 4036 lex
1516 3988 1603 4038 illa

533 4060 651 4119 qu'ae
674 4057 728 4106 in
753 4058 1032 4122 Excerptis
1051 4060 1128 4110 M.
1148 4060 1270 4111 Sen.
1290 4076 1414 4114 v111.
1436 4068 1487 4114 6.
1509 4065 1601 4114 ha-

530 4130 726 4182 betur:
772 4134 788 4161 ⁸
813 4134 1013 4185 Vitiata
1046 4136 1300 4188 vitiatoris
1336 4147 1428 4189 aut
1467 4154 1602 4190 mor-

533 4217 640 4259 tem
663 4220 750 4261 aiut
774 4211 1034 4263 indotatas
1058 4214 1265 4279 nuptias
1283 4215 1464 4279 optet.’
1494 4216 1604 4268 Sed

529 4285 617 4334 hic
642 4287 855 4338 vitiator
890 4288 1030 4341 idem
1062 4297 1145 4341 est
1187 4291 1277 4357 qui
1315 4298 1511 4358 raptor,
1546 4300 1602 4344 et

1215 402 1428 451 No'rAE
1476 399 1813 450 vamum)
1826 400 1878 447 M
1927 398 2008 447 m

1659 555 1778 592 cum
1814 546 1968 604 raptu
2005 536 2186 588 vitium
2222 536 2423 586 illatum
2455 530 2710 597 conjungi-

1658 623 1762 680 tur,
1784 616 1918 667 sicut
1934 614 2187 678 subjectae
2204 616 2494 661 monstrant
2510 616 2713 657 senten-

1658 694 1767 744 tiae.
1835 692 2063 756 Insignis
2087 691 2238 755 plane
2260 689 2403 738 locus
2427 692 2509 736 est
2539 685 2591 734 in
2615 682 2714 732 Ac-

1659 770 1800 820 tione
1821 768 2056 832 Neptuni
2079 765 2215 831 apud
2234 764 2512 815 Libanium
2535 760 2717 811 adver·

1659 861 1745 896 sus
1789 845 2050 894 Martem:
2106 856 2260 907 quem
2309 840 2398 890 hic
2446 843 2721 887 annotasse

1659 937 1834 987 operae
1889 922 2114 986 pretium
2139 943 2148 954 ·
2171 917 2349 968 fuerit.
2439 915 2719 978 Neptunus

1661 998 1799 1047 enim
1834 996 1925 1059 ibi,
1959 1010 2079 1046 cum
2111 999 2355 1056 stuprum
2385 991 2441 1041 in
2462 988 2723 1052 Alcippen

1660 1088 1764 1126 non
1808 1072 2136 1123 contumeliae
2193 1069 2286 1120 sed
2334 1066 2524 1119 amoris
2564 1079 2726 1115 causa

1662 1148 1855 1200 factum
1892 1165 1925 1199 a
1958 1147 2066 1197 filio
2103 1162 2196 1197 suo
2250 1143 2520 1195 confessus
2565 1147 2731 1201 esset,

1662 1226 1855 1275 nullam
1891 1225 1943 1274 id
1969 1231 2244 1289 peccatum
2269 1234 2498 1286 poenam,
2520 1218 2604 1268 vel
2626 1231 2731 1265 ma-

1653 1305 1822 1368 jorem
1843 1302 1924 1352 vel
1938 1302 2211 1362 minorem,
2221 1297 2473 1361 consequi
2489 1294 2733 1343 debuisse

1663 1379 1924 1440 ostendit3
1960 1379 2050 1428 sed
2076 1377 2385 1428 servandam
2411 1372 2574 1423 fuisse
2608 1368 2731 1420 con-

1665 1455 1992 1507 suetudinem
2018 1454 2207 1519 passim
2230 1452 2371 1501 iuter
2392 1449 2626 1499 homines
2655 1459 2733 1494 re-

1664 1540 1894 1597 ceptam,
1915 1539 1975 1581 nt
2008 1538 2243 1594 stuprum
2274 1524 2610 1577 matrimonio
2646 1536 2740 1571 ex·

1666 1610 1915 1675 piaretur.
1982 1606 2161 1656 Verba
2197 1610 2318 1653 sunt
2357 1600 2648 1652 notabilia·
2682 1598 2741 1646 Τί

1666 1684 1749 1738 οὖν
1771 1687 1827 1736 ἐκ
1856 1687 1952 1735 τῶν
1984 1686 2066 1733 νῦν
2091 1679 2340 1748 εἰρημένων
2370 1678 2629 1737 &herman
2680 1674 2740 1723 τὸ

1666 1762 1797 1823 δίκης
1812 1762 1901 1825 μὲν
1920 1761 1987 1823 μὴ
2007 1759 2121 1810 εἶναι
2140 1757 2317 1823 καιρὸν,
2346 1755 2469 1819 μήτε
2500 1752 2742 1817 μείζονος,

1665 1838 1787 1901 μήτε
1824 1837 2095 1888 ἐλάττονος·
2139 1835 2309 1897 γάμων
2344 1831 2396 1882 δὲ
2433 1830 2513 1886 καὶ
2547 1827 2744 1879 παστά-

1667 1920 1774 1967 δων.
1828 1916 1895 1965 ‘O
1928 1914 2007 1965 καὶ
2042 1912 2170 1978 παρὰ
2201 1914 2304 1961 τοῖς
2325 1909 2605 1975 ἀνθρώποις,
2628 1906 2716 1956 ὑπό

1665 2012 1759 2043 ταν
1806 2012 1857 2042 τι
1911 1993 2101 2056 πραχθῇ
2140 1990 2376 2048 τοιοῦτον,
2434 1986 2618 2049 κροτεῖ,
2663 1982 2748 2033 καὶ

1668 2071 1875 2133 χρῶνται
1904 2071 1976 2131 τοῦ
2014 2065 2248 2131 συμβάντι
2276 2063 2395 2129 πρὸς
2424 2060 2595 2125 γάμων.
2633 2061 2751 2110 Bw

1666 2150 1835 2197 clerus·

1733 2227 1797 2273 52
1834 2221 2101 2286 Expefiar]
2136 2218 2293 2285 Apud
2321 2218 2533 2283 judices
2564 2230 2746 2281 agam.

1669 2302 1908 2352 Donatus.

1711 2378 2002 2442 Experior]
2057 2376 2348 2439 Actionem¹
2379 2370 2660 2424 intendam
2690 2371 2751 2419 in

1661 2456 1878 2520 judicio.
1947 2455 2061 2506 Cic.
2085 2467 2178 2518 pro
2217 2452 2473 2505 Quintio:
2508 2448 2593 2500 ‘Si
2618 2448 2753 2513 quid

1671 2533 1721 2581 in
1744 2531 2148 2582 controversiam
2170 2529 2398 2591 veniret,
2418 2530 2556 2579 intra
2578 2526 2759 2626 parie-

1672 2615 1771 2670 tes,
1795 2616 1887 2657 aut
1910 2622 2109 2657 summo
2117 2621 2238 2671 Jure
2257 2604 2599 2721 experietur?
2618 2605 2754 2655 For-

1669 2685 1852 2735 nobius.
2749 2714 2759 2723 .

1740 2760 1871 2818 Quid
1901 2761 2051 2824 istuc]
2085 2721 2320 2810 Verbum
2352 2766 2436 2809 est
2460 2773 2602 2823 aegre
2623 2771 2758 2808 con
2785 2764 2796 2783 ⁸

1672 2838 1987 2888 sentientis·
2023 2837 2168 2901 quasi
2191 2836 2277 2902 qui
2308 2835 2474 2899 dicat,
2496 2834 2637 2892 Quid
2661 2834 2755 2884 bic

1673 2913 1945 2963 resistam?
1981 2913 2221 2962 Donatus.

1737 2991 1921 3040 Accedo
1964 2995 2021 3038 ut
2058 2988 2225 3038 melius
2257 2989 2417 3053 dicos]
2450 2986 2512 3036 Id
2550 2992 2652 3044 est,
2686 2950 2758 3036 ut

1672 3067 2011 3130 consentiam,
2034 3066 2177 3115 velut
2219 3066 2307 3130 qui
2345 3065 2528 3115 melius
2552 3063 2757 3128 possim

1675 3143 1874 3193 dicere.
1908 3144 2058 3193 Idem.
2253 3200 2256 3201 ⁷

1743 3219 1875 3274 Quia
1897 3216 2089 3270 isthuc?
2119 3218 2307 3276 accedo,
2329 3221 2386 3266 ut
2407 3216 2573 3266 melius
2594 3217 2761 3281 dieas]

1678 3298 1836 3348 Multi
1867 3298 1952 3348 hic
1992 3314 2049 3348 se
2081 3304 2350 3362 torquent,
2384 3312 2503 3347 meo
2538 3297 2758 3362 quidem

1665 3375 1888 3439 judicio,
1919 3374 2114 3426 frustra
2141 3392 2154 3425 ι
2194 3385 2276 3425 est
2303 3375 2505 3426 dictum
2543 3377 2762 3436 servile,

1676 3464 1741 3500 ex
1763 3452 2061 3502 vernilitate
2085 3457 2143 3502 et
2161 3452 2480 3515 loquacitate
2506 3452 2642 3501 illius
2665 3467 2761 3516 ge-

1676 3528 1843 3578 neris:
1884 3528 1958 3577 nil
1983 3528 2143 3578 aliud.
2195 3527 2393 3577 Servus
2417 3529 2554 3578 enim
2579 3528 2756 3591 loqui-

1678 3611 1780 3655 tur.
1827 3606 1965 3656 Gall.
2008 3605 2091 3655 HA
2124 3605 2251 3669 bien,
2286 3606 2536 3662 Madame,
2558 3605 2619 3668 je
2649 3606 2760 3655 suis

1674 3683 1734 3730 de
1765 3688 1922 3731 vostre
1953 3681 2078 3738 avis,
2106 3696 2318 3745 pourveu
2351 3697 2444 3745 que
2480 3696 2601 3731 vous
2637 3698 2761 3746 αμα
2799 3716 2806 3719 -

1678 3764 1947 3809 tout-autre
1963 3759 2135 3824 penses
2168 3775 2255 3822 que
2282 3761 2471 3810 celle-ld
2482 3774 2505 3817 ‚·
2536 3774 2624 3808 our
2643 3774 2762 3819 vous

1677 3835 1786 3886 u’en
1807 3837 1991 3886 σαυνία
2011 3836 2149 3886 avoir
2170 3837 2230 3885 de
2244 3835 2375 3898 pire.
2411 3835 2600 3885 Faber.

1749 3914 1992 3969 Quantum
2021 3919 2159 3977 potes
2191 3911 2295 3975 abi]
2328 3913 2496 3962 Deest
2526 3912 2659 3962 cito.-
2695 3919 2760 3964 ut

1679 3990 1769 4051 sit,
1813 3998 2065 4054 quantum
2106 3997 2278 4055 potes,
2327 3989 2435 4041 cito
2486 3989 2590 4040 abi.
2651 3990 2760 4042 Do-

1679 4072 1837 4117 παίω.

1741 4146 1807 4192 53
1839 4141 1999 4208 Atque
2039 4142 2279 4207 Hegioni]
2328 4090 2486 4207 Apud
2532 4143 2762 4192 Menan·

1679 4219 1828 4270 drum
1841 4221 2092 4270 Sostratae
2110 4219 2277 4270 frater
2290 4219 2575 4269 inducitur.
2602 4219 2762 4269 Iden.

1748 4296 1936 4360 Huius]
1970 4298 2117 4348 Filiae
2140 4311 2247 4347 suae
2271 4297 2492 4349 scilicet.
2533 4296 2694 4345 Iden.
