3035 4941
550 311 724 378 1254

551 468 914 536 pronunciavit
924 467 1188 519 Theocriti
1204 468 1454 532 Daphnis,
1463 468 1603 532 Idyl.

552 563 632 598 vl.
665 549 680 575 ‘
699 547 847 596 Heus
884 560 1031 610 puer,
1056 547 1228 594 vinum
1251 544 1413 595 funde
1443 559 1606 594 mera-

552 625 682 681 cius,
738 631 795 674 ut
841 624 980 673 illam
1025 620 1301 671 formosam
1345 621 1554 670 reddam
1572 622 1607 683 ;’

550 701 884 764 Anacharsis,
903 716 1020 750 cum
1044 714 1109 749 ex
1133 699 1363 749 convivis
1394 700 1605 763 quidam

549 781 785 842 dixisset,
820 792 1032 828 uxorem
1067 778 1231 841 ipsum
1264 775 1472 826 duxisse
1495 776 1604 826 ‘de-

546 854 785 906 formem.
823 853 1108 904 Farnobium.

615 939 644 982 5
685 934 826 981 Certe
848 935 916 979 tu
922 930 1108 993 quidem
1122 928 1225 992 pol]
1285 929 1357 978 Et
1384 929 1529 979 Certe
1548 935 1605 979 et

550 1010 663 1070 Pol,
708 1007 822 1056 haec
862 1004 1014 1066 dixit,
1056 1014 1114 1053 ut
1159 1013 1437 1067 appareret
1468 1005 1602 1053 hanc

551 1099 674 1135 vere
694 1082 853 1146 loqui,
877 1096 990 1145 quae
1014 1080 1187 1129 sobria
1204 1086 1315 1129 est:
1352 1081 1494 1130 illum
1516 1096 1602 1130 ve·

548 1175 609 1210 ro
649 1174 715 1209 ex
746 1159 864 1222 qino
906 1156 1033 1206 falli.
1100 1158 1172 1206 Et
1200 1156 1499 1213 honorifice,
1524 1164 1602 1207 at·

549 1243 653 1301 que
674 1243 735 1285 ut
755 1236 947 1295 sobria,
960 1249 1064 1283 non
1080 1234 1231 1297 dixit,
1252 1234 1604 1297 temulentior,

549 1322 641 1362 aut
663 1311 922 1372 lascivior,
941 1312 1030 1360 sed
1057 1312 1292 1360 alacrior.
1332 1312 1568 1363 Donatus.

619 1390 763 1439 Certe
803 1393 856 1437 tu
892 1389 1079 1451 quidem
1106 1388 1212 1451 pol]
1261 1387 1419 1438 Liber
1447 1389 1602 1438 Bem-

546 1463 696 1514 binus
737 1468 881 1514 certo.
920 1463 1057 1565 quod
1092 1464 1354 1527 antiquius
1375 1464 1601 1514 videtur.

550 1541 783 1591 Faernus.

613 1619 773 1668 Multo
818 1618 1042 1682 hilarior]
1094 1618 1299 1669 Quaerit
1345 1618 1600 1683 Guyetus,

546 1693 687 1744 nude
742 1694 979 1744 Muretus
1029 1694 1217 1745 habeat
1271 1694 1330 1743 τὸ
1376 1696 1603 1760 euenor,

545 1770 684 1834 quod
709 1771 942 1833 praetulit
975 1771 1045 1832 τῷ·
1078 1769 1317 1821 hilar-ior?
1381 1773 1462 1821 Ex
1482 1773 1601 1829 ‚Do-

543 1854 670 1897 nato
689 1847 865 1897 habet.
888 1847 1031 1911 cujus
1054 1848 1154 1897 ista
1182 1856 1265 1897 est
1295 1848 1598 1900 annotatio:

542 1923 561 1952 ⁸
584 1925 702 1976 Non
724 1924 857 1973 dixit
870 1924 1218 1988 temulentior,
1234 1932 1325 1975 aut
1342 1923 1602 1990 lascivior,

545 1999 638 2049 sed
662 2001 919 2052 alacrior!
957 2002 1217 2053 Boeclerus.

577 2107 582 2114 ·
608 2082 642 2127 6
679 2066 887 2129 'Verbum
906 2079 1061 2129 hercle
1080 2077 1188 2141 hoc]
1238 2079 1458 2143 Verbum,
1483 2094 1601 2143 pro·

542 2155 794 2206 verbium.
830 2164 890 2205 ut
921 2156 1055 2205 idem
1081 2156 1133 2205 in
1157 2156 1388 2207 Andria=
1431 2160 1447 2187 ⁸
1469 2159 1600 2207 Ver-

540 2230 663 2281 bum
682 2232 809 2280 illud
833 2247 1009 2282 verum
1034 2241 1134 2295 est,
1156 2235 1309 2297 vulgo
1332 2233 1468 2298 quod
1491 2233 1598 2284 dici

542 2307 711 2357 solet!
744 2309 980 2358 Donatus.

547 2405 550 2408 ·
606 2382 726 2433 Siue
751 2384 924 2433 Cerere
956 2388 1005 2433 et
1036 2384 1208 2433 Libero
1226 2385 1390 2446 friget
1417 2385 1597 2449 Venus]

541 2460 664 2511 Hoc
696 2460 740 2509 si
776 2460 842 2510 ad
878 2462 1189 2511 sententiam
1225 2476 1456 2524 revoces,
1491 2474 1595 2513 non

539 2528 814 2586 conveniet
856 2537 1035 2587 ebrio:
1069 2538 1112 2586 si
1144 2538 1210 2588 ad
1254 2538 1595 2601 petulantiam

541 2627 694 2677 quam
712 2613 743 2642 ⁴*
763 2613 839 2662 sic
862 2620 983 2662 ante
1003 2612 1200 2663 dictum
1220 2621 1319 2665 est.
1386 2616 1519 2665 Nam
1539 2624 1594 2666 et

537 2690 826 2753 improbior
856 2689 1033 2741 factus
1078 2699 1177 2742 est.
1213 2700 1268 2741 et
1301 2707 1455 2756 quum
1493 2702 1596 2745 tro·

535 2766 659 2830 pice
695 2767 897 2816 locutus
933 2767 1023 2829 sit,
1054 2768 1477 2818 tumeam-dinem
1501 2782 1592 2819 na-

540 2843 757 2891 turalem
774 2843 999 2892 servavit
1014 2858 1028 2891 ε
1052 2857 1168 2891 nam
1188 2843 1407 2906 primum
1423 2845 1593 2907 cibus,

538 2917 728 2969 deinde
763 2928 937 2983 potus,
959 2927 1220 2983 postremo
1241 2920 1403 2970 libido
1438 2928 1592 2971 vene-

536 3010 645 3046 rea.
711 2996 885 3060 Friget
907 3004 1100 3060 autem,
1131 3000 1254 3062 quia
1275 2999 1439 3047 omnis
1461 2998 1595 3062 ejus-

535 3073 680 3133 modi
725 3075 962 3138 voluptas
1011 3074 1062 3123 in
1112 3076 1285 3124 calore
1329 3076 1591 3140 sanguinis

536 3148 824 3198 constituta
861 3156 962 3212 est,
998 3149 1088 3214 qui
1117 3150 1195 3199 his
1228 3150 1383 3200 rebus
1412 3152 1590 3203 alitur.

529 3222 608 3272 'Et
664 3225 834 3287 Friget
892 3226 1121 3289 proprie,
1182 3240 1283 3276 non
1340 3229 1588 3278 adliaeret.

531 3297 854 3348 Translatum
895 3300 1031 3348 enim
1061 3301 1155 3349 hoc
1192 3302 1517 3365 proverbium
1559 3318 1591 3353 a

532 3372 800 3438 picatione
842 3390 1100 3437 vasorum,
1138 3392 1253 3441 quae
1288 3377 1481 3442 frigida
1513 3381 1591 3444 pi-

532 3463 648 3500 cem
665 3465 767 3498 non
791 3457 992 3514 tenent,
1010 3467 1165 3516 quum
1180 3454 1279 3503 alia
1298 3457 1461 3504 multa
1482 3471 1591 3506 me-

529 3526 664 3575 liora
686 3527 789 3575 sint
810 3529 873 3575 ad
895 3542 1039 3577 usum
1062 3529 1270 3592 frigida,
1299 3539 1357 3580 ut
1378 3529 1589 3591 ferrum,

524 3609 829 3667 argentum,
851 3618 1048 3667 aurum,
1070 3612 1120 3652 et
1144 3614 1318 3655 cetera
1333 3608 1589 3672 hujusmo-

525 3677 605 3728 di.
636 3693 753 3729 nam
791 3681 866 3730 sic
906 3681 1044 3738 alibi,
1085 3683 1227 3731 ‘Ubi
1269 3682 1447 3748 friget,
1486 3686 1586 3737 huc

529 3755 736 3806 evasit?
799 3757 870 3807 Et
893 3757 1010 3806 vide
1036 3765 1141 3807 tres
1161 3759 1465 3822 μετωνυμίαις,
1487 3765 1586 3814 Ce-

528 3847 718 3896 rerem,
745 3835 1006 3897 Liberum,
1023 3834 1297 3887 Venerem.
1330 3839 1480 3888 Idem.

602 3910 808 3961 Verbum
848 3912 998 3961 hercle
1036 3912 1124 3961 hoc
1158 3928 1318 3963 verum
1351 3921 1444 3975 est,
1480 3916 1586 3967 sine

521 3989 708 4038 'Cerere
737 3994 787 4037 et
816 3988 988 4038 Libero
1012 3989 1174 4052 friget
1218 3991 1394 4056 Venus]
1427 3993 1584 4043 Liber

523 4064 825 4124 Bembinus,
863 4064 1091 4130 itemque
1114 4068 1457 4130 Decurtatus‚
1487 4084 1581 4133 pro

511 4144 616 4201 ἀί,
654 4139 849 4190 habent
885 4141 999 4202 erit,
1039 4145 1297 4204 quomodo
1338 4152 1412 4194 etr
1439 4147 1580 4209 prius

512 4213 747 4267 habebat
767 4214 1119 4281 Victorianus,
1150 4224 1211 4268 ut
1232 4218 1401 4270 adhuc
1424 4221 1581 4275 litura

1251 324 1466 374 NO'rAE
1515 324 1916 373 vammum
1968 326 2046 373 IN

1680 468 2021 521 demonstrat.
2050 511 2055 516 .
2089 468 2207 519 Hoc
2223 474 2397 520 autem
2419 469 2731 535 vet-boseri&

1680 546 1879 610 antiqui
1902 546 2062 596 etiam
2095 548 2374 610 praesentia
2392 556 2449 598 ct
2464 551 2736 612 praeterita

1677 623 2063 675 asseverabant.
2151 624 2369 673 Plautus
2424 626 2478 674 in
2534 626 2737 677 Persa:

1676 699 1693 725 ‘
1717 699 1849 749 Haec
1888 700 1991 749 erit
2028 699 2163 750 bono
2202 705 2393 763 genere
2427 710 2574 762 nata,
2610 703 2737 753 nihil

1677 776 1780 825 scit
1817 776 1917 826 nisi
1939 790 2115 827 verum
2138 777 2318 841 loqui?
2364 778 2660 827 ,Terentius
2688 779 2739 827 iu

1677 852 2038 902 Heaurtoutim.
2080 853 2096 881 ‘
2117 854 2381 903 subditum
2413 869 2472 903 se
2507 856 2739 918 suspica-

1677 935 1778 978 tur.
1831 928 2131 979 subditum?
2185 930 2271 978 ain
2314 930 2405 979 tu?
2446 938 2609 980 certe
2648 932 2739 982 ,sic

1676 1002 1812 1054 erit.'
1873 1004 2009 1054 Item
2029 1005 2082 1054 in
2105 1004 2456 1056 Phormiones
2492 1009 2507 1035 ‘
2531 1007 2739 1071 Cogna-

1675 1084 1782 1129 tam
1806 1083 2038 1143 comperi
2061 1095 2174 1131 esse
2209 1082 2373 1134 nobiss
2410 1084 2576 1146 quid?
2598 1084 2739 1134 ,deli-

1678 1168 1777 1204 ras.
1827 1156 1899 1205 sic
1949 1157 2088 1207 erit.’
2156 1160 2394 1208 Lucanus
2433 1161 2486 1208 iu
2538 1161 2737 1224 primo:

1673 1230 1833 1280 ‘Non
1881 1240 1937 1281 tu
1981 1232 2185 1297 Pyrrhe
2229 1232 2399 1296 ferox,
2430 1250 2530 1284 nec
2577 1238 2736 1286 tantis

1673 1306 1908 1356 cladibus
1954 1317 2136 1359 auctor
2167 1311 2371 1360 Poeuus
2405 1311 2546 1361 erit!
2595 1313 2734 1377 quod

1675 1383 1974 1434 Priscianus
2014 1386 2150 1435 libro
2187 1385 2388 1436 decimo
2431 1395 2624 1437 octavo
2666 1388 2733 1437 d'e

1674 1461 2055 1510 constructione
2078 1463 2312 1525 exponit,
2318 1476 2430 1525 -pro
2450 1475 2737 1526 cognosce·-

1674 1539 1781 1596 tur,
1826 1543 1934 1588 stat
1954 1544 2167 1587 autem
2183 1547 2381 1600 versus,
2413 1539 2644 1589 admisso
2674 1541 2731 1606 jn

1675 1617 1913 1696 quartam
1928 1612 2115 1663 sedem
2120 1615 2606 1677 proceleusmatico.
2635 1617 2734 1667 Fa-

1673 1686 1831 1738 emus.

1740 1764 1858 1814 Sine
1914 1766 2084 1816 Cerere
2125 1772 2175 1817 et
2211 1768 2387 1818 Libero
2406 1769 2550 1832 ..frig
2587 1768 2733 1832 Vm]

1675 1840 2127 1894 Denomiuationis
2142 1845 2298 1909 liujus
2319 1847 2585 1896 licentiam
2615 1861 2734 1898 oon·

1673 1916 1846 1979 signat
1868 1920 2138 1970 Lucretius
2159 1921 2247 1972 lib.
2265 1935 2329 1971 11.
2362 1922 2507 1972 ‘Hic
2527 1923 2575 1972 si
2599 1924 2734 1987 quis,

1675 2006 1834 2053 mare,
1875 1996 2198 2059 Neptunum,
2226 1998 2605 2064 Cereremque,
2646 2015 2731 2050 vos

1675 2083 1797 2119 care
1841 2070 2140 2123 Constituet
2182 2072 2394 2139 fruges3
2434 2085 2494 2127 et
2532 2078 2732 2128 Bacchi

1674 2148 1878 2201 nomine
1912 2151 2063 2201 *abuti
2105 2153 2330 2216 Mavult,
2364 2169 2515 2218 quam
2538 2154 2732 2210 -daticis

1673 2226 1936 2288 proprium
1961 2227 2199 2291 proferre
2220 2243 2465 2279 vocamen
2484 2246 2500 2290 ;
2524 2230 2729 2281 Conon·

1672 2302 1870 2360 danius,
1896 2312 1952 2351 ut
1986 2304 2070 2353 hic
2109 2312 2366 2355 terrarum
2392 2306 2628 2356 dicat‘et
2651 2321 2731 2357 or-

1670 2376 1788 2426 bem
1827 2381 1954 2429 Esse
1977 2380 2150 2429 Deum
2175 2382 2431 2433 matrem?
2510 2383 2635 2435 Non
2652 2391 2735 2434 tas

1669 2468 1789 2504 men
1832 2456 1959 2506 nihil
2006 2456 2317 2510 discriminis
2367 2460 2471 2510 ista
2515 2459 2728 2512 licentia

1667 2531 1844 2584 habet.
1921 2534 2224 2598 Neptunum
2263 2536 2399 2585 enim
2438 2551 2535 2599 pro
2580 2537 2727 2599 mari,

1670 2607 1956 2673 virgiliana
2028 2611 2200 2674 potius
2268 2613 2508 2676 majestas
2585 2615 2730 2680 capit

1667 2681 1710 2747 (‘
1727 2685 1975 2748 Neptuno
1996 2686 2305 2739 immerserit
2327 2691 2554 2754 Eurus’)
2573 2707 2726 2755 quam

1670 2761 1950 2811 Comoediae
1985 2777 2133 2813 novae
2168 2772 2493 2828 temperatus
2515 2768 2725 2816 dicendi

1666 2840 1865 2889 modus.
1928 2840 2144 2892 Plautus
2181 2841 2385 2891 videtur
2429 2849 2724 2907 temperare

1667 2915 1910 2978 voluisse,
1947 2931 2064 2967 cum
2097 2918 2216 2967 loca
2249 2920 2724 2985 potius‘Neptunia

1666 2991 1845 3055 (altius
1872 2994 2110 3058 quidem,
2153 3010 2307 3060 quam
2344 3005 2524 3046 noster
2560 2999 2723 3048 maria

1666 3067 1930 3132 Neptuni)
1964 3068 2182 3119 dixisset
2221 3070 2454 3119 Trinum.
2491 3085 2576 3121 nr.
2600 3076 2651 3123 1.
2669 3077 2720 3124 Δ.

1667 3150 1721 3192 et
1743 3145 2034 3207 praesertim
2057 3146 2229 3194 Milite
2254 3159 2316 3196 11.
2337 3152 2388 3196 6.
2412 3148 2719 3198 3.=sed.mox

1665 3220 1900 3282 corrupit
1930 3227 2413 3284 temperamentum,
2435 3238 2553 3274 cum
2587 3226 2721 3290 adje-

1664 3295 1739 3344 cit
1761 3298 1935 3360 templa
1951 3298 2240 3359 turbulenta,
2265 3298 2403 3362 quod
2427 3300 2598 3363 Epico
2616 3315 2720 3351 ma-

1663 3373 1739 3434 gis
1756 3379 1849 3422 aut
1865 3373 2082 3436 Tragion
2102 3389 2251 3438 quam
2272 3374 2488 3427 Comico
2506 3378 2721 3427 concedi

1664 3460 1893 3518 poterat.
1929 3453 2022 3504 sed
2058 3455 2168 3504 haec
2186 3453 2303 3502 ὀδοῦ
2321 3451 2573 3517 πάρεργον.
2604 3457 2718 3505 Βα-

1661 3531 1828 3581 clerus.

1734 3606 1906 3656 Verum
1929 3607 2018 3655 hoc
2035 3608 2130 3671 est]
2173 3606 2349 3672 Atque
2385 3607 2438 3656 ἐν
2465 3607 2576 3669 οἴνῳ
2601 3606 2718 3666 M·

1661 3685 1778 3731 θεια.
1813 3681 2098 3732 Famabius.

1726 3757 1984 3822 Sinde]
2018 3756 2198 3821 Νεκρὸν
2213 3756 2469 3821 Ἀφροδίτη
2486 3759 2719 3809 Διονύσου

1657 3831 1774 3896 δίχα
1794 3833 1874 3883 καὶ
1907 3832 2171 3898 Δήμητρω.
2235 3834 2416 3898 Eurip.
2450 3836 2532 3885 ’Er
2561 3845 2718 3896 πλησ-

1655 3912 1872 3970 pomam
1892 3909 2082 3973 Κύπρις.
2117 3910 2235 3959 vide
2258 3911 2472 3961 Senecae
2492 3914 2715 3978 Hyppo-

1658 3987 1823 4049 lytum
1864 4002 1938 4037 vs.
1977 3991 2095 4037 203.
2139 3986 2543 4050 Aristophanem
2588 3991 2717 4041 citat

1656 4064 1961 4120 subeamus,
1991 4060 2372 4112 ‘nabes-erimar
2390 4061 2514 4114 οἶνος
2546 4065 2716 4129 Ἀφρο·

1655 4139 1787 4199 θέτης
1805 4137 1956 4201 γάλα,
1999 4140 2089 4190 lib.
2110 4152 2166 4190 x,
2198 4154 2318 4202 cap.
2346 4144 2422 4189 12.
2445 4141 2717 4206 additque,

1642 4214 1909 4268 *Ονσολὺν
1924 4207 2263 4266 ord-*resimas
2284 4215 2716 4284 πᾳραιόμηυᾶφρο-
