3035 4941
613 355 786 424 1250

670 457 1233 579 omani-mma]
1266 514 1312 566 1.
1336 529 1384 565 α.
1421 514 1668 567 ‘samsu-

613 591 775 655 dum,'
808 592 974 658 inquit
1008 594 1280 645 Donatus·
1314 594 1330 621 ⁸
1350 607 1465 643 nam
1488 592 1580 658 qui
1596 593 1670 642 vi·

615 670 869 733 tiaverat,’
906 673 1004 720 &c.
1071 671 1174 720 Sed
1198 685 1297 720 non
1319 686 1448 735 opus
1482 680 1580 735 est,
1602 671 1669 721 ad

611 748 913 797 vocabulum
930 747 1127 811 potius,
1166 761 1317 812 quam
1353 748 1419 797 ad
1443 753 1668 797 mentem

610 824 973 888 respondentis
1010 824 1302 875 attendere.
1329 825 1669 889 interrogavit

610 902 876 965 Phaedria,
898 904 1245 967 quamdudum?
1264 903 1542 967 respondet
1565 904 1668 952 En-

609 980 824 1042 nucbus,
844 993 944 1028 non
964 979 1074 1028 sine
1101 980 1546 1043 tergiversatione,
1564 993 1666 1029 nou

607 1056 686 1105 ita
705 1055 898 1105 dudum
929 1070 1062 1106 esse.
1098 1063 1241 1107 metu
1279 1057 1510 1107 Chaereae
1532 1057 1666 1107 scili-

605 1140 714 1186 cet.
764 1134 943 1199 itaque
993 1141 1146 1186 antea
1208 1136 1410 1199 tacebat,
1454 1135 1667 1185 uolebat

609 1211 710 1260 nisi
754 1210 968 1261 adactus
1014 1211 1172 1276 loqui.
1205 1218 1261 1261 et
1297 1226 1434 1261 nunc
1476 1212 1666 1261 iterum

610 1286 793 1336 timide
815 1287 1057 1351 loquitur.
1079 1289 1232 1350 modo,
1254 1301 1354 1336 uon
1377 1286 1564 1337 definit
1581 1288 1666 1337 hic

610 1368 840 1427 tempus,
863 1363 955 1412 sed
978 1362 1150 1427 potius
1171 1376 1300 1426 vage
1322 1362 1581 1426 significat
1600 1377 1664 1413 ex

606 1436 799 1488 affectu
831 1438 1211 1503 respondentis.
1294 1439 1442 1488 Bene
1480 1437 1664 1489 Gallus

607 1513 862 1578 interpres
885 1515 999 1565 haec
1020 1511 1343 1578 παραφράζειε
1381 1529 1414 1578 y
1433 1528 1464 1563 n
1493 1515 1535 1563 il
1553 1514 1665 1577 long

603 1596 791 1655 temps?
819 1591 860 1643 it
881 1591 964 1657 a’y
979 1605 1010 1642 a
1024 1605 1114 1656 pus
1131 1593 1244 1654 long
1263 1597 1427 1657 temps.
1460 1591 1665 1641 Boecle·

608 1682 714 1717 rus

669 1743 730 1793 sl
784 1742 1010 1808 Quicum]
1061 1743 1375 1809 Proepositio
1430 1759 1537 1794 cum
1588 1744 1665 1795 his

597 1819 916 1871 dictionibus
944 1822 1268 1885 supponitur,
1285 1821 1489 1885 quicum,
1510 1820 1665 1871 nobis-

601 1911 725 1961 cum,
745 1898 995 1950 vobiscum.
1022 1898 1230 1949 Ceteris
1251 1913 1393 1957 vero,
1415 1899 1489 1947 ita
1511 1904 1570 1947 ut
1588 1912 1666 1962 ip·

605 1990 718 2024 snm
757 1989 945 2025 nomen
968 1976 1281 2063 praescribit,
1309 1974 1660 2039 praepouitur:

605 2058 680 2116 ut,
700 2067 806 2101 cum
840 2052 1024 2114 amicis,
1054 2053 1412 2116 cumexercuu,
1442 2067 1549 2102 cum
1576 2055 1661 2105 ad-

597 2129 794 2177 matis.
825 2129 1085 2179 Donatus.
1454 2156 1460 2160 -

665 2207 733 2252 82
772 2204 909 2253 Unde
946 2204 1104 2265 igitur
1133 2202 1348 2264 fruti-sm
1379 2217 1532 2253 meum
1565 2217 1663 2252 esse

595 2279 1025 2346 sotebaa1Utpote
1050 2282 1306 2332 novitius:
1340 2285 1397 2331 et
1425 2296 1544 2331 eum
1575 2281 1664 2346 qui
1734 2302 1755 2334 a

602 2370 668 2406 ex
702 2357 878 2407 Piraeo
914 2371 1031 2408 raro
1054 2358 1394 2408 discesserit:
1427 2363 1485 2406 et
1507 2358 1663 2420 longo

605 2433 881 2483 intervallo
904 2432 968 2484 εἷς
986 2432 1043 2485 τὸ
1062 2431 1185 2483 ἄστυ
1206 2433 1425 2484 venerit.
1490 2433 1562 2482 Et
1582 2434 1663 2482 hoe

604 2514 730 2577 sunt
757 2509 979 2574 obliquas
1002 2510 1456 2574 interrogationes,
1473 2509 1661 2574 quibus

602 2585 680 2636 uti
711 2592 944 2636 oratores
982 2585 1235 2647 videmus,
1271 2600 1387 2636 cum
1424 2585 1661 2636 derivare

602 2660 954 2711 testimonium
991 2661 1243 2711 nituntur.
1311 2663 1382 2712 Et
1425 2662 1545 2713 ideo
1584 2663 1661 2714 sic

601 2735 679 2786 ait
714 2736 973 2798 Phoedria‚
1015 2744 1076 2786 ut
1134 2735 1417 2788 frustretur
1472 2738 1662 2801 omnia,

598 2828 721 2877 quoe
761 2813 1033 2864 confessus
1073 2820 1155 2863 est
1174 2814 1362 2863 Dorus.
1386 2815 1498 2864 vult
1526 2815 1662 2865 enim

596 2888 753 2940 fratri
777 2902 890 2940 esse
909 2891 1216 2940 consultum.
1249 2890 1486 2941 Donatus.

667 2967 903 3017 Parmeno
921 2965 1103 3016 dicebat
1124 2980 1231 3015 eum
1244 2964 1365 3028 esse]
1396 2965 1569 3029 Prope
1586 2966 1661 3016 in-

598 3041 857 3094 firmatum
872 3042 1224 3094 testimonium
1249 3049 1346 3093 est.
1369 3042 1507 3108 quod
1526 3043 1659 3094 enim

591 3119 676 3169 sic
697 3119 791 3182 ait,
815 3119 1075 3170 Parmeno
1097 3118 1310 3169 dicebat
1348 3134 1465 3169 eum
1505 3134 1652 3172 esset

598 3194 785 3246 falsum
808 3211 925 3248 esse
948 3202 1144 3260 potest.
1212 3197 1285 3245 Et
1299 3196 1430 3245 mire
1451 3196 1526 3245 sic
1549 3195 1652 3247 ait}

600 3280 677 3336 ut,
699 3275 716 3305 ‘
731 3275 858 3324 Sola
879 3274 1152 3334 mihisales
1173 3287 1323 3322 casus
1365 3271 1658 3322 Cassandra

598 3349 854 3400 canebat?
919 3350 1004 3399 Sic
1027 3355 1201 3399 autem
1227 3348 1463 3410 dicimus,
1497 3362 1656 3413 quan—

595 3426 666 3475 do
688 3440 790 3475 non
806 3425 963 3474 semel
986 3425 1125 3491 quod
1144 3423 1338 3475 factum
1366 3423 1543 3487 fuerit,
1561 3423 1656 3478 sed

598 3503 785 3565 sapius
807 3500 1233 3550 demonstramus.
1267 3501 1417 3555 Idem,

663 3581 727 3626 84
764 3576 958 3639 Occidi]
1008 3577 1127 3626 Hoc
1173 3590 1351 3626 secum
1393 3575 1657 3628 Phaedria.

598 3667 701 3703 non
724 3660 781 3705 ut
804 3652 1021 3716 Pythias
1044 3652 1248 3702 audiret
1267 3669 1283 3714 ;
1305 3666 1470 3716 quam
1494 3652 1654 3702 celari
1683 3699 1693 3709 ,

597 3729 729 3793 vult,
767 3728 907 3793 quod
927 3728 1041 3792 ipse
1054 3729 1169 3793 jam
1191 3726 1655 3779 animadvertebat.

594 3805 688 3855 sed
725 3806 814 3854 illa
838 3811 1038 3869 promte
1080 3805 1285 3868 arripit,
1315 3819 1433 3869 quae
1473 3804 1540 3853 ad
1563 3818 1653 3853 ex-

593 3882 890 3946 plicandum
912 3895 1142 3934 errorem
1163 3883 1215 3931 in
1239 3896 1460 3945 persona
1489 3879 1653 3931 facie·

594 3958 741 4017 bant,
752 3964 809 4008 et
825 3958 1091 4022 arguendo
1100 3957 1255 4009 infert
1271 3976 1283 4006 ε
1301 3959 1539 4022 iujuriam
1553 3958 1654 4011 sibi

587 4033 788 4084 factam
820 4043 961 4098 ante,
997 4049 1115 4085 cum
1138 4035 1474 4084 temulentam
1497 4039 1554 4084 et
1574 4034 1653 4083 in-

589 4124 770 4160 sanam
813 4110 1047 4177 adeoque
1085 4111 1356 4161 mentitam
1409 4111 1654 4161 Phaedria

589 4189 1032 4250 reprehenderet3
1083 4203 1190 4239 rem
1216 4203 1363 4238 *nunc
1397 4189 1560 4254 ipsam
1582 4189 1653 4238 lo-

593 4264 703 4329 qui,
739 4263 1123 4316 adolescentem
1154 4280 1251 4329 pro
1283 4267 1536 4317 Eunucho
1570 4280 1654 4315 ve-

1312 369 1531 421 No'rAE
1577 368 1984 421 VARIORUM
2032 371 2113 421 m

1738 514 1883 565 uisse
1889 515 2197 581 ,domuique
2214 514 2507 570 meretricis
2523 522 2581 567 et
2596 515 2800 581 virgini,

1747 599 2010 655 praetextu
2027 592 2165 653 doni,
2184 607 2281 656 per
2296 579 2546 658 insignem
2570 595 2804 658 injuriam

1745 668 1946 718 illusum
1982 682 2115 719 esse.
2139 668 2224 718 ibi
2261 677 2369 720 tum
2394 670 2659 735 Phaedria,
2690 687 2804 723 cum

1745 760 1914 795 rerum
1937 747 2257 810 argumentis
2279 753 2579 812 urgeretur,
2596 750 2806 799 assimu-

1742 823 1851 873 lata
1870 823 2078 882 fiducia,
2101 825 2382 874 testimonii
2406 824 2561 874 fidem
2585 826 2807 890 indigni·

1744 904 1855 947 tate
1890 898 2040 948 testis
2071 900 2266 961 elevat,
2294 900 2544 965 vultuque
2570 901 2637 950 ad
2654 916 2805 960 ,seve-

1744 975 1953 1025 ritatem
1976 977 2269 1039 composito
2290 976 2577 1042 interrogat
2598 980 2808 1043 iterum,

1744 1051 1833 1100 sed
1881 1053 2196 1116 contentius,
2229 1060 2285 1103 et
2337 1067 2575 1118 sperans,
2629 1058 2803 1108 Eunu-

1734 1127 1914 1190 chum,
1959 1141 2024 1176 ne
2066 1137 2425 1192 perseveraret
2459 1132 2512 1181 in
2556 1134 2648 1183 illa
2688 1150 2807 1185 cou-

1741 1200 1986 1264 fessioue,
2008 1205 2334 1260 absterritum
2359 1209 2440 1258 iri.
2471 1210 2725 1263 videntur
2754 1214 2806 1265 e't

1741 1286 1896 1328 nutus
1932 1282 2089 1345 aliqui
2126 1284 2418 1334 accessisse.
2452 1287 2643 1351 quibus
2690 1305 2804 1338 cum

1741 1368 1922 1418 parum
1962 1371 2057 1420 pro
2091 1372 2186 1421 spe
2218 1359 2475 1409 Phaedrioe
2521 1363 2802 1415 Eunuchus

1738 1438 1967 1494 pareret,
1998 1430 2274 1498 denuoque
2310 1435 2528 1499 Pythias
2561 1439 2801 1497 instaret.

1738 1521 1805 1558 eo
1859 1507 2096 1574 confugit
2137 1512 2386 1563 Phaedria
2428 1514 2680 1567 confusus
2724 1519 2805 1584 (et

1740 1585 1856 1648 quid
1874 1593 2042 1649 ageret
2061 1587 2271 1654 nescias)
2303 1595 2361 1639 ut
2382 1592 2697 1644 Eunuchum
2720 1596 2802 1659 jn—

1743 1655 1893 1713 beret
1927 1678 2137 1727 negare,
2167 1681 2283 1730 quae
2325 1665 2717 1733 affirmaverat3
2744 1680 2805 1723 et

1742 1737 1825 1786 vel
1861 1738 1936 1788 sic
1956 1740 2237 1806 obtineret,
2258 1742 2523 1807 indignum
2546 1746 2654 1796 fide
2672 1763 2805 1811 esse,

1742 1814 1830 1878 qni
1864 1825 2084 1880 negaret
2111 1820 2247 1882 quod
2289 1827 2411 1869 aute
2435 1832 2801 1875 asseverasset.

1738 1891 1878 1956 hinc,
1913 1900 1971 1942 ut
1989 1894 2262 1958 quaestioui
2284 1896 2618 1959 subjecturus
2641 1901 2804 1963 terg‡

1740 1975 2046 2029 versantem,
2091 1976 2324 2019 ceterum
2369 1972 2486 2036 quia
2537 1974 2682 2037 quod
2727 1989 2804 2026 re-

1740 2043 1984 2107 sponderi
2004 2052 2179 2111 posset
2202 2046 2253 2095 in
2291 2059 2346 2095 re
2381 2053 2487 2095 tam
2525 2049 2802 2101 manifesta

1738 2131 1842 2172 non
1875 2118 2111 2184 haberet,
2141 2136 2254 2171 sese
2277 2124 2515 2173 amolitur
2536 2124 2802 2176 Phaedria.

1737 2195 1997 2246 Boeclerus.

1804 2274 1869 2319 36
1898 2272 2013 2320 Jam
2034 2272 2156 2322 satis
2177 2273 2332 2322 credis
2351 2288 2427 2322 me
2446 2288 2548 2324 esse
2568 2274 2799 2340 sobriam]

1738 2347 1880 2398 Quia
1919 2363 2077 2412 supra
2118 2347 2272 2410 dixit,
2321 2349 2596 2399 Temulenta
2636 2366 2718 2401 es:
2746 2357 2801 2402 et

1734 2421 2107 2488 quasi‘gravem
2122 2424 2356 2489 injuriam
2371 2426 2468 2477 hoc
2487 2426 2628 2478 dicto
2645 2444 2801 2494 passa

1739 2499 2138 2562 sit‚memoriter
2162 2502 2357 2552 dictum
2381 2505 2578 2558 retulit.
2599 2515 2680 2568 ut,
2716 2509 2798 2556 Ea

1735 2591 1825 2639 ego
1861 2579 1992 2629 victa
2027 2575 2166 2631 situ?
2199 2585 2275 2640 et,
2310 2580 2485 2630 Pulsus
2526 2588 2655 2644 ego?
2689 2585 2797 2634 Do·-

1738 2661 1909 2704 natus.

1801 2729 2040 2790 Subrium,
2070 2731 2180 2796 ξω]
2218 2731 2386 2796 Supra
2409 2731 2620 2784 dixerat
2642 2733 2797 2787 Phoes

1737 2805 1868 2870 dria,
1887 2811 2145 2858 temulenta
2166 2823 2234 2859 es.
2268 2809 2574 2859 Farnahins.

1800 2888 1863 2933 37
1900 2885 2014 2934 Jam
2051 2886 2176 2935 satis
2217 2889 2398 2934 certum
2439 2891 2513 2935 est
2548 2886 2795 2948 *virginus

1735 2961 1955 3012 uitiatam
1975 2961 2098 3025 esse]
2141 2960 2341 3011 Ordine
2368 2960 2460 3024 ait,
2490 2976 2649 3026 quum
2692 2963 2795 3028 pri-

1735 3051 1872 3087 mum
1899 3038 1963 3087 de
1985 3051 2063 3100 se,
2088 3045 2196 3088 tum
2214 3038 2284 3087 ¹de
2307 3038 2609 3090 adversario
2630 3041 2794 3107 loqui-

1738 3119 1839 3162 tur.
1873 3112 2111 3162 Donatus.

1795 3192 1862 3238 88
1898 3189 2069 3239 Credis
2097 3189 2206 3239 huic
2238 3191 2362 3254 quod
2400 3189 2558 3254 dicat]
2591 3191 2640 3241 A
2676 3207 2793 3256 per·

1736 3279 1877 3315 souae
1914 3266 2164 3330 qualitate
2203 3266 2422 3332 derogat
2457 3267 2635 3319 fidem.
2674 3285 2793 3323 natu

1735 3340 1859 3406 quid
1885 3341 2204 3392 credendum
2238 3349 2322 3393 est
2353 3356 2505 3394 servo
2543 3343 2793 3399 Eunucho

1732 3415 1986 3483 fugitivo?
2010 3419 2175 3470 Idem.

1800 3497 1930 3553 Quid
1949 3495 2037 3546 isti
2065 3499 2256 3551 credam
2271 3495 2298 3550 2
2326 3511 2401 3547 res
2433 3497 2544 3561 ipsu
2576 3497 2786 3564 indicat]

1733 3574 1837 3624 Hic
1861 3587 1890 3622 a
1936 3587 2158 3637 persona
2187 3588 2306 3640 quoe
2354 3575 2791 3637 convincebatur.

1731 3650 1963 3702 oratorie
1984 3649 2052 3700 ad
2076 3648 2276 3703 factum
2295 3664 2352 3700 se
2375 3651 2573 3703 retulit.
2602 3651 2774 3705 Iden.-

1792 3731 1862 3777 39
1912 3727 2124 3777 Concede
2156 3727 2281 3777 istuc
2315 3726 2582 3791 paululum]
2612 3727 2702 3779 Ad
2737 3742 2791 3779 se

1729 3816 1932 3853 versum
1972 3802 2107 3854 dicit
2143 3803 2315 3854 istuc:
2361 3813 2421 3854 ut
2457 3805 2615 3869 longe
2658 3805 2729 3865 sit
2757 3819 2790 3863 a

1730 3879 1939 3942 Pythia.
1993 3879 2245 3929 Eunucho
2292 3879 2431 3931 enim
2465 3879 2605 3931 dicit
2637 3878 2789 3935 Ph&-

1726 3956 1856 4007 dria.
1888 3958 2042 4008 Idem,

1798 4034 2012 4087 emeda
2028 4034 2152 4107 {stuc
2161 4032 2421 4097 pandulum.
2442 4031 2623 4082 audine
2645 4031 2788 4085 etim

1728 4126 1852 4162 nunc
1866 4112 1999 4175 paul.
2017 4115 2095 4160 sat
2116 4109 2214 4172 est]
2263 4111 2339 4159 Ut
2371 4109 2622 4159 remotior
2643 4113 2786 4161 esset

1728 4201 1762 4239 a
1793 4184 2073 4250 Pythiade,
2110 4200 2337 4235 seorsum
2376 4185 2474 4235 hoc
2513 4182 2646 4235 dicit
2686 4185 2782 4233 Eu·

1726 4263 1912 4314 nucho.
1947 4262 2022 4313 ita
2052 4262 2233 4314 melius
2248 4275 2533 4328 suggerere
2554 4267 2783 4335 poterat,
