3035 4941
576 405 749 474 1620

574 567 785 633 quidem
805 563 1013 614 laudem
1032 560 1315 626 sapientia,
1327 564 1498 621 statuo
1523 570 1638 606 esse

575 643 868 699 maximam,
892 655 995 690 non
1018 638 1229 689 aliunde
1266 636 1516 701 pendere,
1538 646 1636 683 nec

573 720 898 771 extrinsecus
918 725 1010 768 aut
1031 718 1165 768 bene
1184 722 1276 765 aut
1305 715 1439 764 male
1464 713 1638 763 viven-

575 799 628 848 di
647 812 924 862 suspensas
942 797 1135 846 habere
1151 790 1411 843 rationes.'
1432 798 1489 840 et
1503 789 1664 840 Eun.¹

574 884 679 934 act.
711 888 774 923 11.
812 889 887 925 sc.
916 877 965 923 2.
997 872 1012 901 ‘
1037 872 1190 922 Itane
1229 866 1427 933 parasti
1470 871 1543 929 te,
1578 871 1639 914 ut

573 966 693 1017 spes
736 953 878 1001 nulla
919 949 1117 1014 reliqua
1158 948 1213 998 in
1246 955 1301 997 te
1346 946 1447 995 siet
1488 943 1632 994 tibi?’

574 1031 705 1079 Mer.
733 1029 1052 1079 cmuoonus.

639 1110 704 1156 90
728 1105 808 1156 Ad
815 1110 1106 1169 precatorem
1120 1103 1287 1152 adeum
1304 1098 1465 1163 credo]
1487 1098 1636 1148 Bene

577 1183 747 1250 ¹Poiita
779 1182 951 1232 omnia
990 1186 1202 1243 tractat,
1239 1193 1355 1248 quae
1388 1176 1557 1227 intuli
1581 1188 1639 1223 re

575 1258 798 1311 tacenda
815 1273 966 1308 servo
980 1263 1171 1320 essent,
1187 1255 1289 1304 nisi
1304 1252 1443 1304 aliud
1459 1266 1639 1318 posce-

574 1344 663 1388 ret
680 1343 1055 1401 argumentum.
1096 1335 1337 1384 Donatus.

640 1414 721 1462 Ad
739 1417 1027 1477 precatorem
1047 1410 1236 1474 adeam]
1273 1410 1362 1459 Sie
1384 1407 1436 1458 in
1461 1407 1639 1457 Heau-

576 1490 1033 1553 tontimorumeno,
1067 1490 1083 1516 ‘
1111 1490 1227 1538 Nec
1261 1493 1320 1537 tu
1353 1499 1496 1535 aram
1521 1485 1638 1548 tibi,

575 1581 674 1617 nee
697 1573 1023 1632 precatorem
1047 1564 1278 1630 pararis:
1309 1563 1458 1612 Idem.

643 1642 744 1699 Qui
766 1643 885 1692 mihi
911 1642 981 1691 sic
1011 1642 1136 1707 oret]
1184 1640 1249 1690 Id
1287 1646 1387 1703 est,
1423 1652 1519 1704 pro
1555 1653 1638 1688 me

575 1727 711 1771 oret.
760 1717 911 1770 Idm.

639 1801 699 1847 91
734 1798 881 1848 Nunc
902 1796 1071 1864 amitte
1090 1810 1247 1859 queso
1266 1793 1412 1857 hunc]
1433 1791 1642 1855 Μίμησις

575 1873 789 1936 dicitur,
810 1871 900 1923 ubi
932 1887 1035 1923 non
1065 1872 1227 1922 verba
1256 1871 1429 1934 modo,
1459 1885 1639 1920 verum

573 1950 728 2000 etiam
743 1957 944 2014 gestum
961 1963 1249 2013 vocemque
1260 1946 1502 2012 fingimus
1521 1946 1642 1996 alie-

574 2040 710 2076 nam.
744 2025 896 2076 Idem.
1035 2072 1041 2082 ,

643 2104 790 2152 Nunc
808 2103 976 2152 mitte
996 2100 1176 2166 quoeso]
1220 2101 1341 2152 Hoc
1371 2099 1511 2164 quod
1546 2114 1641 2150 nos

576 2177 796 2228 dicimus
830 2177 1041 2240 dimitte,
1063 2178 1265 2242 antiqui
1308 2178 1465 2227 etiam
1501 2176 1643 2226 dice-

575 2255 724 2313 bant,
737 2254 924 2304 omitte.
953 2253 1223 2318 Virgilius,
1237 2257 1252 2284 ‘
1272 2254 1505 2305 Amissos
1520 2253 1643 2303 hine

567 2333 681 2396 jam
721 2331 1030 2383 obliviscere
1065 2329 1289 2382 Graios?
1343 2331 1414 2380 Et
1449 2330 1641 2380 Sallus-

573 2408 699 2470 tius,
714 2409 728 2436 ‘
749 2406 1001 2458 Pactione
1018 2408 1203 2458 amisso
1220 2407 1407 2458 Publio
1425 2406 1641 2473 legato?

577 2485 731 2537 Idem.

641 2567 705 2613 92
728 2562 939 2613 Posthac
954 2562 1001 2611 si
1021 2562 1293 2626 quidquam,
1312 2561 1437 2612 nihil
1451 2565 1644 2629 precor]

576 2639 756 2688 Facile
793 2638 1058 2703 impetrat,
1090 2639 1179 2703 qui
1211 2652 1313 2688 non
1345 2639 1519 2689 omnia
1551 2653 1646 2689 ex·

577 2723 804 2779 torquet.
891 2717 1028 2779 Ergo
1073 2730 1157 2765 ars
1203 2718 1502 2781 precatoria
1542 2724 1642 2782 est,

575 2793 817 2857 mitigare
860 2793 1162 2857 praesentia,
1204 2792 1381 2844 futura
1424 2795 1642 2858 permit-

575 2874 708 2919 tere.
754 2869 937 2919 ‘Simul
958 2870 1136 2933 etiam,
1159 2870 1282 2935 quia
1300 2870 1465 2920 omnis
1485 2884 1644 2920 causa

573 2943 629 2994 in
670 2945 768 2994 hoc
809 2951 908 3008 est,
942 2959 1007 2995 ne
1055 2945 1295 2996 videatur
1332 2961 1535 3011 servuS,
1574 2948 1643 2998 ob

576 3020 938 3085 impunitatem
969 3021 1024 3071 in
1049 3022 1251 3073 delictis
1275 3023 1497 3088 amplius
1522 3037 1642 3089 pee-

474 3162 481 3169 ·
577 3104 807 3147 naturus.
849 3098 1003 3148 Idem.

641 3173 854 3223 Posthac
898 3173 943 3222 si
999 3174 1276 3240 quidquam]
1355 3167 1449 3225 Ut'
1487 3174 1639 3240 solet,

574 3251 845 3314 eleganter
899 3265 997 3314 per
1042 3249 1271 3316 ἔλλειψιν.
1358 3253 1431 3303 Et
1473 3252 1643 3318 simul,

575 3342 679 3376 non
721 3327 766 3376 si
801 3329 1124 3379 tantumdem
1165 3330 1497 3395 peccaverit:
1532 3330 1643 3394 aed,

575 3405 618 3452 si
660 3404 743 3452 vel
783 3404 1065 3454 minimum.
1129 3407 1255 3457 Tale
1288 3413 1373 3456 est
1405 3414 1459 3456 et
1490 3398 1640 3469 illud,

574 3483 590 3510 ‘
615 3481 671 3531 si
694 3484 903 3533 sensero
925 3482 1082 3534 hodie
1106 3485 1384 3550 quiequam
1407 3485 1459 3535 in
1482 3485 1563 3535 his
1588 3490 1640 3535 te

572 3556 775 3622 nuptiis
798 3555 1024 3610 fallaeiae
1048 3561 1265 3612 conari.'
1291 3569 1366 3625 et,
1383 3562 1399 3591 ‘
1424 3561 1480 3611 Si
1497 3561 1640 3626 quic·

575 3648 732 3698 quam
774 3634 1007 3686 invenies
1041 3638 1338 3702 mentitum,
1375 3638 1641 3690 occidito!

576 3710 731 3760 Idem.

640 3787 781 3838 Nihil
813 3789 1005 3855 precor]
1042 3790 1207 3856 Nihil,
1246 3806 1341 3857 pro
1380 3807 1512 3843 non:
1548 3793 1641 3843 sed

575 3864 734 3930 plena
757 3867 991 3930 negatio,
1010 3867 1153 3917 nihil.
1197 3868 1365 3920 Idem.

638 3945 702 3991 93
742 3943 837 3992 Ubi
875 3958 965 4006 ego
994 3944 1104 3996 hinc
1124 3945 1305 4012 abiero]
1337 3946 1443 3997 Hic
1464 3955 1639 4005 osten-

575 4018 655 4069 dit
675 4021 867 4072 nullum
893 4028 1217 4086 precatorem
1239 4038 1304 4075 ex
1327 4025 1498 4075 animo
1521 4039 1642 4090 pos-

579 4096 744 4144 tulare
767 4097 974 4147 veniam
999 4112 1169 4149 servo.
1207 4100 1359 4151 Idem.

649 4171 735 4220 Vel
755 4173 978 4237 occidito]
1019 4173 1122 4233 Vel,
1144 4190 1241 4241 pro
1261 4177 1439 4227 etiam.
1485 4175 1642 4226 Idem.

647 4248 889 4313 Occidito]
919 4251 997 4300 'Pu
1022 4259 1221 4304 tantum
1259 4254 1466 4306 caedere
1502 4252 1641 4305 vole·

1274 416 1490 465 No'rAE
1537 410 1943 492 vumoRUM
1993 408 2074 460 IN

1715 553 1844 616 bas;
1879 568 1978 617 ego
2001 551 2139 614 dico,
2159 554 2305 601 etiam
2324 549 2537 602 occidito.
2568 547 2718 597 Idem.

1777 635 1842 680 94
1868 630 1999 686 Quid
2019 631 2101 679 ille
2119 630 2429 693 paeddgogus,
2447 625 2533 691 qui
2549 624 2747 676 citharis-

1711 705 1881 769 triam]
1913 707 2192 774 Moraliter
2226 704 2432 769 quaerit,
2466 703 2643 752 volens
2675 716 2749 751 au-

1713 784 1825 834 dire
1846 784 1912 833 de
1945 782 2214 845 Phaedria,
2235 790 2510 847 postquam
2533 778 2598 828 de
2619 777 2749 827 Anti·

1714 861 1885 925 phone
1907 860 2191 926 cognovit3
2239 858 2483 918 maxime,
2520 855 2638 921 quia
2656 856 2751 904 haee

1712 936 2057 1001 interrogatio
2080 936 2464 1000 responsionem
2485 933 2647 994 elicit,
2665 946 2752 996 qua

1710 1020 1977 1079 spectator
2008 1013 2283 1064 instruitur
2314 1011 2380 1062 ad
2413 1006 2751 1075 cognoscenda

1713 1097 1909 1141 cetera.
1953 1090 2104 1140 Idem.
2383 1101 2390 1102 ’

1782 1167 1913 1223 Quid
1955 1168 2037 1217 ille
2074 1168 2385 1231 pedagogus,
2427 1163 2513 1228 qui
2551 1159 2751 1211 citum-is-

1711 1243 1880 1307 triam]
1900 1244 2037 1297 Quia
2059 1244 2213 1306 dixit,
2238 1245 2253 1271 ‘
2278 1240 2500 1302 Sectari,
2521 1242 2574 1289 in
2596 1238 2751 1288 ludum

1713 1320 1907 1370 ducere
1947 1327 2002 1369 et
2038 1319 2286 1369 reducere
2309 1321 2343 1368 :’
2373 1325 2427 1367 et
2450 1317 2575 1382 quia
2597 1315 2753 1379 puelli·⁴

1712 1399 1809 1446 lam
1830 1398 1983 1455 dixit,
2003 1396 2067 1446 ab
2092 1402 2287 1458 aetate3
2318 1396 2334 1425 ‘
2358 1392 2666 1459 paedagogus
2684 1396 2753 1441 est

1711 1473 1827 1536 ini:
1852 1474 1943 1523 ait.
1975 1474 2128 1524 Idem.

1783 1552 1915 1608 Quid
1955 1551 2037 1600 ille
2070 1552 2379 1615 padagogus,
2423 1549 2508 1612 qui
2549 1545 2750 1595 citharis-

1713 1627 1884 1691 trinm]
1941 1627 2181 1679 Phaedria
2219 1626 2439 1687 scilicet,
2483 1625 2570 1689 qui
2610 1636 2753 1686 neque

1714 1703 1974 1766 abscedit,
1998 1719 2030 1753 a
2073 1702 2313 1754 custodia
2357 1697 2569 1764 puellae,
2607 1709 2754 1763 neque

1712 1779 1849 1829 illam
1873 1781 1984 1846 ipse
2007 1780 2279 1843 contingit.
2333 1779 2488 1829 Idem.

1782 1857 2107 1922 Poedugogus]
2159 1856 2403 1907 Phaedria
2468 1855 2583 1905 scil.
2624 1868 2753 1919 quem

1716 1938 1861 2003 prius
1884 1939 2105 2004 puellam
2127 1938 2322 2001 sectori,
2371 1938 2386 1965 ‘
2404 1936 2458 1985 in
2488 1936 2658 1985 ludum
2678 1933 2754 1983 du·

1717 2030 1838 2067 cere
1878 2015 1967 2067 et'
2017 2015 2179 2082 (quod
2244 2013 2526 2078 paedagosgi
2569 2009 2754 2072 munus)

1716 2093 1734 2122 ‘
1758 2092 2042 2144 reducere’
2098 2092 2308 2143 dixerat
2339 2090 2502 2141 Geta.
2535 2090 2658 2139 Mer.
2676 2088 2753 2136 Co·

1715 2170 1962 2221 raubertus.
2759 2213 2760 2216 ,

1786 2247 1887 2303 Qui
1925 2244 2297 2308 citharistrium]
2310 2243 2578 2308 Ἔλλειψις.
2600 2243 2753 2294 Secta·

1717 2330 1825 2386 tur,
1850 2330 2009 2385 amat,
2045 2323 2133 2373 vel
2167 2322 2290 2387 quid
2332 2322 2433 2371 tale
2472 2319 2754 2371 subaudien-

1716 2401 1838 2452 dum
1861 2408 1960 2451 est.
1997 2401 2235 2450 Donatus.
2416 2456 2424 2458 „
2663 2417 2670 2423 ·

1781 2484 1845 2529 95
1881 2480 1987 2540 Sic,
2009 2477 2239 2541 tenuiter]
2283 2473 2560 2527 Δεικτικῶς.
2596 2475 2675 2524 Sic
2692 2473 2755 2522 di·

1716 2556 1937 2608 cendum
1960 2562 2059 2619 est,
2090 2570 2214 2607 cum.
2232 2554 2404 2619 aliquo
2425 2562 2598 2616 gestu.
2628 2552 2757 2601 Idem.

1784 2633 1899 2683 Non
1914 2622 2129 2684 multum
2149 2630 2290 2681 habet
2308 2631 2432 2694 quod
2450 2631 2539 2680 det
2545 2624 2755 2690 fortusse]

1717 2709 1847 2760 Cum
1869 2707 2317 2769 commiseratione
2331 2707 2594 2777 amatoris,
2605 2703 2755 2754 adole·

1716 2786 1911 2836 scentis
1938 2785 2376 2849 pronuntiandum
2396 2790 2495 2833 est.
2532 2784 2673 2833 Idem.

1779 2867 1845 2912 96
1878 2863 2031 2912 Immo
2071 2862 2212 2920 nihil,
2265 2861 2363 2911 nisi
2408 2876 2538 2925 spem
2581 2856 2754 2920 mnam]

1715 2942 1862 2991 Bene
1890 2957 2049 3005 spem.-
2101 2943 2222 3006 quia
2260 2945 2420 2992 amat.
2453 2955 2609 2992 nemo
2637 2939 2753 2990 enim

1715 3018 1830 3068 sine
1854 3033 1947 3083 spe
1967 3027 2123 3069 amat.
2154 3021 2308 3068 Idem.

1780 3097 1997 3161 Merum]
2033 3096 2225 3146 Solam.
2262 3096 2413 3147 Idem.

1778 3177 1844 3224 97
1877 3175 2031 3223 Pater
2054 3174 2152 3235 eius
2171 3173 2337 3237 rediit,
2374 3189 2438 3224 an
2466 3174 2586 3238 non]
2618 3175 2751 3225 Chre-

1714 3265 1824 3301 mes
1847 3251 2072 3301 scilieet.
2108 3251 2261 3300 Idem.

1782 3328 2032 3392 Nondum]
2069 3328 2323 3392 subaudi,
2358 3328 2507 3380 venit.
2542 3329 2655 3381 Jam
2676 3341 2752 3376 nou

1715 3405 1873 3469 plena
1895 3406 2101 3469 negatio
2126 3412 2223 3455 est.
2258 3407 2412 3456 Idem.
2439 3434 2445 3441 ·
2491 3411 2498 3416 ’

1780 3483 1949 3540 Quid?
1968 3500 2126 3539 senem
2166 3488 2321 3549 quoad
2348 3485 2635 3551 exspectatis
2650 3497 2737 3533 ves-

1711 3559 1865 3624 trum]
1916 3561 2360 3620 Animadvertite,
2410 3564 2544 3629 quid,
2594 3573 2750 3612 secun-

1713 3637 1834 3688 dum
1873 3654 2067 3690 morem
2104 3639 2464 3704 quotidianum
2510 3647 2615 3690 tum
2647 3637 2753 3695 dici,

1713 3730 1870 3780 quum
1891 3715 1960 3766 sit
1996 3717 2245 3767 transitus
2283 3732 2314 3767 a
2350 3708 2611 3769 mentione
2640 3716 2749 3764 alte-

1714 3791 1819 3840 rius
1865 3792 1941 3842 rei
1977 3791 2042 3841 ad
2090 3794 2327 3843 aiteram.
2375 3792 2465 3847 Sic
2506 3800 2561 3845 et
2596 3803 2749 3854 supra,

1715 3866 1731 3895 ‘
1758 3866 1899 3919 Qui-d
1922 3866 2240 3933 paedagogus
2263 3868 2351 3929 ine
2370 3867 2407 3917 θ’
2442 3869 2587 3917 Idem.

1778 3948 1844 3994 98
1882 3936 2360 4009 Q'uoad'exspectatt's
2382 3946 2607 4009 vestrum]
2642 3943 2750 3999 0⁸⁰·

1713 4023 1795 4080 ad,
1824 4022 2087 4087 quamdiu.
2122 4024 2202 4077 Et,
2231 4030 2377 4091 recte
2420 4023 2617 4074 locutus
2651 4027 2746 4069 est:

1714 4097 1839 4161 quia
1862 4097 2138 4163 adventus,
2171 4098 2285 4149 finis
2302 4107 2388 4153 est
2417 4097 2742 4165 exspectatio·

1716 4172 1813 4224 nis.
1845 4174 1997 4225 Idem.
2298 4203 2306 4209 -

1780 4254 1846 4299 99
1881 4249 1981 4303 Sed
2000 4250 2253 4317 epistolam
2285 4251 2346 4304 ab
2380 4264 2433 4303 eo
2454 4253 2640 4304 alatam
2661 4260 2746 4301 esse
