3035 4941
558 419 734 503 1652

558 597 723 650 Nulla
755 594 892 645 enim
936 606 993 642 re
1027 587 1189 655 magis
1225 587 1454 652 populns
1497 598 1625 634 con·

559 676 775 735 citatur,
820 684 973 736 quam
1010 667 1053 717 si
1093 665 1207 732 quis
1244 676 1469 729 egenum
1506 674 1630 710 con·

559 758 781 803 temnat.
820 748 941 798 inde
982 753 1039 796 et
1076 744 1290 794 Sallust.
1336 739 1530 789 ‘Bonis
1555 739 1631 787 in-

558 828 759 887 vident,
782 834 835 876 et
859 824 1018 873 malos
1034 816 1328 871 extollunt-⁹
1367 818 1520 866 Idem.

624 904 851 954 Avaritia
871 900 1003 965 cide]
1037 896 1263 961 Proprie
1295 895 1402 944 vide
1438 899 1630 942 stoma·

560 981 836 1032 charitibus
855 976 1119 1038 convenit,
1149 973 1241 1038 qui
1264 969 1630 1034 indignatione

559 1065 820 1123 coguntur
850 1054 998 1121 quasi
1034 1066 1151 1103 cum
1185 1049 1358 1114 aliquo
1382 1044 1631 1109 colloqui.

561 1135 646 1183 Sic
672 1135 722 1182 in
749 1129 1026 1196 Adelphis,
1057 1129 1073 1157 ‘
1098 1120 1346 1177 Illud'sis
1384 1122 1502 1172 vide
1538 1135 1628 1171 ex·

555 1212 785 1275 emplum
808 1203 1133 1271 disciplinae.’
1168 1204 1302 1253 Sunt
1321 1201 1410 1267 qui
1435 1206 1631 1264 putent

557 1289 702 1337 illum
717 1286 871 1336 alicui
890 1284 955 1333 de
974 1295 1164 1332 corona
1176 1276 1629 1331 circumstantium

557 1365 738 1413 dicere
764 1360 1051 1411 moraliter.
1118 1357 1271 1406 Idem.

628 1438 854 1489 Avaritia
875 1433 1151 1500 quidfacit]
1177 1431 1354 1483 Plaut.
1379 1430 1626 1492 ‘Anrnm‚

560 1530 760 1580 quaeso,
779 1513 904 1580 qnid
924 1511 1112 1562 valet?
1153 1511 1280 1561 Mer.
1302 1508 1627 1559 Casaubonus.

633 1598 693 1642 12
748 1592 804 1642 Si
835 1593 1003 1642 herum
1037 1589 1339 1640 insimulabis
1375 1585 1625 1651 avaritias]

560 1670 866 1733 Insimulare‚
900 1676 983 1718 est
1005 1668 1204 1717 crimen
1223 1667 1487 1731 ingerere.
1528 1664 1626 1713 Do-

562 1756 726 1799 natus.

626 1826 687 1876 Si
728 1826 896 1874 herum
939 1819 1262 1883 insimulabis]
1318 1820 1629 1870 insimulatio

563 1908 645 1950 est
665 1909 720 1950 et
742 1900 861 1950 falsi
885 1906 943 1949 et
963 1899 1074 1948 veri
1098 1897 1330 1947 criminis
1351 1897 1629 1948 incusatio.

561 1980 635 2028 sic
673 1978 876 2033 Cicero.
911 1977 928 2004 ‘
952 1975 1091 2026 Nihil
1114 1988 1448 2039 eorum,qnae
1482 1973 1626 2024 Galli

562 2054 954 2115 insimulabant,
1017 2052 1315 2115 negarunt.’
1390 2050 1626 2099 Insimulo

563 2131 794 2195 genitivo
813 2128 1074 2194 jungitur.
1109 2128 1263 2176 Idem.

628 2208 764 2256 Male
785 2206 972 2270 audies]
1006 2204 1223 2254 Scilicet
1247 2217 1277 2251 a
1299 2217 1402 2253 me.
1439 2202 1593 2253 Idem.

633 2288 694 2332 13
733 2283 778 2330 Ο
810 2279 1079 2342 audaciam]
1145 2280 1280 2330 Haec
1316 2279 1629 2328 exclamatio

568 2359 800 2411 ostendit
842 2358 965 2424 quid
1002 2358 1220 2407 absente
1261 2362 1412 2420 patre
1447 2353 1630 2407 defen·

569 2437 709 2488 derit
731 2435 884 2486 filius.
921 2434 1073 2485 Idem.
1513 2415 1526 2430 ’

637 2520 678 2564 Ο
698 2510 981 2573 audaciam!
1012 2511 1158 2561 etiam
1180 2525 1254 2560 me
1272 2512 1401 2560 ultro
1435 2526 1630 2561 accusa·

568 2597 668 2641 tum
721 2586 947 2652 advenit]
1016 2586 1123 2638 Hic
1154 2587 1267 2651 jam
1320 2587 1634 2652 ostenditur,

568 2677 875 2733 persuasum
899 2677 1013 2714 esse
1031 2663 1371 2728 Demiphoni,
1405 2663 1508 2711 vim
1543 2662 1633 2712 ad-

568 2744 784 2793 hibitam
823 2740 933 2791 filio
978 2754 1089 2802 suo,
1142 2752 1358 2788 uxorem
1411 2738 1633 2789 ducere:

572 2836 696 2883 uno,
737 2834 894 2886 quum
933 2820 1067 2867 hunc
1090 2816 1341 2866 audacem
1365 2818 1635 2881 appellata

571 2900 760 2959 altero,
794 2896 931 2962 quod
977 2895 1110 2945 dicit
1152 2895 1315 2944 etiam.
1353 2908 1468 2959 quae
1512 2909 1635 2944 con-

560 2976 768 3041 junctio
789 2981 844 3025 et
868 2973 1220 3037 Antiphonem
1245 2973 1637 3038 complectitur,

573 3065 627 3104 et
649 3055 724 3104 sic
750 3060 1069 3104 accusatum.
1106 3052 1256 3102 Idem.
1326 3114 1333 3119 .
1464 3084 1469 3087 Α

637 3137 701 3182 14
754 3131 885 3180 Nam
913 3130 1023 3191 jam
1059 3127 1346 3179 adolescenti
1385 3127 1512 3178 nihil
1562 3133 1636 3178 est

569 3210 690 3274 quod
711 3207 1028 3271 succenseam]
1062 3206 1150 3256 Sic
1186 3205 1448 3255 subtiliter
1472 3219 1535 3254 ac
1556 3205 1635 3254 la·

573 3293 746 3335 tenter
781 3290 1032 3349 purgatur
1075 3298 1104 3331 a
1147 3283 1463 3333 Phormione
1495 3283 1634 3349 apud

571 3371 776 3427 patrem
816 3360 1068 3425 Antipho.
1122 3366 1245 3410 'nam
1286 3375 1442 3426 quum
1482 3360 1633 3420 dicit,

567 3443 584 3469 ‘
605 3440 749 3489 Nihil
785 3447 864 3489 est
902 3438 1039 3504 quod
1075 3446 1411 3487 succenseam
1435 3436 1635 3487 adoles·

569 3516 746 3576 centi,’
812 3513 1125 3575 ostenditur,
1190 3513 1357 3563 adhuc
1418 3529 1635 3563 succen-

572 3597 760 3656 suisse,
829 3599 884 3641 et
945 3591 1157 3640 inimico
1221 3589 1382 3638 fuisse
1444 3591 1632 3640 animo·

572 3672 746 3722 Quum
768 3675 941 3718 autem
965 3668 1132 3724 addit,
1166 3669 1180 3696 ‘
1206 3666 1263 3715 Si
1298 3666 1442 3716 illum
1465 3669 1634 3717 minus

568 3745 758 3811 norat,'
790 3746 1100 3807 ostenditur,
1148 3743 1525 3794 contradixisse
1568 3744 1635 3794 si·

570 3826 646 3890 bi,
681 3833 736 3876 et
758 3824 1015 3874 restitisse
1036 3821 1274 3887 judici03
1309 3829 1365 3871 et
1387 3822 1462 3872 sie
1486 3821 1635 3886 dicit,

570 3903 710 3968 quod
753 3903 793 3951 si
833 3901 1138 3963 adolescens
1191 3915 1297 3949 non
1350 3914 1634 3963 agnoscens

570 3981 798 4045 puellam
826 3980 1026 4029 veniam
1043 3994 1146 4028 non
1165 3978 1444 4037 meruerit;
1478 3985 1634 4042 pater

572 4064 765 4121 negata
808 4060 1034 4121 cognata
1089 4054 1219 4105 ferri
1278 4068 1380 4103 non
1444 4053 1633 4116 possit.

575 4137 726 4183 Idem.

640 4210 782 4258 Nihil
797 4213 865 4258 est
881 4210 1001 4272 quod
1016 4206 1330 4270 succenseam]
1355 4204 1635 4279 Succensere

573 4287 791 4336 dicimus
832 4301 968 4347 eum,
1006 4287 1094 4351 qui
1140 4300 1297 4349 quum
1337 4298 1513 4333 amare
1544 4283 1633 4331 de-

575 4364 719 4429 beat,
740 4365 892 4414 laesus
914 4363 1173 4413 irascitur.
1210 4363 1278 4410 Et
1304 4361 1438 4417 vide,
1467 4367 1526 4410 ut
1552 4374 1634 4409 ve·

1269 441 1485 491 No‘rAE
1537 421 1940 488 unionum
1991 435 2071 483 IN

1704 581 1954 632 teratorie
1972 578 2216 630 ostendat
2239 573 2615 628 contradixisse
2636 571 2734 624 ado·

1703 660 2010 709 lescentem.
2045 657 2197 707 Idem.

1773 742 1833 787 15
1870 735 1930 785 Si
1957 736 2096 784 illum
2116 732 2274 782 miuus
2291 721 2459 792 norat]
2491 723 2609 777 Non
2624 726 2736 775 dixit

1703 828 1799 862 non
1818 817 1978 874 norat,
2012 810 2124 873 sed,
2146 809 2304 858 minus
2319 811 2498 856 norat.-
2537 804 2669 870 qnasi
2692 810 2736 853 et

1706 889 1820 954 ipse
1844 901 1995 937 nosse
2018 886 2276 936 debuerit.
2311 883 2469 933 Idem.

1776 967 1962 1031 Quippe
1980 966 2136 1030 homo]
2191 965 2436 1028 Repente
2479 959 2655 1011 transit
2683 957 2736 1006 ad

1705 1044 2116 1106 Nominativum,
2170 1056 2327 1107 quum
2372 1052 2532 1103 supra
2569 1035 2739 1085 'dixerit

1702 1124 1865 1174 illum.-
1895 1129 1950 1173 et
1973 1122 2122 1172 deest
2144 1125 2249 1170 erat
2266 1134 2287 1178 ,·
2318 1116 2463 1183 qnod
2495 1113 2740 1163 assumitur

1707 1200 1773 1250 ab
1799 1197 2071 1249 inferiore.
2106 1198 2259 1246 Idem.

1768 1278 1887 1326 Jam
1922 1274 2182 1338 grandior]
2232 1271 2337 1322 Hic
2380 1268 2738 1332 comparativus

1704 1367 1805 1404 non
1828 1354 1991 1414 habet
2010 1348 2449 1414 significationem
2474 1360 2573 1411 qua
2603 1343 2741 1406 magis

1703 1432 1813 1480 sive
1837 1429 2006 1479 minus
2031 1443 2060 1477 a
2082 1426 2311 1492 positivo
2335 1422 2608 1488 significet.
2665 1422 2743 1482 Ut,

1701 1508 1719 1536 ‘
1741 1508 1861 1559 Jam
1906 1505 2098 1566 senior,
2152 1501 2247 1552 sed
2279 1500 2450 1550 cruda
2487 1499 2603 1562 deo,
2643 1495 2742 1545 viri·

1702 1584 1884 1648 disque
1906 1577 2191 1631 senectus?
2215 1573 2385 1628 'Idem-

1770 1659 1957 1723 Quippe
1990 1658 2125 1707 homo
2156 1654 2267 1715 jam
2305 1650 2570 1716 grandior]
2600 1649 2743 1711 Argu·

1703 1739 1941 1789 mentalis
1979 1735 2212 1786 narratio
2246 1733 2467 1790 dicitur,
2498 1745 2610 1795 quae
2633 1738 2743 1777 nunc

1703 1815 1942 1879 subjecta
1964 1820 2047 1862 est
2071 1812 2138 1861 ad
2175 1809 2334 1860 fidem
2370 1807 2673 1866 faciendam,
2702 1809 2745 1853 et

1704 1888 2128 1941 constituendam
2162 1901 2445 1952 personam
2468 1881 2745 1934 defensoris.

1704 1967 1774 2018 Et
1804 1967 2060 2031 grandior,
2098 1979 2203 2015 non
2244 1963 2476 2026 grandis.
2521 1960 2654 2026 quasi
2681 1957 2745 2007 di·

1704 2053 1812 2107 eat,
1863 2044 1950 2110 qui
1993 2041 2240 2107 grandior
2269 2039 2395 2104 fuit,
2429 2035 2581 2104 quam
2619 2034 2746 2085 atil*-

1705 2125 1813 2174 lum
1840 2121 2144 2172 adolescens
2167 2118 2366 2184 optime
2385 2131 2539 2168 nosse
2560 2119 2730 2181 posset.

1705 2202 1860 2252 Idem.

1767 2279 1887 2327 Jam
1904 2271 2166 2340 grandior]
2221 2272 2453 2335 Proprie
2479 2266 2670 2333 grandis
2694 2264 2747 2314 ad

1709 2356 1942 2421 speciem
1965 2352 2196 2405 refertur
2215 2349 2417 2400 aetatis.
2441 2357 2501 2397 nt
2522 2341 2746 2397 ‘Grandis

1707 2432 1874 2501 puer,’
1894 2439 1951 2483 et
1986 2428 2247 2482 ‘Grandis
2271 2426 2481 2492 virgot'
2520 2420 2747 2475 ‘Grandis

1705 2512 1872 2575 natu‚'
1904 2525 2067 2561 senex
2087 2508 2299 2558 dicitur.
2336 2502 2494 2556 Idem.

1774 2594 1838 2640 16
1874 2589 1966 2638 Cui
1985 2601 2126 2652 opera
2139 2584 2243 2634 vita
2257 2581 2391 2645 erat]
2427 2580 2534 2631 Hic
2550 2573 2752 2628 ostendit

1707 2680 1862 2731 quam
1886 2677 2085 2728 pauper
2096 2660 2275 2711 fuerit.
2301 2664 2358 2707 et
2380 2672 2524 2722 opera
2541 2653 2666 2723 sesti
2683 2660 2750 2700 cr-

1711 2752 1795 2793 sus
1818 2749 1920 2806 est,
1944 2749 2002 2791 et
2022 2741 2130 2791 vita
2155 2734 2503 2788 Nominativi.
2538 2732 2675 2781 Idem.

1779 2820 1873 2869 Cui
1894 2834 2034 2883 opera
2056 2817 2160 2866 cita
2181 2810 2311 2876 erat]
2336 2813 2504 2876 Opera
2521 2810 2613 2873 pro
2633 2806 2748 2854 victu

1711 2894 1906 2959 posuit.
1927 2900 1997 2943 'et
2019 2907 2161 2957 opera
2202 2889 2286 2939 hic
2321 2886 2601 2938 Ablativus
2622 2891 2746 2934 casus

1710 2977 1811 3021 est.
1851 2969 2009 3020 Idem.

1778 3049 1871 3098 Cui
1906 3062 2046 3111 opera
2078 3046 2182 3096 vita
2214 3043 2339 3108 erat]
2371 3043 2524 3092 Bene
2547 3037 2750 3103 explicat

1712 3125 1985 3191 Gnyetus3
2034 3131 2089 3174 et
2127 3131 2251 3173 ante
2296 3134 2416 3171 eum
2459 3115 2747 3170 Lindenbro‘·

1711 3202 1845 3266 gius.
1894 3200 2065 3253 Nimis
2082 3198 2317 3249 devertit
2333 3196 2633 3246 Palmerins.
2653 3192 2746 3240 Βα-

1707 3278 1876 3341 clerus.
2183 3274 2186 3279 ’

1779 3356 1874 3406 Cui
1916 3369 2057 3418 opera
2097 3352 2204 3403 vita
2224 3349 2355 3414 erat]
2396 3350 2535 3413 Vita,
2572 3345 2664 3412 (ait
2681 3342 2747 3393 liic

1711 3430 1811 3498 D.)
1845 3432 1926 3482 ita
1964 3430 2099 3481 enim
2142 3425 2441 3493 legendum,
2485 3428 2675 3475 non‘nt
2704 3420 2747 3469 in

1711 3511 1919 3575 nuperis
1969 3505 2304 3568 editionibus,
2335 3516 2496 3568 opera,
2529 3512 2618 3568 pro
2645 3499 2748 3549 victa

1712 3588 1905 3653 posuit,
1935 3591 1984 3635 et
2022 3598 2162 3649 opera
2197 3583 2283 3631 hic
2315 3581 2591 3630 Ablativus
2624 3586 2746 3625 casus

1711 3670 1809 3717 est.
1844 3664 1945 3726 aliiv
1968 3661 2296 3712 contendunt
2332 3672 2449 3707 esse
2491 3648 2750 3705 Nominati·

1711 3757 1851 3803 vum,
1885 3740 2073 3807 quibus
2106 3726 2584 3802 potius—assentior,
2614 3741 2747 3794 quan-

1711 3834 1867 3885 quam
1891 3815 2170 3868 sententiae
2190 3826 2294 3863 non
2314 3811 2531 3860 multum
2555 3802 2747 3856 intersit.

1713 3896 1826 3946 Cic.
1870 3899 1885 3924 ‘
1922 3893 2213 3946 Illiberales
2264 3895 2439 3940 autem
2484 3893 2540 3936 et
2580 3878 2747 3932 sordidi

1711 3976 1941 4039 quaestus
1960 3969 2420 4028 mercenariorum,
2444 3961 2742 4021 omniumque

1711 4065 1926 4115 quorum
1973 4062 2171 4113 operae,
2227 4060 2328 4094 non
2373 4056 2586 4107 quorum
2627 4040 2742 4086 artes

1658 4144 1664 4148 ·
1712 4122 1987 4175 emuntur.'
2023 4126 2151 4173 Mer.
2180 4120 2495 4170 casaubonus.

1779 4203 1906 4251 Ruri
1926 4200 2063 4262 fere]
2092 4198 2157 4250 Id
2202 4204 2305 4258 est,
2338 4196 2443 4244 ruri
2494 4204 2646 4257 opera
2679 4186 2741 4236 fa*-

1713 4280 1901 4330 ciendo
1948 4277 2221 4342 quaerebat
2264 4273 2453 4324 cibum.
2521 4269 2589 4319 Et
2631 4268 2741 4333 bene

1716 4355 1918 4419 addidit
1937 4354 2082 4415 fere‚·
2122 4367 2223 4403 non
2247 4350 2385 4401 enim
2418 4359 2635 4410 semper,
2663 4338 2738 4390 sed
