3035 4941
747 441 1118 491 TERENTU
1168 440 1454 493 HECYR.
1502 444 1670 493 AO‘r.
1718 442 1818 493 IV.
1855 444 1969 495 Sc.
2019 448 2100 496 11.

288 588 363 673 et
370 584 683 649 gymasiis.
671 584 708 619 ³·
742 587 1004 639 Boeelem.

308 660 503 712 Tetus
509 663 687 718 anticus
708 669 775 728 te,
797 670 846 715 et
867 671 1095 729 cognatas
1129 666 1362 741 deserere]

291 740 424 791 Quae
452 739 614 790 vitam
638 741 907 806 urbanam,
941 752 1002 793 ιιι
1027 745 1077 793 in
1116 759 1175 794 re
1198 736 1360 808 lauta,

292 816 477 865 omnes
497 816 902 883 amplectuntur.
943 823 1127 886 hinc‚‘
1153 821 1238 870 Ab
1270 821 1362 871 ho-

289 892 516 942 minibus
559 895 816 960 relegati,’
873 894 1119 949 Ciceroni
1160 911 1251 948 ιιι.
1295 892 1362 949 de

288 967 404 1019 Off.
439 970 700 1035 dicuntur,
723 975 811 1039 qui
856 974 962 1025 ruri
998 975 1236 1026 habitare
1275 990 1362 1026 co-

291 1055 505 1112 guntur.
540 1050 672 1099 Mer.
700 1052 1020 1102 casaubonus.

357 1125 596 1186 Etsestos
616 1127 741 1191 dies]
773 1130 904 1179 Tum
929 1131 1067 1180 enim
1094 1133 1363 1198 praecipue

290 1200 643 1256 convivia'et
695 1210 1149 1275 compotationeg:
1225 1211 1366 1262 unde

292 1281 473 1331 Plaut.
508 1282 701 1333 ‘Festo
739 1283 826 1335 die
869 1286 914 1334 si
956 1287 1079 1350 quid
1105 1287 1365 1352 prodege-

291 1357 384 1421 ris,
419 1357 666 1411 Profesto
711 1375 867 1426 egere
907 1363 1086 1428 liceat,
1132 1364 1233 1414 nisi
1273 1380 1365 1430 pe-

289 1436 557 1499 perceris?
576 1434 917 1489 nisielzaristia
936 1455 1052 1504 quae
1073 1442 1356 1507 vocabant,

291 1513 510 1578 proprie
532 1515 882 1579 intellexerit3
904 1516 971 1567 de
995 1516 1355 1583 quibusOvid.

293 1589 584 1651 (Proxima
627 1593 836 1657 cognati
878 1592 1061 1644 dixere
1092 1595 1361 1646 charistia

291 1667 441 1716 chari
462 1682 477 1716 z
513 1669 585 1718 Et
621 1670 765 1720 venit
787 1671 851 1720 ad
877 1672 1044 1722 socios
1063 1673 1218 1723 turba
1241 1676 1360 1739 pro'-

287 1745 489 1810 pinqua
522 1746 696 1797 Deos.’
731 1748 797 1798 de
819 1749 1006 1814 quibus
1046 1751 1197 1815 plura
1238 1752 1361 1804 doc-

289 1822 410 1873 tiss.
433 1823 726 1875 Kindanbr.
748 1826 850 1876 hic.
887 1828 1034 1878 Idem.
1079 1854 1085 1859 -

300 1914 331 1935 ·-·
359 1903 423 1949 17
455 1901 732 1952 Meae-ausa
761 1904 891 1968 nolo]
928 1905 1046 1952 Non
1072 1910 1155 1953 est
1179 1919 1359 1969 super·

288 1976 414 2026 bum
441 1980 576 2033 nolo.-
611 1980 704 2030 sed
728 1981 1102 2031 cousuetudine
1145 1982 1355 2034 dicitur.

294 2054 540 2106 Donatus.

289 2209 401 2260 nia.
466 2211 538 2261 Et
556 2211 621 2261 ab
647 2213 836 2263 ultimis
859 2214 1066 2277 incipit.
1099 2215 1249 2266 Idem.

359 2287 507 2337 Istaec
547 2289 650 2353 res]
689 2289 937 2354 Amicae‚
930 2298 1207 2405 cognatae,
1243 2292 1356 2342 dies

290 2361 440 2414 festi.
478 2363 648 2414 Idm.

318 2443 427 2490 18
458 2440 594 2492 Dum
623 2444 784 2494 :etatis
814 2449 998 2509 tempus
1032 2447 1170 2512 tulit]
1208 2447 1359 2511 filit,

290 2531 390 2580 pro
415 2533 620 2582 passum
644 2528 742 2584 est,
766 2525 1018 2586 permisit.
1052 2532 1107 2576 et
1129 2527 1183 2576 iu
1206 2527 1357 2577 bonis

293 2595 453 2660 enim,
469 2603 526 2647 et
547 2598 600 2647 in
623 2602 774 2650 malis
797 2600 1009 2653 dicitur.
1043 2605 1193 2657 Idem.
1278 2611 1281 2614 ’

318 2711 323 2712 ff
362 2673 495 2723 Dum
529 2678 690 2726 oetatis
723 2682 903 2742 tempus
941 2682 1073 2745 tulit,
1107 2683 1357 2747 perfuncta

291 2753 419 2801 satis
437 2755 559 2819 sum]
592 2754 668 2817 Si,
690 2755 882 2821 inquit,
904 2761 1034 2808 ineae
1069 2760 1356 2824 voluptatis

293 2841 455 2879 eausa
478 2831 766 2881 exercenda
783 2839 920 2895 sunt,
935 2833 1044 2897 jam
1065 2849 1164 2885 non
1188 2837 1359 2887 delec-

293 2912 446 2955 tant:
483 2907 527 2955 si
549 2899 704 2957 officii
728 2922 790 2957 88
815 2909 1098 2973 religionis,
1112 2912 1219 2977 jam
1254 2928 1360 2963 non

293 2997 537 3047 possum,
562 2998 678 3049 quae
716 2985 810 3034 sim
835 3000 978 3037 anus.
1046 2987 1362 3041 Necessaria

294 3059 511 3109 divisim
543 3063 666 3125 quia
688 3062 773 3110 ille
796 3068 851 3111 et
870 3064 1170 3128 religionem
1189 3066 1360 3117 incus-

234 3145 237 3146 ’
296 3143 444 3187 serat
457 3136 707 3187 festorum
730 3137 947 3188 dierum.
980 3141 1129 3191 Idem.

318 3215 501 3265 -,Dum
529 3216 690 3264 celatis
720 3220 902 3279 tempus
935 3216 1074 3281 tulit]
1110 3217 1247 3275 Non,
1283 3218 1359 3269 in-

295 3294 433 3357 quit,
458 3290 956 3359 reprehendat,quae
979 3301 1358 3358 quumpotne·

297 3361 415 3430 rim,
436 3368 713 3432 perfuncta
733 3369 858 3420 satis
889 3385 1017 3422 sum.
1084 3372 1171 3422 Sic
1194 3373 1364 3437 Virgi-

294 3445 423 3503 lius,
435 3447 451 3475 ‘
471 3447 566 3497 Sat
599 3447 783 3560 patriae
809 3447 1124 3512 Priamoque
1145 3447 1364 3499 datum!

301 3525 460 3575 Idem.

302 3628 313 3633 -
363 3600 533 3649 Satias
551 3599 741 3661 mejam
751 3600 907 3664 tenet]
927 3600 1098 3650 Nimis
1121 3610 1360 3654 materne

296 3684 460 3741 atque
478 3677 701 3727 aniliter.
736 3677 886 3728 Idem.
964 3702 971 3717 ·-

304 3793 311 3799 .
367 3758 432 3803 19
467 3754 591 3803 Hoec
613 3754 732 3802 mihi
751 3768 876 3803 nunc
896 3769 1011 3804 cura
1030 3760 1104 3806 est
1124 3756 1366 3821 maxuma]

298 3830 424 3882 Hoc
457 3829 608 3879 nimis
647 3830 782 3880 serio
819 3832 1275 3894 pronuntiandum.
1309 3841 1364 3884 et

294 3924 358 3959 ne
375 3908 460 3959 cui
480 3908 676 3971 odiose,
708 3922 775 3957 ne
791 3907 883 3956 tibi
903 3907 1131 3959 diceret(
1159 3912 1311 3960 Idem.
1352 3921 1358 3929 ’

301 4007 329 4030 ,π
371 3986 442 4036 Ut
459 3999 521 4035 ne
539 3984 746 4035 oaimoe
764 3983 1091 4047 longinquitas
1107 3989 1267 4037 oetotis
1286 3988 1364 4037 ob-

295 4062 423 4127 stet]
453 4061 574 4112 Hoc
591 4061 655 4111 ad
676 4074 887 4123 nurum,
911 4064 1361 4124 exspectationem

297 4143 369 4193 ad
433 4140 592 4191 fllium
637 4136 822 4189 refert.
878 4136 998 4186 hinc
1050 4140 1186 4189 enim
1242 4141 1369 4192 odio

296 4219 446 4283 digni
461 4223 723 4283 parentes,
737 4214 996 4278 exspectati
1010 4217 1361 4278 appellantur.

302 4299 459 4352 Idem·
506 4330 523 4336 ν
576 4317 585 4320 ·

369 4363 436 4425 20
462 4357 812 4438 Longinquitas
839 4323 1001 4426 oetutis
1038 4326 1211 4438 obstet,
1244 4387 1367 4423 mor-

2244 380 2268 449 s
2334 428 2522 541 1573m

1354 581 1361 601 f
1442 595 1593 641 teme
1624 594 1865 656 'exspectet
1895 591 2074 656 meam]
2103 588 2279 659 Quum
2324 592 2507 644 sedulo

1442 675 1567 733 agat
1604 683 1801 732 socrus,
1831 684 1899 719 ne
1919 670 2045 735 quid
2064 683 2160 734 per
2181 670 2505 720 iracundiam

1440 747 1685 796 statuisse
1734 746 1994 796 videatur.
2058 746 2194 797 Vide
2232 753 2404 797 tamen
2446 753 2507 798 ιιι

1442 821 1859 872 intermisceatur
1891 822 2199 886 indignatio,
2239 829 2300 873 et
2335 824 2507 874 multa

1443 897 1626 947 dolore
1648 898 1961 963 deprompta
1980 898 2117 948 sint:
2154 898 2293 964 quod
2336 898 2507 949 Poeta

1443 984 1546 1024 non
1567 975 1757 1025 invitus
1776 974 1926 1038 facit,
1943 975 2007 1025 ad
2024 990 2188 1025 mores
2209 976 2503 1041 exprimen-

1444 1051 1561 1112 dos,
1583 1065 1933 1117 personasque
1956 1051 2267 1101 reddendas.
2302 1052 2474 1101 Idem·

1511 1128 1861 1192 Longinquitas
1868 1127 2051 1191 matis]
2070 1127 2385 1193 Longitudo‚
2397 1128 2509 1178 diu-

1445 1205 1695 1255 turnitas.
1728 1206 1857 1256 Mer.
1884 1205 2219 1256 casaubonus.-

1474 1318 1477 1321 -
1506 1286 1538 1331 ⁸
1574 1275 1840 1333 Mortemoe
1860 1288 2096 1347 exspectet
2118 1282 2368 1348 meam]1n
2389 1282 2504 1333 aliis

1445 1366 1667 1426 exoptet,
1656 1377 1671 1392 ·
1702 1362 1793 1411 sed
1817 1363 2068 1426 glossema
2090 1369 2189 1413 est.
2218 1361 2392 1412 Faber.
2437 1378 2445 1391 ³
2483 1368 2492 1391 ⁵

1513 1441 1748 1505 Exoptet]
1779 1441 1884 1490 Alii
1908 1445 2166 1505 eoespectet,
2199 1439 2336 1505 quod
2375 1446 2506 1504 puto

1438 1518 1647 1568 verius.
1698 1517 1789 1567 sed
1829 1518 2011 1568 eadem
2054 1518 2350 1568 sententia.
2375 1517 2503 1567 Mer

1444 1595 1766 1645 casaubonus

1507 1679 1569 1724 21
1609 1676 1709 1724 Hic
1741 1676 1876 1724 video
1904 1690 1980 1725 me
1999 1688 2099 1724 esse
2118 1673 2322 1723 invisam
2340 1673 2507 1722 imme-

1443 1751 1564 1815 rito]
1596 1752 1734 1805 Quia
1757 1766 1843 1801 rus
1876 1752 2088 1801 decrevi
2110 1764 2365 1816 pergere.
2399 1756 2505 1801 non

1442 1830 1584 1893 qnasi
1608 1844 1793 1878 nurum
1820 1828 2063 1889 vitatnra,
2097 1826 2188 1876 sed
2212 1827 2399 1876 lo'cum.
2435 1827 2509 1876 Et

1439 1904 1567 1954 mire
1584 1906 1808 1965 invisam,
1826 1909 1881 1953 et
1901 1917 2001 1952 nou
2027 1902 2233 1952 addidit
2254 1902 2375 1951 8ιιί.
2412 1901 2506 1952 sed

1439 1980 1596 2045 dixit,
1643 1985 1826 2044 tempus
1877 1985 1948 2030 est
2014 1980 2281 2028 concedere.
2351 1970 2509 2029 Quia

1350 2082 1355 2091 ·
1436 2073 1564 2108 anus
1587 2058 1737 2108 sum?
1768 2071 1834 2106 au
1859 2056 1977 2123 quia
2012 2070 2175 2143 nurus
2216 2055 2269 2104 in
2309 2053 2507 2104 domo?

1444 2136 1685 2185 Donatus.
2333 2160 2336 2165 ·

1505 2219 1571 2265 22
1608 2216 1782 2265 Omnes
1801 2229 1968 2264 causas
1983 2160 2240 2278 praecidam
2261 2209 2505 2275 omnibus]

1438 2292 1587 2341 Beue
1622 2291 1861 2340 omnibus.-
1894 2305 1963 2340 ne
2001 2289 2301 2354 specialiter
2342 2288 2506 2338 laesis-

1434 2375 1516 2418 set
1575 2382 1778 2417 nurum.
1847 2368 1918 2417 Et
1972 2365 2293 2476 generaliter
2353 2364 2509 2459 dixit.

1436 2444 1595 2497 Idem.
1747 2477 1752 2480 -
2209 2460 2212 2465 ⁸
2381 2466 2384 2469 ·
2461 2460 2466 2465 ·

1475 2528 1566 2574 23
1603 2525 1673 2574 Et
1704 2523 1802 2574 illis
1831 2538 2008 2573 morem
2024 2521 2236 2585 gessero]
2267 2521 2413 2572 Mire
2429 2522 2493 2571 il-

1435 2600 1499 2649 lis
1522 2614 1623 2651 non
1644 2594 1814 2651 aurai.
1859 2602 1931 2650 Et
1950 2613 2127 2649 morem
2138 2612 2348 2661 gessem,
2372 2599 2502 2648 acri·

1435 2683 1519 2725 ter
1541 2675 1738 2726 dictum
1762 2682 1817 2726 ut
1841 2676 2104 2739 ostendat,
2120 2677 2224 2725 hoc
2250 2676 2365 2725 illos
2384 2676 2511 2725 olim

1436 2753 1680 2814 voluisse,
1712 2760 1774 2803 ut
1810 2753 2166 2834 expelleretur
2185 2752 2358 2803 domo.
2379 2760 2439 2801 ιιι
2460 2753 2510 2803 8ὶ

1439 2829 1604 2890 dicas,
1626 2830 1886 2879 inimicum
1922 2830 2019 2879 tibi
2046 2827 2240 2879 morem
2270 2830 2509 2894 gessisse,

1443 2907 1582 2972 quod
1608 2921 1663 2956 se
1681 2906 2045 2971 suspenderet.
2080 2908 2231 2958 Idem.

1451 3010 1457 3017 ·
1507 2985 1693 3034 Morem
1719 2986 1932 3050 gessero]
1984 2984 2312 3049 Obseqiien5‚
2343 2983 2511 3033 indul-

1443 3075 1571 3125 gens
1594 3060 1763 3112 fuero:
1798 3062 1930 3112 Mer.
1956 3060 2306 3110 Caseubonus.
2439 3079 2442 3084 ·

1450 3175 1469 3203 .¹
1506 3143 1572 3189 24
1604 3138 1723 3189 Sine
1760 3155 1833 3189 me
1866 3139 2051 3188 obsecro
2089 3137 2327 3203 effugere]
2371 3135 2512 3189 Quia

1441 3213 1646 3267 dixerat
1669 3218 1888 3266 maritus
1912 3217 2040 3280 ejus,
2062 3217 2078 3244 ‘
2105 3214 2303 3264 Omnes
2328 3227 2511 3264 socrus

1444 3296 1670 3347 oderunt
1687 3294 1881 3344 nurus.'
1914 3294 2151 3343 Donatus.
2247 3325 2251 3330 -

1452 3395 1469 3412 κ
1507 3373 1622 3423 Sine
1642 3387 1717 3422 me
1735 3370 2273 3435 obsecrohoceffugere]
2308 3370 2506 3419 Poten-

1443 3451 1696 3502 tissimum
1736 3456 1818 3499 est
1863 3449 1929 3498 ad
1969 3447 2381 3512 extorquendum
2420 3446 2509 3496 ali-

1444 3526 1582 3593 quod
1603 3531 1980 3591 argumentum,
2009 3538 2165 3590 quum
2200 3523 2300 3572 illis
2321 3521 2510 3588 quibus

1443 3605 1585 3655 ellari
1610 3619 1721 3654 esse
1740 3603 2013 3665 debemus,
2034 3609 2213 3651 nostra
2237 3614 2394 3651 causa
2417 3614 2510 3664 po·

1444 3684 1739 3747 tius,‹quam
1766 3681 1987 3736 illorum,
2005 3678 2223 3745 dicimus
2243 3678 2511 3738 vellemus,

1447 3765 1539 3809 aut
1581 3758 1718 3807 nolle
1770 3757 1904 3821 quod
1953 3754 2189 3806 facimus.
2260 3757 2394 3805 Nam
2454 3761 2511 3804 et

1446 3835 1752 3899 Pamphilus
1786 3847 1944 3897 supra
1975 3833 2052 3881 sic
2082 3832 2266 3896 dixit,‘
2292 3833 2412 3881 Non
2432 3829 2508 3880 fa-

1446 3915 1574 3975 cies,
1594 3927 1763 3977 neque
1787 3912 1965 3959 sinam.
1969 3908 1984 3930 '
2022 3910 2169 3958 Idem.

1482 3990 1654 4045 Quod
1696 3986 1817 4035 male
1858 3982 2018 4046 audit]
2065 3984 2231 4048 Supra
2269 3981 2405 4031 dixit
2445 3980 2510 4031 ab

1443 4066 1679 4115 honesto.
1715 4061 1865 4111 Idem.

1513 4139 1675 4202 Quod]
1707 4138 1939 4200 Propter
1970 4132 2125 4199 quod,
2156 4137 2215 4182 ιιι
2254 4131 2376 4182 alibi
2403 4146 2507 4182 non

1447 4218 1622 4269 semel.
1662 4214 1792 4263 Mer.
1818 4210 2133 4261 Cambonum.
2313 4239 2314 4242 =

1513 4301 1577 4345 25
1610 4290 1802 4355 Absque
1848 4303 1945 4338 una
1991 4288 2080 4337 hac
2120 4284 2279 4349 soret]
2320 4285 2511 4350 Absque

1449 4380 1629 4423 extra.
1667 4378 1727 4420 ut
1750 4369 1819 4420 sit
1839 4368 2140 4418 adverbium
2165 4366 2345 4431 magis,
2356 4380 2510 4431 quam
