<?xml version="1.0" encoding="UTF-8"?>
<!DOCTYPE html PUBLIC "-//W3C//DTD XHTML 1.0 Transitional//EN"
    "http://www.w3.org/TR/xhtml1/DTD/xhtml1-transitional.dtd">
<html xmlns="http://www.w3.org/1999/xhtml" xml:lang="en" lang="en">
 <head>
  <title>
</title>
<meta http-equiv="Content-Type" content="text/html;charset=utf-8" />
  <meta name='ocr-system' content='tesseract 3.04.00' />
  <meta name='ocr-capabilities' content='ocr_page ocr_carea ocr_par ocr_line ocrx_word'/>
</head>
<body>
  <div class='ocr_page' id='page_1' title='image "./comoedisexvolum00westgoog_0591.png"; bbox 0 0 3035 4941; ppageno 0'>
   <div class='ocr_carea' id='block_1_1' title="bbox 780 419 2091 471">
    <p class='ocr_par' dir='ltr' id='par_1_1' title="bbox 780 419 2091 471">
     <span class='ocr_line' id='line_1_1' title="bbox 780 419 2091 471; baseline 0.004 -5"><span class='ocrx_word' id='word_1_1' title='bbox 780 419 1148 468; x_wconf 79' lang='lat' dir='ltr'><strong>TERENTII</strong></span> <span class='ocrx_word' id='word_1_2' title='bbox 1196 420 1480 471; x_wconf 78' lang='lat' dir='ltr'><strong>PHORM.</strong></span> <span class='ocrx_word' id='word_1_3' title='bbox 1526 422 1693 469; x_wconf 78' lang='lat' dir='ltr'><strong>Ac‘r.</strong></span> <span class='ocrx_word' id='word_1_4' title='bbox 1728 425 1775 469; x_wconf 72' lang='lat'><strong>1.</strong></span> <span class='ocrx_word' id='word_1_5' title='bbox 1822 423 1930 470; x_wconf 83' lang='lat' dir='ltr'><strong>SC.</strong></span> <span class='ocrx_word' id='word_1_6' title='bbox 1978 424 2091 471; x_wconf 86' lang='lat'><strong>111.</strong></span> 
     </span>
    </p>
   </div>
   <div class='ocr_carea' id='block_1_2' title="bbox 306 558 1400 4391">
    <p class='ocr_par' dir='ltr' id='par_1_2' title="bbox 311 558 1383 841">
     <span class='ocr_line' id='line_1_2' title="bbox 311 558 1379 627; baseline 0.002 -18"><span class='ocrx_word' id='word_1_7' title='bbox 311 558 426 622; x_wconf 79' lang='lat' dir='ltr'><strong>jam</strong></span> <span class='ocrx_word' id='word_1_8' title='bbox 450 562 797 612; x_wconf 78' lang='lat' dir='ltr'><strong>consueverit.</strong></span> <span class='ocrx_word' id='word_1_9' title='bbox 843 571 895 613; x_wconf 85' lang='lat' dir='ltr'><strong>et</strong></span> <span class='ocrx_word' id='word_1_10' title='bbox 933 562 1050 611; x_wconf 90' lang='lat' dir='ltr'><strong>ideo</strong></span> <span class='ocrx_word' id='word_1_11' title='bbox 1090 562 1379 627; x_wconf 79' lang='lat' dir='ltr'><strong>subjungit,</strong></span> 
     </span>
     <span class='ocr_line' id='line_1_3' title="bbox 321 638 1383 703; baseline 0.003 -18"><span class='ocrx_word' id='word_1_12' title='bbox 321 640 339 663; x_wconf 93' lang='lat'>‘</span> <span class='ocrx_word' id='word_1_13' title='bbox 370 638 509 687; x_wconf 88' lang='lat' dir='ltr'><strong>Dum</strong></span> <span class='ocrx_word' id='word_1_14' title='bbox 554 646 805 701; x_wconf 82' lang='lat' dir='ltr'><strong>exspecto</strong></span> <span class='ocrx_word' id='word_1_15' title='bbox 840 655 996 703; x_wconf 84' lang='lat' dir='ltr'><strong>quam</strong></span> <span class='ocrx_word' id='word_1_16' title='bbox 1035 654 1151 689; x_wconf 88' lang='lat' dir='ltr'><strong>mox</strong></span> <span class='ocrx_word' id='word_1_17' title='bbox 1191 641 1383 703; x_wconf 87' lang='lat' dir='ltr'><strong>veniat,</strong></span> 
     </span>
     <span class='ocr_line' id='line_1_4' title="bbox 324 715 1383 777; baseline 0.003 -15"><span class='ocrx_word' id='word_1_18' title='bbox 324 715 413 777; x_wconf 77' lang='lat' dir='ltr'><strong>qui</strong></span> <span class='ocrx_word' id='word_1_19' title='bbox 431 716 561 772; x_wconf 84' lang='lat' dir='ltr'><strong>hanc</strong></span> <span class='ocrx_word' id='word_1_20' title='bbox 576 716 698 765; x_wconf 88' lang='lat' dir='ltr'><strong>mihi</strong></span> <span class='ocrx_word' id='word_1_21' title='bbox 712 718 906 767; x_wconf 79' lang='lat' dir='ltr'><strong>adimat</strong></span> <span class='ocrx_word' id='word_1_22' title='bbox 922 716 1383 766; x_wconf 69' lang='lat' dir='ltr'><strong>consuetudinem!</strong></span> 
     </span>
     <span class='ocr_line' id='line_1_5' title="bbox 330 792 482 843; baseline 0.015 -4"><span class='ocrx_word' id='word_1_23' title='bbox 330 792 482 843; x_wconf 79' lang='lat' dir='ltr'><strong>Idem.</strong></span> 
     </span>
    </p>

    <p class='ocr_par' dir='ltr' id='par_1_3' title="bbox 321 823 1383 1081">
     <span class='ocr_line' id='line_1_6' title="bbox 383 823 1383 933; baseline 0.002 -18"><span class='ocrx_word' id='word_1_24' title='bbox 383 870 565 933; x_wconf 81' lang='lat' dir='ltr'><strong>Audio]</strong></span> <span class='ocrx_word' id='word_1_25' title='bbox 603 870 758 919; x_wconf 79' lang='lat' dir='ltr'><strong>Audio</strong></span> <span class='ocrx_word' id='word_1_26' title='bbox 785 885 878 933; x_wconf 89' lang='lat' dir='ltr'><strong>per</strong></span> <span class='ocrx_word' id='word_1_27' title='bbox 918 868 1151 933; x_wconf 76' lang='grc' dir='ltr'><strong><em>εἰρωνείαν</em></strong></span> <span class='ocrx_word' id='word_1_28' title='bbox 1194 823 1383 918; x_wconf 80' lang='lat' dir='ltr'><strong>dicitur</strong></span> 
     </span>
     <span class='ocr_line' id='line_1_7' title="bbox 321 943 1383 996; baseline 0.003 -5"><span class='ocrx_word' id='word_1_29' title='bbox 321 943 476 992; x_wconf 77' lang='lat' dir='ltr'><strong>niodo</strong></span> <span class='ocrx_word' id='word_1_30' title='bbox 513 960 542 992; x_wconf 89' lang='lat' dir='ltr'><strong>a</strong></span> <span class='ocrx_word' id='word_1_31' title='bbox 582 951 950 996; x_wconf 79' lang='lat' dir='ltr'>contemnente</span> <span class='ocrx_word' id='word_1_32' title='bbox 987 947 1185 995; x_wconf 89' lang='lat' dir='ltr'><strong>dictum</strong></span> <span class='ocrx_word' id='word_1_33' title='bbox 1228 945 1383 994; x_wconf 87' lang='lat' dir='ltr'><strong>Anti-</strong></span> 
     </span>
     <span class='ocr_line' id='line_1_8' title="bbox 333 1020 720 1081; baseline 0.011 -15"><span class='ocrx_word' id='word_1_34' title='bbox 333 1020 537 1081; x_wconf 86' lang='lat' dir='ltr'><strong>phonis.</strong></span> <span class='ocrx_word' id='word_1_35' title='bbox 569 1022 720 1071; x_wconf 88' lang='lat' dir='ltr'><strong>Idem.</strong></span> 
     </span>
    </p>

    <p class='ocr_par' dir='ltr' id='par_1_4' title="bbox 322 1096 1389 1392">
     <span class='ocr_line' id='line_1_9' title="bbox 381 1096 1388 1160; baseline 0 -16"><span class='ocrx_word' id='word_1_36' title='bbox 381 1097 570 1160; x_wconf 73' lang='lat' dir='ltr'><strong>Audio]</strong></span> <span class='ocrx_word' id='word_1_37' title='bbox 630 1097 820 1146; x_wconf 79' lang='lat' dir='ltr'><strong>Omnia</strong></span> <span class='ocrx_word' id='word_1_38' title='bbox 872 1096 1082 1147; x_wconf 83' lang='lat' dir='ltr'><strong>deridet</strong></span> <span class='ocrx_word' id='word_1_39' title='bbox 1125 1096 1388 1159; x_wconf 66' lang='lat' dir='ltr'><strong>Phaedria,</strong></span> 
     </span>
     <span class='ocr_line' id='line_1_10' title="bbox 324 1171 1386 1237; baseline 0.003 -17"><span class='ocrx_word' id='word_1_40' title='bbox 324 1174 563 1235; x_wconf 85' lang='lat' dir='ltr'><strong>cupiens</strong></span> <span class='ocrx_word' id='word_1_41' title='bbox 566 1171 788 1223; x_wconf 84' lang='lat' dir='ltr'><strong>fructum</strong></span> <span class='ocrx_word' id='word_1_42' title='bbox 814 1175 1001 1224; x_wconf 74' lang='lat' dir='ltr'><strong>amonis</strong></span> <span class='ocrx_word' id='word_1_43' title='bbox 1029 1176 1109 1223; x_wconf 87' lang='lat' dir='ltr'><strong>vel</strong></span> <span class='ocrx_word' id='word_1_44' title='bbox 1141 1174 1386 1237; x_wconf 86' lang='lat' dir='ltr'><strong>periculis</strong></span> 
     </span>
     <span class='ocr_line' id='line_1_11' title="bbox 325 1248 1389 1316; baseline 0.003 -19"><span class='ocrx_word' id='word_1_45' title='bbox 325 1248 562 1314; x_wconf 82' lang='lat' dir='ltr'>adipisci.</span> <span class='ocrx_word' id='word_1_46' title='bbox 631 1252 726 1300; x_wconf 83' lang='lat' dir='ltr'><strong>Est</strong></span> <span class='ocrx_word' id='word_1_47' title='bbox 738 1266 868 1315; x_wconf 56' lang='lat' dir='ltr'><strong>&gt;ergo</strong></span> <span class='ocrx_word' id='word_1_48' title='bbox 890 1253 1030 1301; x_wconf 77' lang='lat' dir='ltr'><strong>audio</strong></span> <span class='ocrx_word' id='word_1_49' title='bbox 1052 1250 1272 1316; x_wconf 79' lang='grc' dir='ltr'><strong><em>εἰρωνεία,</em></strong></span> <span class='ocrx_word' id='word_1_50' title='bbox 1294 1265 1389 1315; x_wconf 85' lang='lat' dir='ltr'><strong>pro</strong></span> 
     </span>
     <span class='ocr_line' id='line_1_12' title="bbox 322 1328 1370 1392; baseline 0.003 -18"><span class='ocrx_word' id='word_1_51' title='bbox 322 1340 414 1374; x_wconf 80' lang='lat' dir='ltr'><strong>mm</strong></span> <span class='ocrx_word' id='word_1_52' title='bbox 437 1328 600 1388; x_wconf 79' lang='lat' dir='ltr'><strong>audio,</strong></span> <span class='ocrx_word' id='word_1_53' title='bbox 632 1328 730 1377; x_wconf 88' lang='lat' dir='ltr'><strong>hoc</strong></span> <span class='ocrx_word' id='word_1_54' title='bbox 752 1335 851 1392; x_wconf 88' lang='lat' dir='ltr'><strong>est,</strong></span> <span class='ocrx_word' id='word_1_55' title='bbox 882 1330 1010 1377; x_wconf 87' lang='lat' dir='ltr'><strong>nihil</strong></span> <span class='ocrx_word' id='word_1_56' title='bbox 1033 1328 1181 1378; x_wconf 89' lang='lat' dir='ltr'><strong>dicis.</strong></span> <span class='ocrx_word' id='word_1_57' title='bbox 1217 1328 1370 1383; x_wconf 83' lang='lat' dir='ltr'><strong>Idem.</strong></span> 
     </span>
    </p>

    <p class='ocr_par' dir='ltr' id='par_1_5' title="bbox 333 1405 1386 1612">
     <span class='ocr_line' id='line_1_13' title="bbox 395 1405 1386 1469; baseline 0.002 -17"><span class='ocrx_word' id='word_1_58' title='bbox 395 1405 581 1469; x_wconf 82' lang='lat' dir='ltr'><strong>Audio]</strong></span> <span class='ocrx_word' id='word_1_59' title='bbox 612 1406 942 1469; x_wconf 85' lang='lat' dir='ltr'><strong>Indignantis</strong></span> <span class='ocrx_word' id='word_1_60' title='bbox 981 1415 1038 1456; x_wconf 92' lang='lat' dir='ltr'><strong>et</strong></span> <span class='ocrx_word' id='word_1_61' title='bbox 1069 1420 1187 1456; x_wconf 83' lang='lat' dir='ltr'><strong>cum</strong></span> <span class='ocrx_word' id='word_1_62' title='bbox 1220 1406 1386 1468; x_wconf 87' lang='lat' dir='ltr'><strong>impa-</strong></span> 
     </span>
     <span class='ocr_line' id='line_1_14' title="bbox 333 1482 1386 1546; baseline 0.002 -16"><span class='ocrx_word' id='word_1_63' title='bbox 333 1482 524 1532; x_wconf 83' lang='lat' dir='ltr'><strong>tientia</strong></span> <span class='ocrx_word' id='word_1_64' title='bbox 558 1483 838 1546; x_wconf 86' lang='lat' dir='ltr'><strong>audientis,</strong></span> <span class='ocrx_word' id='word_1_65' title='bbox 858 1485 954 1534; x_wconf 88' lang='lat' dir='ltr'><strong>hoc</strong></span> <span class='ocrx_word' id='word_1_66' title='bbox 990 1484 1221 1535; x_wconf 87' lang='lat' dir='ltr'><strong>verbnm.</strong></span> <span class='ocrx_word' id='word_1_67' title='bbox 1256 1485 1386 1533; x_wconf 79' lang='lat' dir='ltr'><strong>Mer.</strong></span> 
     </span>
     <span class='ocr_line' id='line_1_15' title="bbox 338 1549 659 1612; baseline 0.003 -6"><span class='ocrx_word' id='word_1_68' title='bbox 338 1549 659 1612; x_wconf 78' lang='lat' dir='ltr'><strong>Casaubonus.</strong></span> 
     </span>
    </p>

    <p class='ocr_par' dir='ltr' id='par_1_6' title="bbox 324 1636 1393 1856">
     <span class='ocr_line' id='line_1_16' title="bbox 391 1636 1388 1701; baseline 0.002 -16"><span class='ocrx_word' id='word_1_69' title='bbox 391 1641 426 1685; x_wconf 83' lang='lat'>9</span> <span class='ocrx_word' id='word_1_70' title='bbox 459 1636 594 1685; x_wconf 86' lang='lat' dir='ltr'><strong>Dum</strong></span> <span class='ocrx_word' id='word_1_71' title='bbox 632 1642 846 1700; x_wconf 78' lang='lat' dir='ltr'><strong>exspecto</strong></span> <span class='ocrx_word' id='word_1_72' title='bbox 880 1652 1021 1700; x_wconf 81' lang='lat' dir='ltr'><strong>quam</strong></span> <span class='ocrx_word' id='word_1_73' title='bbox 1056 1652 1169 1687; x_wconf 79' lang='lat' dir='ltr'><strong>mox</strong></span> <span class='ocrx_word' id='word_1_74' title='bbox 1203 1637 1388 1701; x_wconf 74' lang='lat' dir='ltr'><strong>veniat]</strong></span> 
     </span>
     <span class='ocr_line' id='line_1_17' title="bbox 335 1715 1386 1782; baseline 0.001 -17"><span class='ocrx_word' id='word_1_75' title='bbox 335 1715 457 1765; x_wconf 91' lang='lat' dir='ltr'><strong>Non</strong></span> <span class='ocrx_word' id='word_1_76' title='bbox 492 1717 695 1778; x_wconf 78' lang='lat' dir='ltr'><strong>quando,</strong></span> <span class='ocrx_word' id='word_1_77' title='bbox 731 1715 821 1765; x_wconf 84' lang='lat' dir='ltr'><strong>sed</strong></span> <span class='ocrx_word' id='word_1_78' title='bbox 845 1729 984 1779; x_wconf 81' lang='lat' dir='ltr'><strong>quam</strong></span> <span class='ocrx_word' id='word_1_79' title='bbox 1004 1716 1127 1766; x_wconf 79' lang='lat' dir='ltr'><strong>cito.-</strong></span> <span class='ocrx_word' id='word_1_80' title='bbox 1161 1717 1282 1782; x_wconf 88' lang='lat' dir='ltr'><strong>quia</strong></span> <span class='ocrx_word' id='word_1_81' title='bbox 1320 1716 1386 1781; x_wconf 62' lang='lat' dir='ltr'><strong>ti-</strong></span> 
     </span>
     <span class='ocr_line' id='line_1_18' title="bbox 324 1792 1393 1856; baseline 0.006 -16"><span class='ocrx_word' id='word_1_82' title='bbox 324 1798 451 1840; x_wconf 90' lang='lat' dir='ltr'><strong>met.</strong></span> <span class='ocrx_word' id='word_1_83' title='bbox 492 1792 734 1842; x_wconf 77' lang='lat' dir='ltr'><strong>Donatus.</strong></span> <span class='ocrx_word' id='word_1_84' title='bbox 1390 1853 1393 1856; x_wconf 53' lang='grc'><strong>,</strong></span> 
     </span>
    </p>

    <p class='ocr_par' dir='ltr' id='par_1_7' title="bbox 306 1867 1392 2302">
     <span class='ocr_line' id='line_1_19' title="bbox 393 1867 1387 1934; baseline 0.001 -17"><span class='ocrx_word' id='word_1_85' title='bbox 393 1867 492 1923; x_wconf 75' lang='lat' dir='ltr'><strong>Qui</strong></span> <span class='ocrx_word' id='word_1_86' title='bbox 508 1870 693 1917; x_wconf 81' lang='lat' dir='ltr'><strong><em>adimat</em></strong></span> <span class='ocrx_word' id='word_1_87' title='bbox 715 1868 836 1917; x_wconf 78' lang='lat' dir='ltr'><strong>hanc</strong></span> <span class='ocrx_word' id='word_1_88' title='bbox 853 1867 972 1917; x_wconf 78' lang='lat' dir='ltr'><strong>milti</strong></span> <span class='ocrx_word' id='word_1_89' title='bbox 987 1867 1387 1934; x_wconf 72' lang='lat' dir='ltr'><strong>consuetudinem]</strong></span> 
     </span>
     <span class='ocr_line' id='line_1_20' title="bbox 306 1944 1391 2008; baseline -0.004 -12"><span class='ocrx_word' id='word_1_90' title='bbox 306 1944 459 1996; x_wconf 62' lang='lat' dir='ltr'><strong>⁴Mire</strong></span> <span class='ocrx_word' id='word_1_91' title='bbox 494 1958 596 1993; x_wconf 88' lang='lat' dir='ltr'><strong>non</strong></span> <span class='ocrx_word' id='word_1_92' title='bbox 643 1958 902 1993; x_wconf 86' lang='lat' dir='ltr'><strong>amorem:</strong></span> <span class='ocrx_word' id='word_1_93' title='bbox 939 1950 1179 2008; x_wconf 84' lang='lat' dir='ltr'><strong>tanquam</strong></span> <span class='ocrx_word' id='word_1_94' title='bbox 1217 1958 1391 1994; x_wconf 86' lang='lat' dir='ltr'><strong>amore</strong></span> 
     </span>
     <span class='ocr_line' id='line_1_21' title="bbox 322 2020 1389 2085; baseline 0.002 -15"><span class='ocrx_word' id='word_1_95' title='bbox 322 2035 504 2070; x_wconf 82' lang='lat' dir='ltr'><strong>carere</strong></span> <span class='ocrx_word' id='word_1_96' title='bbox 544 2020 803 2085; x_wconf 81' lang='lat' dir='ltr'><strong>potuerit,</strong></span> <span class='ocrx_word' id='word_1_97' title='bbox 852 2021 1226 2069; x_wconf 87' lang='lat' dir='ltr'><strong>consuetudine</strong></span> <span class='ocrx_word' id='word_1_98' title='bbox 1287 2034 1389 2072; x_wconf 85' lang='lat' dir='ltr'><strong>non</strong></span> 
     </span>
     <span class='ocr_line' id='line_1_22' title="bbox 320 2096 1391 2161; baseline -0.001 -16"><span class='ocrx_word' id='word_1_99' title='bbox 320 2099 502 2161; x_wconf 81' lang='lat' dir='ltr'>possit.</span> <span class='ocrx_word' id='word_1_100' title='bbox 572 2099 641 2146; x_wconf 87' lang='lat' dir='ltr'><strong>Et</strong></span> <span class='ocrx_word' id='word_1_101' title='bbox 684 2107 809 2145; x_wconf 87' lang='lat' dir='ltr'><strong>nota</strong></span> <span class='ocrx_word' id='word_1_102' title='bbox 850 2096 1245 2160; x_wconf 80' lang='lat' dir='ltr'><strong>proprietatem.</strong></span> <span class='ocrx_word' id='word_1_103' title='bbox 1274 2111 1391 2145; x_wconf 80' lang='lat' dir='ltr'><strong>nam</strong></span> 
     </span>
     <span class='ocr_line' id='line_1_23' title="bbox 325 2173 1392 2239; baseline 0 -16"><span class='ocrx_word' id='word_1_104' title='bbox 325 2178 608 2233; x_wconf 77' lang='lat' dir='ltr'><strong>cousuetudo</strong></span> <span class='ocrx_word' id='word_1_105' title='bbox 625 2173 923 2239; x_wconf 77' lang='lat' dir='ltr'><strong>specialiter</strong></span> <span class='ocrx_word' id='word_1_106' title='bbox 940 2174 1006 2223; x_wconf 90' lang='lat' dir='ltr'><strong>de</strong></span> <span class='ocrx_word' id='word_1_107' title='bbox 1024 2174 1165 2223; x_wconf 86' lang='lat' dir='ltr'><strong>coitu</strong></span> <span class='ocrx_word' id='word_1_108' title='bbox 1181 2174 1392 2223; x_wconf 85' lang='lat' dir='ltr'><strong>dicitur.</strong></span> 
     </span>
     <span class='ocr_line' id='line_1_24' title="bbox 324 2252 476 2302; baseline 0.013 -2"><span class='ocrx_word' id='word_1_109' title='bbox 324 2252 476 2302; x_wconf 76' lang='lat' dir='ltr'><strong>Idm.</strong></span> 
     </span>
    </p>

    <p class='ocr_par' dir='ltr' id='par_1_8' title="bbox 329 2327 1390 2457">
     <span class='ocr_line' id='line_1_25' title="bbox 389 2327 1390 2393; baseline 0 -16"><span class='ocrx_word' id='word_1_110' title='bbox 389 2330 802 2393; x_wconf 74' lang='lat' dir='ltr'><strong>Consuetudinem]</strong></span> <span class='ocrx_word' id='word_1_111' title='bbox 856 2329 1019 2377; x_wconf 85' lang='lat' dir='ltr'>Usum</span> <span class='ocrx_word' id='word_1_112' title='bbox 1059 2327 1390 2392; x_wconf 84' lang='lat' dir='ltr'><strong>fructumque</strong></span> 
     </span>
     <span class='ocr_line' id='line_1_26' title="bbox 329 2406 1046 2457; baseline -0.003 0"><span class='ocrx_word' id='word_1_113' title='bbox 329 2409 533 2457; x_wconf 83' lang='lat' dir='ltr'><strong>amoris.</strong></span> <span class='ocrx_word' id='word_1_114' title='bbox 567 2408 698 2456; x_wconf 80' lang='lat' dir='ltr'><strong>Mer.</strong></span> <span class='ocrx_word' id='word_1_115' title='bbox 725 2406 1046 2455; x_wconf 70' lang='lat' dir='ltr'><strong>casaubonus.</strong></span> 
     </span>
    </p>

    <p class='ocr_par' dir='ltr' id='par_1_9' title="bbox 321 2481 1390 2688">
     <span class='ocr_line' id='line_1_27' title="bbox 380 2481 1387 2548; baseline -0.003 -14"><span class='ocrx_word' id='word_1_116' title='bbox 380 2485 451 2534; x_wconf 81' lang='grc'><strong>’10</strong></span> <span class='ocrx_word' id='word_1_117' title='bbox 505 2485 654 2547; x_wconf 77' lang='lat' dir='ltr'><strong>Aliis,</strong></span> <span class='ocrx_word' id='word_1_118' title='bbox 692 2484 802 2547; x_wconf 83' lang='lat' dir='ltr'><strong>quia</strong></span> <span class='ocrx_word' id='word_1_119' title='bbox 843 2485 980 2548; x_wconf 76' lang='lat' dir='ltr'><strong>defit,</strong></span> <span class='ocrx_word' id='word_1_120' title='bbox 1031 2485 1156 2547; x_wconf 84' lang='lat' dir='ltr'><strong>quod</strong></span> <span class='ocrx_word' id='word_1_121' title='bbox 1200 2481 1387 2547; x_wconf 74' lang='lat' dir='ltr'><strong>amant]</strong></span> 
     </span>
     <span class='ocr_line' id='line_1_28' title="bbox 323 2559 1390 2625; baseline -0.001 -14"><span class='ocrx_word' id='word_1_122' title='bbox 323 2561 752 2625; x_wconf 82' lang='lat' dir='ltr'><strong>Magnificentius</strong></span> <span class='ocrx_word' id='word_1_123' title='bbox 804 2561 918 2610; x_wconf 75' lang='lat' dir='ltr'><strong>aliis</strong></span> <span class='ocrx_word' id='word_1_124' title='bbox 948 2560 1117 2624; x_wconf 82' lang='lat' dir='ltr'><strong>dixit,</strong></span> <span class='ocrx_word' id='word_1_125' title='bbox 1161 2575 1312 2625; x_wconf 86' lang='lat' dir='ltr'><strong>quam</strong></span> <span class='ocrx_word' id='word_1_126' title='bbox 1344 2559 1390 2610; x_wconf 82' lang='lat' dir='ltr'><strong>si</strong></span> 
     </span>
     <span class='ocr_line' id='line_1_29' title="bbox 321 2637 969 2688; baseline 0 -2"><span class='ocrx_word' id='word_1_127' title='bbox 321 2639 523 2688; x_wconf 80' lang='lat' dir='ltr'><strong>diceret</strong></span> <span class='ocrx_word' id='word_1_128' title='bbox 547 2637 684 2687; x_wconf 66' lang='lat' dir='ltr'><strong>milui.</strong></span> <span class='ocrx_word' id='word_1_129' title='bbox 717 2637 969 2686; x_wconf 76' lang='lat' dir='ltr'>Donatus.</span> 
     </span>
    </p>

    <p class='ocr_par' dir='ltr' id='par_1_10' title="bbox 323 2714 1392 2996">
     <span class='ocr_line' id='line_1_30' title="bbox 398 2714 1390 2779; baseline -0.001 -15"><span class='ocrx_word' id='word_1_130' title='bbox 398 2714 556 2779; x_wconf 73' lang='lat' dir='ltr'><strong>Desit]</strong></span> <span class='ocrx_word' id='word_1_131' title='bbox 610 2715 798 2763; x_wconf 86' lang='lat' dir='ltr'><strong>Deest.</strong></span> <span class='ocrx_word' id='word_1_132' title='bbox 837 2714 972 2763; x_wconf 85' lang='lat' dir='ltr'><strong>Eun.</strong></span> <span class='ocrx_word' id='word_1_133' title='bbox 1011 2720 1120 2763; x_wconf 88' lang='lat' dir='ltr'><strong>act.</strong></span> <span class='ocrx_word' id='word_1_134' title='bbox 1138 2726 1207 2765; x_wconf 83' lang='lat'><strong>11.</strong></span> <span class='ocrx_word' id='word_1_135' title='bbox 1243 2717 1390 2764; x_wconf 76' lang='lat' dir='ltr'><strong>sc.2.</strong></span> 
     </span>
     <span class='ocr_line' id='line_1_31' title="bbox 326 2790 1389 2855; baseline -0.003 -13"><span class='ocrx_word' id='word_1_136' title='bbox 326 2793 342 2819; x_wconf 92' lang='lat'>‘</span> <span class='ocrx_word' id='word_1_137' title='bbox 360 2792 554 2842; x_wconf 89' lang='lat' dir='ltr'><strong>Omnia</strong></span> <span class='ocrx_word' id='word_1_138' title='bbox 594 2791 780 2852; x_wconf 84' lang='lat' dir='ltr'><strong>habeo,</strong></span> <span class='ocrx_word' id='word_1_139' title='bbox 811 2805 981 2855; x_wconf 88' lang='lat' dir='ltr'><strong>neque</strong></span> <span class='ocrx_word' id='word_1_140' title='bbox 1004 2790 1280 2855; x_wconf 85' lang='lat' dir='ltr'><strong>quicquam</strong></span> <span class='ocrx_word' id='word_1_141' title='bbox 1304 2791 1389 2840; x_wconf 85' lang='lat' dir='ltr'><strong>ha·</strong></span> 
     </span>
     <span class='ocr_line' id='line_1_32' title="bbox 324 2866 1392 2929; baseline -0.001 -9"><span class='ocrx_word' id='word_1_142' title='bbox 324 2869 461 2920; x_wconf 78' lang='lat' dir='ltr'><strong>beo:</strong></span> <span class='ocrx_word' id='word_1_143' title='bbox 497 2867 625 2916; x_wconf 88' lang='lat' dir='ltr'><strong>nihil</strong></span> <span class='ocrx_word' id='word_1_144' title='bbox 641 2881 756 2917; x_wconf 89' lang='lat' dir='ltr'><strong>cum</strong></span> <span class='ocrx_word' id='word_1_145' title='bbox 771 2874 870 2929; x_wconf 83' lang='lat' dir='ltr'><strong>est,</strong></span> <span class='ocrx_word' id='word_1_146' title='bbox 891 2868 1017 2916; x_wconf 84' lang='lat' dir='ltr'><strong>nihil</strong></span> <span class='ocrx_word' id='word_1_147' title='bbox 1033 2866 1164 2919; x_wconf 89' lang='lat' dir='ltr'><strong>defit</strong></span> <span class='ocrx_word' id='word_1_148' title='bbox 1183 2875 1374 2918; x_wconf 86' lang='lat' dir='ltr'><strong>tamen.</strong></span> <span class='ocrx_word' id='word_1_149' title='bbox 1377 2867 1392 2889; x_wconf 87' lang='lat'>’</span> 
     </span>
     <span class='ocr_line' id='line_1_33' title="bbox 323 2945 807 2996; baseline -0.004 0"><span class='ocrx_word' id='word_1_150' title='bbox 323 2947 453 2996; x_wconf 83' lang='lat' dir='ltr'><strong>Mer.</strong></span> <span class='ocrx_word' id='word_1_151' title='bbox 484 2945 807 2994; x_wconf 77' lang='lat' dir='ltr'><strong>Casaubonus·</strong></span> 
     </span>
    </p>

    <p class='ocr_par' dir='ltr' id='par_1_11' title="bbox 323 2992 1393 3853">
     <span class='ocr_line' id='line_1_34' title="bbox 393 2992 1387 3084; baseline 0 -14"><span class='ocrx_word' id='word_1_152' title='bbox 393 3022 520 3082; x_wconf 76' lang='lat' dir='ltr'><strong>Tibi,</strong></span> <span class='ocrx_word' id='word_1_153' title='bbox 550 3021 660 3084; x_wconf 81' lang='lat' dir='ltr'><strong>quia</strong></span> <span class='ocrx_word' id='word_1_154' title='bbox 681 3026 914 3084; x_wconf 75' lang='lat' dir='ltr'><strong>superest,</strong></span> <span class='ocrx_word' id='word_1_155' title='bbox 953 2992 1106 3084; x_wconf 81' lang='lat' dir='ltr'><strong>dolet]</strong></span> <span class='ocrx_word' id='word_1_156' title='bbox 1160 3022 1387 3071; x_wconf 84' lang='lat' dir='ltr'><strong>Labora-</strong></span> 
     </span>
     <span class='ocr_line' id='line_1_35' title="bbox 325 3096 1388 3161; baseline 0.001 -16"><span class='ocrx_word' id='word_1_157' title='bbox 325 3098 419 3154; x_wconf 77' lang='lat' dir='ltr'><strong>vit,</strong></span> <span class='ocrx_word' id='word_1_158' title='bbox 466 3106 524 3147; x_wconf 90' lang='lat' dir='ltr'><strong>ut</strong></span> <span class='ocrx_word' id='word_1_159' title='bbox 561 3096 884 3159; x_wconf 87' lang='lat' dir='ltr'><strong>ostenderet,</strong></span> <span class='ocrx_word' id='word_1_160' title='bbox 926 3099 1040 3161; x_wconf 85' lang='lat' dir='ltr'><strong>plus</strong></span> <span class='ocrx_word' id='word_1_161' title='bbox 1085 3112 1199 3147; x_wconf 83' lang='lat' dir='ltr'><strong>esse</strong></span> <span class='ocrx_word' id='word_1_162' title='bbox 1241 3099 1388 3157; x_wconf 81' lang='lat' dir='ltr'><strong>dolet,</strong></span> 
     </span>
     <span class='ocr_line' id='line_1_36' title="bbox 323 3175 1390 3241; baseline 0.002 -17"><span class='ocrx_word' id='word_1_163' title='bbox 323 3191 475 3241; x_wconf 86' lang='lat' dir='ltr'><strong>quam</strong></span> <span class='ocrx_word' id='word_1_164' title='bbox 497 3191 627 3237; x_wconf 81' lang='lat' dir='ltr'><strong>oegre</strong></span> <span class='ocrx_word' id='word_1_165' title='bbox 663 3180 752 3225; x_wconf 82' lang='lat' dir='ltr'><strong>est.</strong></span> <span class='ocrx_word' id='word_1_166' title='bbox 788 3182 844 3225; x_wconf 89' lang='lat' dir='ltr'><strong>et</strong></span> <span class='ocrx_word' id='word_1_167' title='bbox 880 3175 996 3224; x_wconf 85' lang='lat' dir='ltr'><strong>idco</strong></span> <span class='ocrx_word' id='word_1_168' title='bbox 1036 3176 1267 3227; x_wconf 86' lang='lat' dir='ltr'><strong>insanum</strong></span> <span class='ocrx_word' id='word_1_169' title='bbox 1314 3177 1390 3226; x_wconf 87' lang='lat' dir='ltr'><strong>ait</strong></span> 
     </span>
     <span class='ocr_line' id='line_1_37' title="bbox 324 3251 1390 3317; baseline 0.001 -16"><span class='ocrx_word' id='word_1_170' title='bbox 324 3251 708 3316; x_wconf 81' lang='lat' dir='ltr'><strong>Antiphonem:</strong></span> <span class='ocrx_word' id='word_1_171' title='bbox 748 3252 837 3316; x_wconf 88' lang='lat' dir='ltr'><strong>qui</strong></span> <span class='ocrx_word' id='word_1_172' title='bbox 877 3251 931 3300; x_wconf 92' lang='lat' dir='ltr'><strong>in</strong></span> <span class='ocrx_word' id='word_1_173' title='bbox 975 3266 1039 3301; x_wconf 88' lang='lat' dir='ltr'><strong>ea</strong></span> <span class='ocrx_word' id='word_1_174' title='bbox 1070 3251 1279 3301; x_wconf 84' lang='lat' dir='ltr'><strong>fortuna</strong></span> <span class='ocrx_word' id='word_1_175' title='bbox 1301 3267 1390 3317; x_wconf 87' lang='lat' dir='ltr'><strong>po-</strong></span> 
     </span>
     <span class='ocr_line' id='line_1_38' title="bbox 324 3327 1393 3394; baseline 0.002 -18"><span class='ocrx_word' id='word_1_176' title='bbox 324 3329 473 3390; x_wconf 71' lang='lat' dir='ltr'><strong>situS,</strong></span> <span class='ocrx_word' id='word_1_177' title='bbox 507 3343 623 3394; x_wconf 85' lang='lat' dir='ltr'><strong>quae</strong></span> <span class='ocrx_word' id='word_1_178' title='bbox 649 3327 872 3378; x_wconf 85' lang='lat' dir='ltr'><strong>adversa</strong></span> <span class='ocrx_word' id='word_1_179' title='bbox 910 3335 965 3378; x_wconf 89' lang='lat' dir='ltr'><strong>et</strong></span> <span class='ocrx_word' id='word_1_180' title='bbox 997 3330 1259 3378; x_wconf 85' lang='lat' dir='ltr'><strong>contraria</strong></span> <span class='ocrx_word' id='word_1_181' title='bbox 1290 3337 1393 3394; x_wconf 87' lang='lat' dir='ltr'><strong>est,</strong></span> 
     </span>
     <span class='ocr_line' id='line_1_39' title="bbox 326 3405 1390 3470; baseline 0.003 -17"><span class='ocrx_word' id='word_1_182' title='bbox 326 3405 463 3453; x_wconf 84' lang='lat' dir='ltr'><strong>idem</strong></span> <span class='ocrx_word' id='word_1_183' title='bbox 520 3407 755 3469; x_wconf 85' lang='lat' dir='ltr'><strong>patiatur</strong></span> <span class='ocrx_word' id='word_1_184' title='bbox 797 3405 938 3470; x_wconf 86' lang='lat' dir='ltr'><strong>quod</strong></span> <span class='ocrx_word' id='word_1_185' title='bbox 982 3406 1154 3455; x_wconf 82' lang='lat' dir='ltr'><strong>miser.</strong></span> <span class='ocrx_word' id='word_1_186' title='bbox 1207 3412 1264 3456; x_wconf 85' lang='lat' dir='ltr'><strong>et</strong></span> <span class='ocrx_word' id='word_1_187' title='bbox 1306 3413 1390 3456; x_wconf 86' lang='lat' dir='ltr'><strong>est</strong></span> 
     </span>
     <span class='ocr_line' id='line_1_40' title="bbox 323 3479 1390 3547; baseline 0.001 -17"><span class='ocrx_word' id='word_1_188' title='bbox 323 3481 490 3545; x_wconf 78' lang='lat' dir='ltr'><strong>figura</strong></span> <span class='ocrx_word' id='word_1_189' title='bbox 515 3479 764 3543; x_wconf 76' lang='grc' dir='ltr'><strong><em>ὑπόζευξις.</em></strong></span> <span class='ocrx_word' id='word_1_190' title='bbox 831 3483 964 3533; x_wconf 89' lang='lat' dir='ltr'><strong>Nam</strong></span> <span class='ocrx_word' id='word_1_191' title='bbox 1005 3481 1069 3531; x_wconf 87' lang='lat' dir='ltr'><strong>ad</strong></span> <span class='ocrx_word' id='word_1_192' title='bbox 1096 3492 1390 3547; x_wconf 81' lang='lat' dir='ltr'><strong>utrumque,</strong></span> 
     </span>
     <span class='ocr_line' id='line_1_41' title="bbox 325 3557 1388 3622; baseline 0.001 -15"><span class='ocrx_word' id='word_1_193' title='bbox 325 3572 457 3620; x_wconf 80' lang='lat' dir='ltr'><strong>aegre</strong></span> <span class='ocrx_word' id='word_1_194' title='bbox 475 3563 567 3621; x_wconf 81' lang='lat' dir='ltr'><strong>est,</strong></span> <span class='ocrx_word' id='word_1_195' title='bbox 585 3557 821 3607; x_wconf 87' lang='lat' dir='ltr'><strong>sufficere</strong></span> <span class='ocrx_word' id='word_1_196' title='bbox 836 3558 1025 3622; x_wconf 84' lang='lat' dir='ltr'><strong>potuit.</strong></span> <span class='ocrx_word' id='word_1_197' title='bbox 1055 3558 1202 3608; x_wconf 87' lang='lat' dir='ltr'><strong>Scire</strong></span> <span class='ocrx_word' id='word_1_198' title='bbox 1215 3569 1388 3609; x_wconf 89' lang='lat' dir='ltr'><strong>autem</strong></span> 
     </span>
     <span class='ocr_line' id='line_1_42' title="bbox 324 3635 1388 3698; baseline -0.001 -13"><span class='ocrx_word' id='word_1_199' title='bbox 324 3635 595 3697; x_wconf 85' lang='lat' dir='ltr'><strong>debemus,</strong></span> <span class='ocrx_word' id='word_1_200' title='bbox 614 3640 670 3684; x_wconf 87' lang='lat' dir='ltr'><strong>et</strong></span> <span class='ocrx_word' id='word_1_201' title='bbox 687 3635 1099 3698; x_wconf 82' lang='lat' dir='ltr'><strong>pronuntiative,</strong></span> <span class='ocrx_word' id='word_1_202' title='bbox 1116 3642 1172 3684; x_wconf 91' lang='lat' dir='ltr'><strong>et</strong></span> <span class='ocrx_word' id='word_1_203' title='bbox 1194 3650 1290 3698; x_wconf 90' lang='lat' dir='ltr'><strong>per</strong></span> <span class='ocrx_word' id='word_1_204' title='bbox 1312 3639 1388 3684; x_wconf 87' lang='lat' dir='ltr'><strong>in-</strong></span> 
     </span>
     <span class='ocr_line' id='line_1_43' title="bbox 328 3709 1391 3777; baseline 0.004 -17"><span class='ocrx_word' id='word_1_205' title='bbox 328 3712 753 3775; x_wconf 87' lang='lat' dir='ltr'><strong>terrogationem,</strong></span> <span class='ocrx_word' id='word_1_206' title='bbox 770 3709 867 3762; x_wconf 87' lang='lat' dir='ltr'><strong>hoc</strong></span> <span class='ocrx_word' id='word_1_207' title='bbox 886 3712 1052 3776; x_wconf 89' lang='lat' dir='ltr'><strong>ipsum</strong></span> <span class='ocrx_word' id='word_1_208' title='bbox 1070 3714 1391 3777; x_wconf 86' lang='lat' dir='ltr'><strong>pronuntiari</strong></span> 
     </span>
     <span class='ocr_line' id='line_1_44' title="bbox 327 3788 772 3853; baseline -0.004 -16"><span class='ocrx_word' id='word_1_209' title='bbox 327 3803 502 3853; x_wconf 85' lang='lat' dir='ltr'><strong>posse.</strong></span> <span class='ocrx_word' id='word_1_210' title='bbox 535 3788 772 3837; x_wconf 81' lang='lat' dir='ltr'><strong>Donatus.</strong></span> 
     </span>
    </p>

    <p class='ocr_par' dir='ltr' id='par_1_12' title="bbox 332 3864 1400 4081">
     <span class='ocr_line' id='line_1_45' title="bbox 399 3864 1389 3932; baseline 0.004 -20"><span class='ocrx_word' id='word_1_211' title='bbox 399 3864 510 3913; x_wconf 77' lang='lat' dir='ltr'><strong>Tibi</strong></span> <span class='ocrx_word' id='word_1_212' title='bbox 530 3864 642 3928; x_wconf 81' lang='lat' dir='ltr'><strong>quia</strong></span> <span class='ocrx_word' id='word_1_213' title='bbox 664 3865 904 3928; x_wconf 72' lang='lat' dir='ltr'><strong>superest]</strong></span> <span class='ocrx_word' id='word_1_214' title='bbox 939 3866 1005 3915; x_wconf 89' lang='lat' dir='ltr'><strong>Id</strong></span> <span class='ocrx_word' id='word_1_215' title='bbox 1026 3874 1124 3929; x_wconf 80' lang='lat' dir='ltr'><strong>est,</strong></span> <span class='ocrx_word' id='word_1_216' title='bbox 1165 3881 1228 3917; x_wconf 88' lang='lat' dir='ltr'><strong>eo</strong></span> <span class='ocrx_word' id='word_1_217' title='bbox 1252 3867 1389 3932; x_wconf 90' lang='lat' dir='ltr'><strong>quod</strong></span> 
     </span>
     <span class='ocr_line' id='line_1_46' title="bbox 339 3940 1400 4007; baseline 0.003 -17"><span class='ocrx_word' id='word_1_218' title='bbox 339 3940 630 4002; x_wconf 82' lang='lat' dir='ltr'><strong>desideras,</strong></span> <span class='ocrx_word' id='word_1_219' title='bbox 668 3940 922 3992; x_wconf 85' lang='lat' dir='ltr'><strong>abundas.</strong></span> <span class='ocrx_word' id='word_1_220' title='bbox 974 3942 1122 3993; x_wconf 87' lang='lat' dir='ltr'><strong>Ordo</strong></span> <span class='ocrx_word' id='word_1_221' title='bbox 1144 3950 1246 4007; x_wconf 84' lang='lat' dir='ltr'><strong>est,</strong></span> <span class='ocrx_word' id='word_1_222' title='bbox 1285 3944 1400 3993; x_wconf 77' lang='lat' dir='ltr'><strong>Tibi</strong></span> 
     </span>
     <span class='ocr_line' id='line_1_47' title="bbox 332 4017 1069 4081; baseline -0.003 -13"><span class='ocrx_word' id='word_1_223' title='bbox 332 4021 482 4081; x_wconf 82' lang='lat' dir='ltr'><strong>dolet,</strong></span> <span class='ocrx_word' id='word_1_224' title='bbox 507 4017 620 4080; x_wconf 81' lang='lat' dir='ltr'><strong>quia</strong></span> <span class='ocrx_word' id='word_1_225' title='bbox 640 4022 868 4080; x_wconf 81' lang='lat' dir='ltr'><strong>superest·</strong></span> <span class='ocrx_word' id='word_1_226' title='bbox 901 4017 1069 4068; x_wconf 85' lang='lat' dir='ltr'><strong>Idem.</strong></span> 
     </span>
    </p>

    <p class='ocr_par' dir='ltr' id='par_1_13' title="bbox 327 4093 1396 4391">
     <span class='ocr_line' id='line_1_48' title="bbox 392 4093 1394 4159; baseline 0.004 -14"><span class='ocrx_word' id='word_1_227' title='bbox 392 4101 481 4145; x_wconf 92' lang='grc'><strong>11</strong></span> <span class='ocrx_word' id='word_1_228' title='bbox 506 4095 679 4144; x_wconf 80' lang='lat' dir='ltr'><strong>Amore</strong></span> <span class='ocrx_word' id='word_1_229' title='bbox 732 4093 960 4157; x_wconf 76' lang='lat' dir='ltr'><strong>abundas,</strong></span> <span class='ocrx_word' id='word_1_230' title='bbox 993 4093 1229 4159; x_wconf 78' lang='lat' dir='ltr'><strong>Antipho]</strong></span> <span class='ocrx_word' id='word_1_231' title='bbox 1305 4098 1394 4148; x_wconf 86' lang='lat' dir='ltr'><strong>Sic</strong></span> 
     </span>
     <span class='ocr_line' id='line_1_49' title="bbox 327 4171 1394 4238; baseline 0.002 -16"><span class='ocrx_word' id='word_1_232' title='bbox 327 4175 427 4222; x_wconf 82' lang='lat' dir='ltr'><strong>hoc</strong></span> <span class='ocrx_word' id='word_1_233' title='bbox 466 4171 942 4235; x_wconf 85' lang='lat' dir='ltr'><strong>pronuntiandum,</strong></span> <span class='ocrx_word' id='word_1_234' title='bbox 963 4172 1394 4238; x_wconf 86' lang='lat' dir='ltr'><strong>quemadmodum</strong></span> 
     </span>
     <span class='ocr_line' id='line_1_50' title="bbox 333 4234 1396 4313; baseline 0.002 -14"><span class='ocrx_word' id='word_1_235' title='bbox 333 4252 472 4300; x_wconf 87' lang='lat' dir='ltr'><strong>solet</strong></span> <span class='ocrx_word' id='word_1_236' title='bbox 494 4262 609 4297; x_wconf 89' lang='lat' dir='ltr'><strong>cum</strong></span> <span class='ocrx_word' id='word_1_237' title='bbox 635 4246 902 4296; x_wconf 85' lang='lat' dir='ltr'><strong>stomacho</strong></span> <span class='ocrx_word' id='word_1_238' title='bbox 942 4246 1047 4297; x_wconf 89' lang='lat' dir='ltr'><strong>dici</strong></span> <span class='ocrx_word' id='word_1_239' title='bbox 1074 4234 1396 4313; x_wconf 60' lang='lat' dir='ltr'><strong>vituperssnti</strong></span> 
     </span>
     <span class='ocr_line' id='line_1_51' title="bbox 331 4325 1396 4391; baseline 0.003 -13"><span class='ocrx_word' id='word_1_240' title='bbox 331 4328 521 4391; x_wconf 76' lang='lat' dir='ltr'><strong>cibum,</strong></span> <span class='ocrx_word' id='word_1_241' title='bbox 558 4325 874 4390; x_wconf 43' lang='lat' dir='ltr'><strong>‚momentaria</strong></span> <span class='ocrx_word' id='word_1_242' title='bbox 913 4333 1025 4390; x_wconf 86' lang='lat' dir='ltr'><strong>aut,</strong></span> <span class='ocrx_word' id='word_1_243' title='bbox 1053 4326 1193 4390; x_wconf 80' lang='lat' dir='ltr'><strong>pleno</strong></span> <span class='ocrx_word' id='word_1_244' title='bbox 1234 4330 1396 4381; x_wconf 78' lang='lat' dir='ltr'><strong>ventre</strong></span> 
     </span>
    </p>
   </div>
   <div class='ocr_carea' id='block_1_3' title="bbox 1453 3551 2137 3619">
    <p class='ocr_par' dir='ltr' id='par_1_14' title="bbox 1453 3551 2137 3619">
     <span class='ocr_line' id='line_1_52' title="bbox 1453 3551 2137 3619; baseline -0.003 -12"><span class='ocrx_word' id='word_1_245' title='bbox 1453 3551 1626 3608; x_wconf 52' lang='lat' dir='ltr'><strong>&#39;uxore</strong></span> <span class='ocrx_word' id='word_1_246' title='bbox 1662 3555 1854 3605; x_wconf 87' lang='lat' dir='ltr'><strong>fruitur</strong></span> <span class='ocrx_word' id='word_1_247' title='bbox 1885 3555 2137 3619; x_wconf 86' lang='lat' dir='ltr'><strong>Antipho.</strong></span> 
     </span>
    </p>
   </div>
   <div class='ocr_carea' id='block_1_4' title="bbox 2348 409 2520 475">
    <p class='ocr_par' dir='ltr' id='par_1_15' title="bbox 2348 409 2520 475">
     <span class='ocr_line' id='line_1_53' title="bbox 2348 409 2520 475; baseline 0.012 -2"><span class='ocrx_word' id='word_1_248' title='bbox 2348 409 2520 475; x_wconf 75' lang='lat'><strong>1623</strong></span> 
     </span>
    </p>
   </div>
   <div class='ocr_carea' id='block_1_5' title="bbox 1458 562 2548 2856">
    <p class='ocr_par' dir='ltr' id='par_1_16' title="bbox 1458 562 2523 782">
     <span class='ocr_line' id='line_1_54' title="bbox 1458 562 2523 624; baseline 0.005 -14"><span class='ocrx_word' id='word_1_249' title='bbox 1458 577 1525 611; x_wconf 85' lang='lat' dir='ltr'><strong>es.</strong></span> <span class='ocrx_word' id='word_1_250' title='bbox 1581 562 1692 612; x_wconf 86' lang='lat' dir='ltr'><strong>vult</strong></span> <span class='ocrx_word' id='word_1_251' title='bbox 1738 564 1875 617; x_wconf 85' lang='lat' dir='ltr'><strong>enim</strong></span> <span class='ocrx_word' id='word_1_252' title='bbox 1918 565 2215 624; x_wconf 80' lang='lat' dir='ltr'><strong>ostendere,</strong></span> <span class='ocrx_word' id='word_1_253' title='bbox 2266 567 2523 617; x_wconf 75' lang='lat' dir='ltr'><strong>satietatis</strong></span> 
     </span>
     <span class='ocr_line' id='line_1_55' title="bbox 1458 639 2520 706; baseline 0.004 -19"><span class='ocrx_word' id='word_1_254' title='bbox 1458 639 1557 687; x_wconf 88' lang='lat' dir='ltr'><strong>hoc</strong></span> <span class='ocrx_word' id='word_1_255' title='bbox 1594 652 1732 700; x_wconf 87' lang='lat' dir='ltr'><strong>esse,</strong></span> <span class='ocrx_word' id='word_1_256' title='bbox 1766 654 1867 688; x_wconf 89' lang='lat' dir='ltr'><strong>non</strong></span> <span class='ocrx_word' id='word_1_257' title='bbox 1905 641 2337 705; x_wconf 83' lang='lat' dir='ltr'><strong>ratiocinationis,</strong></span> <span class='ocrx_word' id='word_1_258' title='bbox 2382 642 2520 706; x_wconf 89' lang='lat' dir='ltr'><strong>quod</strong></span> 
     </span>
     <span class='ocr_line' id='line_1_56' title="bbox 1461 715 2327 782; baseline 0.003 -21"><span class='ocrx_word' id='word_1_259' title='bbox 1461 728 1600 763; x_wconf 90' lang='lat' dir='ltr'><strong>nunc</strong></span> <span class='ocrx_word' id='word_1_260' title='bbox 1624 716 1861 779; x_wconf 87' lang='lat' dir='ltr'><strong>queritur</strong></span> <span class='ocrx_word' id='word_1_261' title='bbox 1886 715 2137 782; x_wconf 87' lang='lat' dir='ltr'><strong>Antipho.</strong></span> <span class='ocrx_word' id='word_1_262' title='bbox 2177 718 2327 767; x_wconf 84' lang='lat' dir='ltr'><strong>Idem.</strong></span> 
     </span>
    </p>

    <p class='ocr_par' dir='ltr' id='par_1_17' title="bbox 1459 792 2527 1162">
     <span class='ocr_line' id='line_1_57' title="bbox 1529 792 2525 857; baseline 0.003 -16"><span class='ocrx_word' id='word_1_263' title='bbox 1529 794 1703 841; x_wconf 82' lang='lat' dir='ltr'><strong>Amore</strong></span> <span class='ocrx_word' id='word_1_264' title='bbox 1740 792 1966 855; x_wconf 77' lang='lat' dir='ltr'><strong>abundas,</strong></span> <span class='ocrx_word' id='word_1_265' title='bbox 1995 794 2234 857; x_wconf 75' lang='lat' dir='ltr'><strong>Antipho]</strong></span> <span class='ocrx_word' id='word_1_266' title='bbox 2265 793 2525 844; x_wconf 80' lang='lat' dir='ltr'><strong>Abundare</strong></span> 
     </span>
     <span class='ocr_line' id='line_1_58' title="bbox 1465 865 2527 934; baseline 0.006 -20"><span class='ocrx_word' id='word_1_267' title='bbox 1465 865 1675 929; x_wconf 82' lang='lat' dir='ltr'><strong>dicitur,</strong></span> <span class='ocrx_word' id='word_1_268' title='bbox 1693 867 1782 931; x_wconf 90' lang='lat' dir='ltr'><strong>qui</strong></span> <span class='ocrx_word' id='word_1_269' title='bbox 1803 883 2045 918; x_wconf 82' lang='lat' dir='ltr'><strong>successu</strong></span> <span class='ocrx_word' id='word_1_270' title='bbox 2070 885 2321 934; x_wconf 86' lang='lat' dir='ltr'><strong>prospero</strong></span> <span class='ocrx_word' id='word_1_271' title='bbox 2344 869 2527 921; x_wconf 82' lang='lat' dir='ltr'><strong>affluit.</strong></span> 
     </span>
     <span class='ocr_line' id='line_1_59' title="bbox 1459 944 2525 1009; baseline 0.003 -17"><span class='ocrx_word' id='word_1_272' title='bbox 1459 944 1685 993; x_wconf 85' lang='lat' dir='ltr'><strong>Lucilius</strong></span> <span class='ocrx_word' id='word_1_273' title='bbox 1709 945 1839 994; x_wconf 88' lang='lat' dir='ltr'><strong>libro</strong></span> <span class='ocrx_word' id='word_1_274' title='bbox 1864 947 2043 1009; x_wconf 87' lang='lat' dir='ltr'><strong>tertio,</strong></span> <span class='ocrx_word' id='word_1_275' title='bbox 2059 947 2188 997; x_wconf 84' lang='lat' dir='ltr'><strong>‘Ille</strong></span> <span class='ocrx_word' id='word_1_276' title='bbox 2212 948 2346 997; x_wconf 88' lang='lat' dir='ltr'><strong>alter</strong></span> <span class='ocrx_word' id='word_1_277' title='bbox 2363 948 2525 996; x_wconf 88' lang='lat' dir='ltr'><strong>abun-</strong></span> 
     </span>
     <span class='ocr_line' id='line_1_60' title="bbox 1459 1018 2521 1088; baseline 0.005 -20"><span class='ocrx_word' id='word_1_278' title='bbox 1459 1018 1594 1069; x_wconf 84' lang='lat' dir='ltr'><strong>dans</strong></span> <span class='ocrx_word' id='word_1_279' title='bbox 1630 1020 1758 1069; x_wconf 88' lang='lat' dir='ltr'><strong>Cum</strong></span> <span class='ocrx_word' id='word_1_280' title='bbox 1802 1030 2001 1085; x_wconf 82' lang='lat' dir='ltr'><strong>septem</strong></span> <span class='ocrx_word' id='word_1_281' title='bbox 2043 1023 2311 1078; x_wconf 85' lang='lat' dir='ltr'><strong>incolumis</strong></span> <span class='ocrx_word' id='word_1_282' title='bbox 2349 1025 2521 1088; x_wconf 76' lang='lat' dir='ltr'><strong>pinnis</strong></span> 
     </span>
     <span class='ocr_line' id='line_1_61' title="bbox 1479 1098 2258 1162; baseline 0.007 -17"><span class='ocrx_word' id='word_1_283' title='bbox 1479 1098 1633 1160; x_wconf 69' lang='lat' dir='ltr'><strong>redit,</strong></span> <span class='ocrx_word' id='word_1_284' title='bbox 1672 1114 1733 1146; x_wconf 88' lang='lat' dir='ltr'><strong>ac</strong></span> <span class='ocrx_word' id='word_1_285' title='bbox 1759 1101 1947 1162; x_wconf 80' lang='lat' dir='ltr'><strong>recipit</strong></span> <span class='ocrx_word' id='word_1_286' title='bbox 1963 1100 2053 1149; x_wconf 87' lang='lat' dir='ltr'><strong>se.’</strong></span> <span class='ocrx_word' id='word_1_287' title='bbox 2091 1101 2258 1151; x_wconf 83' lang='lat' dir='ltr'><strong>Idem.</strong></span> 
     </span>
    </p>

    <p class='ocr_par' dir='ltr' id='par_1_18' title="bbox 1461 1174 2519 1315">
     <span class='ocr_line' id='line_1_62' title="bbox 1522 1174 2519 1242; baseline 0.008 -21"><span class='ocrx_word' id='word_1_288' title='bbox 1522 1174 1697 1223; x_wconf 81' lang='lat' dir='ltr'><strong>Amore</strong></span> <span class='ocrx_word' id='word_1_289' title='bbox 1716 1175 1944 1238; x_wconf 75' lang='lat' dir='ltr'><strong>abundas,</strong></span> <span class='ocrx_word' id='word_1_290' title='bbox 1978 1177 2214 1242; x_wconf 77' lang='lat' dir='ltr'><strong>Antipho]</strong></span> <span class='ocrx_word' id='word_1_291' title='bbox 2257 1178 2376 1228; x_wconf 91' lang='lat' dir='ltr'><strong>Hoc</strong></span> <span class='ocrx_word' id='word_1_292' title='bbox 2402 1194 2519 1229; x_wconf 89' lang='lat' dir='ltr'><strong>cum</strong></span> 
     </span>
     <span class='ocr_line' id='line_1_63' title="bbox 1461 1252 2266 1315; baseline 0.005 -16"><span class='ocrx_word' id='word_1_293' title='bbox 1461 1252 1883 1315; x_wconf 81' lang='lat' dir='ltr'><strong>pronuntiatione</strong></span> <span class='ocrx_word' id='word_1_294' title='bbox 1902 1252 2082 1304; x_wconf 81' lang='lat' dir='ltr'><strong>infert</strong></span> <span class='ocrx_word' id='word_1_295' title='bbox 2117 1253 2266 1303; x_wconf 83' lang='lat' dir='ltr'><strong>Idem.</strong></span> 
     </span>
    </p>

    <p class='ocr_par' dir='ltr' id='par_1_19' title="bbox 1462 1328 2528 1533">
     <span class='ocr_line' id='line_1_64' title="bbox 1527 1328 2528 1397; baseline 0.008 -22"><span class='ocrx_word' id='word_1_296' title='bbox 1527 1329 1704 1377; x_wconf 80' lang='lat' dir='ltr'><strong>Amore</strong></span> <span class='ocrx_word' id='word_1_297' title='bbox 1712 1328 1946 1393; x_wconf 81' lang='lat' dir='ltr'><strong>abundas]</strong></span> <span class='ocrx_word' id='word_1_298' title='bbox 1983 1329 2139 1379; x_wconf 82' lang='grc' dir='ltr'><strong><em>Τίκτει</em></strong></span> <span class='ocrx_word' id='word_1_299' title='bbox 2152 1329 2206 1379; x_wconf 79' lang='grc' dir='ltr'><strong>δὲ</strong></span> <span class='ocrx_word' id='word_1_300' title='bbox 2220 1330 2355 1395; x_wconf 77' lang='grc' dir='ltr'><strong><em>κόρος</em></strong></span> <span class='ocrx_word' id='word_1_301' title='bbox 2375 1331 2528 1397; x_wconf 74' lang='grc' dir='ltr'><strong><em>ὕβρινε</em></strong></span> 
     </span>
     <span class='ocr_line' id='line_1_65' title="bbox 1462 1405 2521 1471; baseline 0.006 -17"><span class='ocrx_word' id='word_1_302' title='bbox 1462 1419 1528 1454; x_wconf 85' lang='lat' dir='ltr'><strong>ex</strong></span> <span class='ocrx_word' id='word_1_303' title='bbox 1570 1405 1727 1453; x_wconf 88' lang='lat' dir='ltr'><strong>nimia</strong></span> <span class='ocrx_word' id='word_1_304' title='bbox 1763 1406 2007 1456; x_wconf 83' lang='lat' dir='ltr'><strong>satietate</strong></span> <span class='ocrx_word' id='word_1_305' title='bbox 2041 1408 2266 1471; x_wconf 84' lang='lat' dir='ltr'><strong>lascivis,</strong></span> <span class='ocrx_word' id='word_1_306' title='bbox 2305 1409 2521 1460; x_wconf 78' lang='lat' dir='ltr'><strong>delicias</strong></span> 
     </span>
     <span class='ocr_line' id='line_1_66' title="bbox 1463 1480 2134 1533; baseline 0.006 -4"><span class='ocrx_word' id='word_1_307' title='bbox 1463 1480 1613 1531; x_wconf 81' lang='lat' dir='ltr'><strong>facis.</strong></span> <span class='ocrx_word' id='word_1_308' title='bbox 1658 1482 1791 1531; x_wconf 82' lang='lat' dir='ltr'><strong>Mer.</strong></span> <span class='ocrx_word' id='word_1_309' title='bbox 1818 1484 2134 1533; x_wconf 79' lang='lat' dir='ltr'><strong>Casaubonus.</strong></span> 
     </span>
    </p>

    <p class='ocr_par' dir='ltr' id='par_1_20' title="bbox 1459 1558 2548 1838">
     <span class='ocr_line' id='line_1_67' title="bbox 1529 1558 2525 1621; baseline 0.004 -15"><span class='ocrx_word' id='word_1_310' title='bbox 1529 1562 1591 1607; x_wconf 84' lang='grc'><strong>12</strong></span> <span class='ocrx_word' id='word_1_311' title='bbox 1627 1558 1757 1606; x_wconf 85' lang='lat' dir='ltr'><strong>Nam</strong></span> <span class='ocrx_word' id='word_1_312' title='bbox 1780 1564 1862 1607; x_wconf 83' lang='lat' dir='ltr'><strong>tua</strong></span> <span class='ocrx_word' id='word_1_313' title='bbox 1882 1560 2069 1621; x_wconf 79' lang='lat' dir='ltr'><strong>quidem</strong></span> <span class='ocrx_word' id='word_1_314' title='bbox 2087 1560 2241 1609; x_wconf 75' lang='lat' dir='ltr'><strong>herote</strong></span> <span class='ocrx_word' id='word_1_315' title='bbox 2262 1566 2392 1610; x_wconf 80' lang='lat' dir='ltr'><strong>certo</strong></span> <span class='ocrx_word' id='word_1_316' title='bbox 2422 1561 2525 1609; x_wconf 74' lang='lat' dir='ltr'><strong>vita</strong></span> 
     </span>
     <span class='ocr_line' id='line_1_68' title="bbox 1460 1635 2525 1702; baseline 0.004 -19"><span class='ocrx_word' id='word_1_317' title='bbox 1460 1635 1564 1684; x_wconf 77' lang='lat' dir='ltr'><strong>hoee</strong></span> <span class='ocrx_word' id='word_1_318' title='bbox 1595 1635 1882 1698; x_wconf 79' lang='lat' dir='ltr'><strong>expetenda]</strong></span> <span class='ocrx_word' id='word_1_319' title='bbox 1916 1637 2085 1684; x_wconf 85' lang='lat' dir='ltr'><strong>Bene</strong></span> <span class='ocrx_word' id='word_1_320' title='bbox 2105 1642 2261 1686; x_wconf 81' lang='lat' dir='ltr'><strong>certo.-</strong></span> <span class='ocrx_word' id='word_1_321' title='bbox 2294 1637 2417 1702; x_wconf 83' lang='lat' dir='ltr'><strong>quia</strong></span> <span class='ocrx_word' id='word_1_322' title='bbox 2439 1652 2525 1688; x_wconf 88' lang='lat' dir='ltr'><strong>su-</strong></span> 
     </span>
     <span class='ocr_line' id='line_1_69' title="bbox 1463 1708 2548 1794; baseline 0.003 -35"><span class='ocrx_word' id='word_1_323' title='bbox 1463 1727 1558 1775; x_wconf 89' lang='lat' dir='ltr'><strong>pra</strong></span> <span class='ocrx_word' id='word_1_324' title='bbox 1592 1711 1763 1760; x_wconf 85' lang='lat' dir='ltr'><strong>omnia</strong></span> <span class='ocrx_word' id='word_1_325' title='bbox 1798 1725 1914 1760; x_wconf 89' lang='lat' dir='ltr'><strong>cum</strong></span> <span class='ocrx_word' id='word_1_326' title='bbox 1954 1708 2161 1776; x_wconf 74' lang='grc' dir='ltr'><strong><em>εἰρωνείᾳ</em></strong></span> <span class='ocrx_word' id='word_1_327' title='bbox 2196 1711 2351 1762; x_wconf 86' lang='lat' dir='ltr'><strong>dixit.</strong></span> <span class='ocrx_word' id='word_1_328' title='bbox 2418 1713 2525 1794; x_wconf 45' lang='lat' dir='ltr'><strong>Do:</strong></span> <span class='ocrx_word' id='word_1_329' title='bbox 2543 1709 2548 1713; x_wconf 79' lang='grc'><strong>’</strong></span> 
     </span>
     <span class='ocr_line' id='line_1_70' title="bbox 1459 1794 1615 1838; baseline -0.007 -1"><span class='ocrx_word' id='word_1_330' title='bbox 1459 1794 1615 1838; x_wconf 79' lang='lat' dir='ltr'><strong>natus.</strong></span> 
     </span>
    </p>

    <p class='ocr_par' dir='ltr' id='par_1_21' title="bbox 1463 1865 2528 2376">
     <span class='ocr_line' id='line_1_71' title="bbox 1537 1865 2523 1929; baseline -0.001 -13"><span class='ocrx_word' id='word_1_331' title='bbox 1537 1865 1652 1916; x_wconf 83' lang='lat' dir='ltr'><strong>Vita</strong></span> <span class='ocrx_word' id='word_1_332' title='bbox 1674 1866 1776 1915; x_wconf 75' lang='lat' dir='ltr'><strong>hoec</strong></span> <span class='ocrx_word' id='word_1_333' title='bbox 1798 1865 2081 1929; x_wconf 72' lang='lat' dir='ltr'><strong>expetenda]</strong></span> <span class='ocrx_word' id='word_1_334' title='bbox 2134 1865 2248 1916; x_wconf 79' lang='lat' dir='ltr'><strong>Vita</strong></span> <span class='ocrx_word' id='word_1_335' title='bbox 2270 1865 2426 1928; x_wconf 87' lang='lat' dir='ltr'><strong>dixit,</strong></span> <span class='ocrx_word' id='word_1_336' title='bbox 2464 1872 2523 1915; x_wconf 91' lang='lat' dir='ltr'><strong>ut</strong></span> 
     </span>
     <span class='ocr_line' id='line_1_72' title="bbox 1464 1942 2524 2006; baseline -0.001 -14"><span class='ocrx_word' id='word_1_337' title='bbox 1464 1943 1790 2006; x_wconf 82' lang='lat' dir='ltr'><strong>ostenderet,</strong></span> <span class='ocrx_word' id='word_1_338' title='bbox 1824 1943 2022 1993; x_wconf 83' lang='lat' dir='ltr'><strong>etiamsi</strong></span> <span class='ocrx_word' id='word_1_339' title='bbox 2045 1957 2144 1991; x_wconf 88' lang='lat' dir='ltr'><strong>non</strong></span> <span class='ocrx_word' id='word_1_340' title='bbox 2169 1942 2415 2005; x_wconf 83' lang='lat' dir='ltr'><strong>felicitas,</strong></span> <span class='ocrx_word' id='word_1_341' title='bbox 2431 1942 2524 1991; x_wconf 80' lang='lat' dir='ltr'><strong>sed</strong></span> 
     </span>
     <span class='ocr_line' id='line_1_73' title="bbox 1464 2009 2519 2087; baseline 0 -20"><span class='ocrx_word' id='word_1_342' title='bbox 1464 2019 1572 2068; x_wconf 83' lang='lat' dir='ltr'><strong>vita</strong></span> <span class='ocrx_word' id='word_1_343' title='bbox 1618 2020 1842 2082; x_wconf 87' lang='lat' dir='ltr'><strong>dicatur,</strong></span> <span class='ocrx_word' id='word_1_344' title='bbox 1878 2009 2164 2087; x_wconf 80' lang='lat' dir='ltr'><strong>optandam</strong></span> <span class='ocrx_word' id='word_1_345' title='bbox 2205 2033 2337 2068; x_wconf 81' lang='lat' dir='ltr'><strong>esse.</strong></span> <span class='ocrx_word' id='word_1_346' title='bbox 2404 2018 2519 2068; x_wconf 79' lang='lat' dir='ltr'><strong>Vita</strong></span> 
     </span>
     <span class='ocr_line' id='line_1_74' title="bbox 1465 2094 2528 2159; baseline 0.001 -16"><span class='ocrx_word' id='word_1_347' title='bbox 1465 2103 1637 2144; x_wconf 83' lang='lat' dir='ltr'><strong>autem</strong></span> <span class='ocrx_word' id='word_1_348' title='bbox 1662 2101 1717 2145; x_wconf 78' lang='lat' dir='ltr'><strong>et</strong></span> <span class='ocrx_word' id='word_1_349' title='bbox 1731 2110 1902 2145; x_wconf 89' lang='lat' dir='ltr'><strong>mores</strong></span> <span class='ocrx_word' id='word_1_350' title='bbox 1922 2094 2198 2159; x_wconf 81' lang='lat' dir='ltr'><strong>significat,</strong></span> <span class='ocrx_word' id='word_1_351' title='bbox 2216 2101 2271 2145; x_wconf 87' lang='lat' dir='ltr'><strong>et</strong></span> <span class='ocrx_word' id='word_1_352' title='bbox 2286 2094 2528 2157; x_wconf 87' lang='lat' dir='ltr'><strong>animam,</strong></span> 
     </span>
     <span class='ocr_line' id='line_1_75' title="bbox 1465 2170 2526 2236; baseline -0.001 -14"><span class='ocrx_word' id='word_1_353' title='bbox 1465 2180 1520 2222; x_wconf 91' lang='lat' dir='ltr'><strong>et</strong></span> <span class='ocrx_word' id='word_1_354' title='bbox 1544 2174 1865 2235; x_wconf 85' lang='lat' dir='ltr'><strong>alimentum,</strong></span> <span class='ocrx_word' id='word_1_355' title='bbox 1902 2180 1957 2222; x_wconf 90' lang='lat' dir='ltr'><strong>et</strong></span> <span class='ocrx_word' id='word_1_356' title='bbox 1979 2172 2199 2236; x_wconf 87' lang='lat' dir='ltr'><strong>spatium</strong></span> <span class='ocrx_word' id='word_1_357' title='bbox 2222 2170 2449 2234; x_wconf 82' lang='lat' dir='ltr'><strong>vivendi,</strong></span> <span class='ocrx_word' id='word_1_358' title='bbox 2468 2178 2526 2221; x_wconf 82' lang='lat' dir='ltr'><strong>et</strong></span> 
     </span>
     <span class='ocr_line' id='line_1_76' title="bbox 1463 2247 2526 2304; baseline -0.001 -5"><span class='ocrx_word' id='word_1_359' title='bbox 1463 2248 1726 2304; x_wconf 86' lang='lat' dir='ltr'><strong>fortunam</strong></span> <span class='ocrx_word' id='word_1_360' title='bbox 1750 2249 2078 2299; x_wconf 87' lang='lat' dir='ltr'><strong>accidentem</strong></span> <span class='ocrx_word' id='word_1_361' title='bbox 2101 2247 2432 2298; x_wconf 83' lang='lat' dir='ltr'><strong>viventibus:</strong></span> <span class='ocrx_word' id='word_1_362' title='bbox 2466 2255 2526 2298; x_wconf 83' lang='lat' dir='ltr'><strong>ut</strong></span> 
     </span>
     <span class='ocr_line' id='line_1_77' title="bbox 1467 2326 1827 2376; baseline 0.006 -2"><span class='ocrx_word' id='word_1_363' title='bbox 1467 2326 1640 2376; x_wconf 81' lang='lat' dir='ltr'><strong>modo.</strong></span> <span class='ocrx_word' id='word_1_364' title='bbox 1674 2328 1827 2376; x_wconf 86' lang='lat' dir='ltr'><strong>Idem.</strong></span> 
     </span>
    </p>

    <p class='ocr_par' dir='ltr' id='par_1_22' title="bbox 1462 2401 2531 2778">
     <span class='ocr_line' id='line_1_78' title="bbox 1529 2401 2525 2469; baseline -0.005 -14"><span class='ocrx_word' id='word_1_365' title='bbox 1529 2407 1810 2469; x_wconf 78' lang='lat' dir='ltr'><strong>Expetenda</strong></span> <span class='ocrx_word' id='word_1_366' title='bbox 1825 2401 2141 2468; x_wconf 78' lang='lat' dir='ltr'><strong>optandaque]</strong></span> <span class='ocrx_word' id='word_1_367' title='bbox 2167 2402 2390 2465; x_wconf 81' lang='lat' dir='ltr'><strong>Proprie</strong></span> <span class='ocrx_word' id='word_1_368' title='bbox 2408 2402 2525 2451; x_wconf 84' lang='lat' dir='ltr'><strong>dix-</strong></span> 
     </span>
     <span class='ocr_line' id='line_1_79' title="bbox 1462 2480 2525 2547; baseline -0.003 -14"><span class='ocrx_word' id='word_1_369' title='bbox 1462 2482 1525 2547; x_wconf 87' lang='lat' dir='ltr'><strong>it,</strong></span> <span class='ocrx_word' id='word_1_370' title='bbox 1544 2485 1823 2547; x_wconf 81' lang='lat' dir='ltr'><strong>expetenda‚</strong></span> <span class='ocrx_word' id='word_1_371' title='bbox 1842 2483 2136 2546; x_wconf 76' lang='lat' dir='ltr'><strong>optandaque</strong></span> <span class='ocrx_word' id='word_1_372' title='bbox 2152 2497 2169 2530; x_wconf 93' lang='lat'><strong>.·</strong></span> <span class='ocrx_word' id='word_1_373' title='bbox 2191 2480 2375 2529; x_wconf 80' lang='lat' dir='ltr'><strong>omnia</strong></span> <span class='ocrx_word' id='word_1_374' title='bbox 2387 2480 2525 2530; x_wconf 87' lang='lat' dir='ltr'><strong>enim</strong></span> 
     </span>
     <span class='ocr_line' id='line_1_80' title="bbox 1468 2557 2526 2624; baseline -0.003 -16"><span class='ocrx_word' id='word_1_375' title='bbox 1468 2574 1589 2624; x_wconf 83' lang='lat' dir='ltr'><strong>quae</strong></span> <span class='ocrx_word' id='word_1_376' title='bbox 1613 2570 1858 2622; x_wconf 82' lang='lat' dir='ltr'><strong>amamus,</strong></span> <span class='ocrx_word' id='word_1_377' title='bbox 1875 2564 1967 2607; x_wconf 84' lang='lat' dir='ltr'><strong>aut</strong></span> <span class='ocrx_word' id='word_1_378' title='bbox 1988 2557 2264 2615; x_wconf 85' lang='lat' dir='ltr'><strong>industria,</strong></span> <span class='ocrx_word' id='word_1_379' title='bbox 2288 2563 2380 2606; x_wconf 88' lang='lat' dir='ltr'><strong>aut</strong></span> <span class='ocrx_word' id='word_1_380' title='bbox 2401 2563 2526 2606; x_wconf 82' lang='lat' dir='ltr'><strong>voto</strong></span> 
     </span>
     <span class='ocr_line' id='line_1_81' title="bbox 1464 2633 2531 2703; baseline -0.002 -16"><span class='ocrx_word' id='word_1_381' title='bbox 1464 2638 1795 2703; x_wconf 86' lang='lat' dir='ltr'><strong>proveniunt,</strong></span> <span class='ocrx_word' id='word_1_382' title='bbox 1810 2638 1911 2688; x_wconf 90' lang='lat' dir='ltr'><strong>hoc</strong></span> <span class='ocrx_word' id='word_1_383' title='bbox 1925 2644 2028 2701; x_wconf 90' lang='lat' dir='ltr'><strong>est,</strong></span> <span class='ocrx_word' id='word_1_384' title='bbox 2051 2633 2211 2686; x_wconf 87' lang='lat' dir='ltr'><strong>autin</strong></span> <span class='ocrx_word' id='word_1_385' title='bbox 2227 2636 2375 2687; x_wconf 87' lang='lat' dir='ltr'><strong>nobis</strong></span> <span class='ocrx_word' id='word_1_386' title='bbox 2392 2642 2531 2698; x_wconf 84' lang='lat' dir='ltr'><strong>sunt,</strong></span> 
     </span>
     <span class='ocr_line' id='line_1_82' title="bbox 1464 2714 2269 2778; baseline -0.002 -12"><span class='ocrx_word' id='word_1_387' title='bbox 1464 2718 1633 2766; x_wconf 87' lang='lat' dir='ltr'><strong>autin</strong></span> <span class='ocrx_word' id='word_1_388' title='bbox 1653 2714 1861 2765; x_wconf 86' lang='lat' dir='ltr'><strong>fortuna</strong></span> <span class='ocrx_word' id='word_1_389' title='bbox 1885 2714 2073 2778; x_wconf 74' lang='lat' dir='ltr'><strong>posita.</strong></span> <span class='ocrx_word' id='word_1_390' title='bbox 2114 2714 2269 2764; x_wconf 85' lang='lat' dir='ltr'><strong>Idem.</strong></span> 
     </span>
    </p>

    <p class='ocr_par' dir='ltr' id='par_1_23' title="bbox 1531 2791 2527 2856">
     <span class='ocr_line' id='line_1_83' title="bbox 1531 2791 2527 2856; baseline -0.003 -14"><span class='ocrx_word' id='word_1_391' title='bbox 1531 2797 1593 2843; x_wconf 78' lang='lat'><strong>13</strong></span> <span class='ocrx_word' id='word_1_392' title='bbox 1627 2795 1712 2847; x_wconf 81' lang='lat' dir='ltr'><strong>Itu</strong></span> <span class='ocrx_word' id='word_1_393' title='bbox 1730 2807 1805 2842; x_wconf 87' lang='lat' dir='ltr'><strong>me</strong></span> <span class='ocrx_word' id='word_1_394' title='bbox 1826 2792 1916 2856; x_wconf 80' lang='lat' dir='ltr'><strong>DI</strong></span> <span class='ocrx_word' id='word_1_395' title='bbox 1932 2792 2043 2841; x_wconf 78' lang='lat' dir='ltr'><strong>bene</strong></span> <span class='ocrx_word' id='word_1_396' title='bbox 2062 2797 2239 2855; x_wconf 78' lang='lat' dir='ltr'><strong>ament,</strong></span> <span class='ocrx_word' id='word_1_397' title='bbox 2252 2797 2307 2840; x_wconf 82' lang='lat' dir='ltr'><strong>ut</strong></span> <span class='ocrx_word' id='word_1_398' title='bbox 2326 2791 2447 2840; x_wconf 64' lang='lat' dir='ltr'><strong>milui</strong></span> <span class='ocrx_word' id='word_1_399' title='bbox 2467 2791 2527 2840; x_wconf 79' lang='lat' dir='ltr'><strong>li-</strong></span> 
     </span>
    </p>
   </div>
   <div class='ocr_carea' id='block_1_6' title="bbox 1417 2867 2530 2933">
    <p class='ocr_par' dir='ltr' id='par_1_24' title="bbox 1417 2867 2530 2933">
     <span class='ocr_line' id='line_1_84' title="bbox 1417 2867 2530 2933; baseline -0.002 -16"><span class='ocrx_word' id='word_1_400' title='bbox 1417 2908 1430 2917; x_wconf 91' lang='lat'><strong>.</strong></span> <span class='ocrx_word' id='word_1_401' title='bbox 1462 2868 1591 2933; x_wconf 81' lang='lat' dir='ltr'><strong>ceat]</strong></span> <span class='ocrx_word' id='word_1_402' title='bbox 1615 2868 1925 2918; x_wconf 86' lang='lat' dir='ltr'><strong>Necessario</strong></span> <span class='ocrx_word' id='word_1_403' title='bbox 1934 2868 2113 2932; x_wconf 76' lang='lat' dir='ltr'><strong>juratz</strong></span> <span class='ocrx_word' id='word_1_404' title='bbox 2132 2867 2253 2931; x_wconf 87' lang='lat' dir='ltr'><strong>qnia</strong></span> <span class='ocrx_word' id='word_1_405' title='bbox 2270 2868 2403 2930; x_wconf 88' lang='lat' dir='ltr'><strong>quod</strong></span> <span class='ocrx_word' id='word_1_406' title='bbox 2421 2867 2530 2916; x_wconf 89' lang='lat' dir='ltr'><strong>dic-</strong></span> 
     </span>
    </p>
   </div>
   <div class='ocr_carea' id='block_1_7' title="bbox 1462 2943 2574 4234">
    <p class='ocr_par' dir='ltr' id='par_1_25' title="bbox 1463 2943 2546 3073">
     <span class='ocr_line' id='line_1_85' title="bbox 1463 2943 2528 3009; baseline -0.004 -13"><span class='ocrx_word' id='word_1_407' title='bbox 1463 2955 1613 2996; x_wconf 88' lang='lat' dir='ltr'><strong>turus</strong></span> <span class='ocrx_word' id='word_1_408' title='bbox 1657 2952 1757 3009; x_wconf 83' lang='lat' dir='ltr'><strong>est,</strong></span> <span class='ocrx_word' id='word_1_409' title='bbox 1804 2944 1927 2994; x_wconf 86' lang='lat' dir='ltr'><strong>solis</strong></span> <span class='ocrx_word' id='word_1_410' title='bbox 1963 2943 2281 2994; x_wconf 84' lang='lat' dir='ltr'><strong>amatoribus</strong></span> <span class='ocrx_word' id='word_1_411' title='bbox 2319 2943 2528 2994; x_wconf 84' lang='lat' dir='ltr'><strong>videtur</strong></span> 
     </span>
     <span class='ocr_line' id='line_1_86' title="bbox 1463 3021 2546 3073; baseline -0.002 -1"><span class='ocrx_word' id='word_1_412' title='bbox 1463 3039 1580 3073; x_wconf 88' lang='lat' dir='ltr'><strong>esse</strong></span> <span class='ocrx_word' id='word_1_413' title='bbox 1603 3021 1937 3072; x_wconf 82' lang='lat' dir='ltr'><strong>credendum.</strong></span> <span class='ocrx_word' id='word_1_414' title='bbox 1973 3022 2122 3071; x_wconf 86' lang='lat' dir='ltr'><strong>Idem.</strong></span> <span class='ocrx_word' id='word_1_415' title='bbox 2539 3062 2546 3070; x_wconf 74' lang='grc'><strong>,</strong></span> 
     </span>
    </p>

    <p class='ocr_par' dir='ltr' id='par_1_26' title="bbox 1462 3095 2532 3470">
     <span class='ocr_line' id='line_1_87' title="bbox 1528 3095 2530 3158; baseline 0 -12"><span class='ocrx_word' id='word_1_416' title='bbox 1528 3100 1612 3152; x_wconf 77' lang='lat' dir='ltr'><strong>Ita</strong></span> <span class='ocrx_word' id='word_1_417' title='bbox 1636 3113 1709 3147; x_wconf 84' lang='lat' dir='ltr'><strong>me</strong></span> <span class='ocrx_word' id='word_1_418' title='bbox 1731 3097 1821 3147; x_wconf 91' lang='lat' dir='ltr'><strong>DI</strong></span> <span class='ocrx_word' id='word_1_419' title='bbox 1838 3097 1948 3147; x_wconf 83' lang='lat' dir='ltr'><strong>bene</strong></span> <span class='ocrx_word' id='word_1_420' title='bbox 1968 3102 2146 3158; x_wconf 82' lang='lat' dir='ltr'><strong>ament,</strong></span> <span class='ocrx_word' id='word_1_421' title='bbox 2175 3102 2231 3147; x_wconf 80' lang='lat' dir='ltr'><strong>ut</strong></span> <span class='ocrx_word' id='word_1_422' title='bbox 2250 3095 2369 3145; x_wconf 70' lang='lat' dir='ltr'><strong>mihi</strong></span> <span class='ocrx_word' id='word_1_423' title='bbox 2389 3095 2530 3146; x_wconf 74' lang='lat' dir='ltr'><strong>liceat</strong></span> 
     </span>
     <span class='ocr_line' id='line_1_88' title="bbox 1463 3172 2527 3237; baseline -0.001 -15"><span class='ocrx_word' id='word_1_424' title='bbox 1463 3174 1665 3236; x_wconf 81' lang='lat' dir='ltr'><strong>tamdiu,</strong></span> <span class='ocrx_word' id='word_1_425' title='bbox 1703 3176 1825 3236; x_wconf 86' lang='lat' dir='ltr'><strong>quod</strong></span> <span class='ocrx_word' id='word_1_426' title='bbox 1846 3188 1970 3230; x_wconf 82' lang='lat' dir='ltr'><strong>amo,</strong></span> <span class='ocrx_word' id='word_1_427' title='bbox 1993 3173 2130 3236; x_wconf 81' lang='lat' dir='ltr'><strong>frui]</strong></span> <span class='ocrx_word' id='word_1_428' title='bbox 2182 3172 2527 3237; x_wconf 82' lang='lat' dir='ltr'><strong>opportunus</strong></span> 
     </span>
     <span class='ocr_line' id='line_1_89' title="bbox 1462 3250 2527 3315; baseline -0.003 -15"><span class='ocrx_word' id='word_1_429' title='bbox 1462 3253 1624 3315; x_wconf 86' lang='lat' dir='ltr'><strong>locus,</strong></span> <span class='ocrx_word' id='word_1_430' title='bbox 1656 3250 1710 3299; x_wconf 90' lang='lat' dir='ltr'><strong>in</strong></span> <span class='ocrx_word' id='word_1_431' title='bbox 1731 3265 1835 3313; x_wconf 90' lang='lat' dir='ltr'><strong>quo</strong></span> <span class='ocrx_word' id='word_1_432' title='bbox 1861 3250 2184 3311; x_wconf 87' lang='lat' dir='ltr'><strong>ostendatur,</strong></span> <span class='ocrx_word' id='word_1_433' title='bbox 2210 3264 2361 3314; x_wconf 86' lang='lat' dir='ltr'><strong>quarn</strong></span> <span class='ocrx_word' id='word_1_434' title='bbox 2385 3262 2527 3312; x_wconf 86' lang='lat' dir='ltr'><strong>mag-</strong></span> 
     </span>
     <span class='ocr_line' id='line_1_90' title="bbox 1462 3325 2532 3391; baseline -0.003 -15"><span class='ocrx_word' id='word_1_435' title='bbox 1462 3342 1531 3377; x_wconf 89' lang='lat' dir='ltr'><strong>no</strong></span> <span class='ocrx_word' id='word_1_436' title='bbox 1554 3339 1730 3376; x_wconf 84' lang='lat' dir='ltr'><strong>amore</strong></span> <span class='ocrx_word' id='word_1_437' title='bbox 1751 3328 1822 3375; x_wconf 86' lang='lat' dir='ltr'><strong>sit</strong></span> <span class='ocrx_word' id='word_1_438' title='bbox 1845 3341 2111 3391; x_wconf 87' lang='lat' dir='ltr'><strong>possessus</strong></span> <span class='ocrx_word' id='word_1_439' title='bbox 2138 3327 2405 3388; x_wconf 68' lang='lat' dir='ltr'><strong>Phaedria,</strong></span> <span class='ocrx_word' id='word_1_440' title='bbox 2444 3325 2532 3375; x_wconf 86' lang='lat' dir='ltr'><strong>cui</strong></span> 
     </span>
     <span class='ocr_line' id='line_1_91' title="bbox 1464 3402 2495 3470; baseline -0.002 -18"><span class='ocrx_word' id='word_1_441' title='bbox 1464 3418 1563 3470; x_wconf 88' lang='lat' dir='ltr'><strong>par</strong></span> <span class='ocrx_word' id='word_1_442' title='bbox 1586 3402 1908 3466; x_wconf 84' lang='lat' dir='ltr'><strong>impenditur</strong></span> <span class='ocrx_word' id='word_1_443' title='bbox 1931 3411 2306 3466; x_wconf 84' lang='lat' dir='ltr'><strong>argumentum.</strong></span> <span class='ocrx_word' id='word_1_444' title='bbox 2341 3404 2495 3451; x_wconf 79' lang='lat' dir='ltr'><strong>Idem,</strong></span> 
     </span>
    </p>

    <p class='ocr_par' dir='ltr' id='par_1_27' title="bbox 1463 3476 2531 3687">
     <span class='ocr_line' id='line_1_92' title="bbox 1533 3476 2530 3540; baseline 0 -13"><span class='ocrx_word' id='word_1_445' title='bbox 1533 3480 1652 3528; x_wconf 81' lang='lat' dir='ltr'><strong>Tam</strong></span> <span class='ocrx_word' id='word_1_446' title='bbox 1672 3479 1776 3539; x_wconf 81' lang='lat' dir='ltr'><strong>diu,</strong></span> <span class='ocrx_word' id='word_1_447' title='bbox 1810 3480 1931 3540; x_wconf 78' lang='lat' dir='ltr'><strong>quod</strong></span> <span class='ocrx_word' id='word_1_448' title='bbox 1960 3493 2065 3526; x_wconf 81' lang='lat' dir='ltr'><strong>amo</strong></span> <span class='ocrx_word' id='word_1_449' title='bbox 2085 3476 2222 3540; x_wconf 81' lang='lat' dir='ltr'><strong>frui]</strong></span> <span class='ocrx_word' id='word_1_450' title='bbox 2268 3476 2530 3529; x_wconf 80' lang='lat' dir='ltr'><strong>Quamdiu</strong></span> 
     </span>
     <span class='ocr_line' id='line_1_93' title="bbox 2201 3555 2531 3617; baseline 0 -13"><span class='ocrx_word' id='word_1_451' title='bbox 2201 3555 2283 3604; x_wconf 86' lang='lat' dir='ltr'><strong>An</strong></span> <span class='ocrx_word' id='word_1_452' title='bbox 2308 3560 2407 3605; x_wconf 80' lang='lat' dir='ltr'><strong>tam</strong></span> <span class='ocrx_word' id='word_1_453' title='bbox 2426 3555 2531 3617; x_wconf 81' lang='lat' dir='ltr'><strong>diu,</strong></span> 
     </span>
     <span class='ocr_line' id='line_1_94' title="bbox 1463 3633 1962 3687; baseline -0.004 -3"><span class='ocrx_word' id='word_1_454' title='bbox 1463 3633 1730 3687; x_wconf 74' lang='grc' dir='ltr'><strong>δεικτικῶςὲ</strong></span> <span class='ocrx_word' id='word_1_455' title='bbox 1762 3633 1912 3683; x_wconf 84' lang='lat' dir='ltr'><strong>Idem.</strong></span> <span class='ocrx_word' id='word_1_456' title='bbox 1957 3678 1962 3683; x_wconf 86' lang='lat'><strong>.</strong></span> 
     </span>
    </p>

    <p class='ocr_par' dir='ltr' id='par_1_28' title="bbox 1465 3709 2530 3850">
     <span class='ocr_line' id='line_1_95' title="bbox 1533 3709 2530 3774; baseline -0.003 -14"><span class='ocrx_word' id='word_1_457' title='bbox 1533 3713 1650 3760; x_wconf 85' lang='lat' dir='ltr'><strong>Tam</strong></span> <span class='ocrx_word' id='word_1_458' title='bbox 1682 3709 1790 3773; x_wconf 81' lang='lat' dir='ltr'><strong>diu]</strong></span> <span class='ocrx_word' id='word_1_459' title='bbox 1841 3710 2141 3774; x_wconf 82' lang='lat' dir='ltr'><strong>Tantisper,</strong></span> <span class='ocrx_word' id='word_1_460' title='bbox 2173 3710 2269 3760; x_wconf 83' lang='lat' dir='ltr'><strong>hoc</strong></span> <span class='ocrx_word' id='word_1_461' title='bbox 2303 3715 2406 3772; x_wconf 86' lang='lat' dir='ltr'><strong>est,</strong></span> <span class='ocrx_word' id='word_1_462' title='bbox 2444 3709 2530 3758; x_wconf 86' lang='lat' dir='ltr'><strong>vel</strong></span> 
     </span>
     <span class='ocr_line' id='line_1_96' title="bbox 1465 3787 2123 3850; baseline -0.006 -10"><span class='ocrx_word' id='word_1_463' title='bbox 1465 3790 1945 3850; x_wconf 78' lang='lat' dir='ltr'><strong>tantillotempore.</strong></span> <span class='ocrx_word' id='word_1_464' title='bbox 1969 3787 2123 3837; x_wconf 83' lang='lat' dir='ltr'><strong>Idem.</strong></span> 
     </span>
    </p>

    <p class='ocr_par' dir='ltr' id='par_1_29' title="bbox 1466 3862 2574 4080">
     <span class='ocr_line' id='line_1_97' title="bbox 1534 3862 2530 3928; baseline -0.005 -12"><span class='ocrx_word' id='word_1_465' title='bbox 1534 3867 1672 3922; x_wconf 87' lang='lat' dir='ltr'><strong>Quod</strong></span> <span class='ocrx_word' id='word_1_466' title='bbox 1694 3864 1958 3928; x_wconf 78' lang='lat' dir='ltr'><strong>amo,frui]</strong></span> <span class='ocrx_word' id='word_1_467' title='bbox 1982 3865 2153 3913; x_wconf 85' lang='lat' dir='ltr'><strong>Deest</strong></span> <span class='ocrx_word' id='word_1_468' title='bbox 2174 3879 2255 3912; x_wconf 82' lang='lat' dir='ltr'><strong>eo.-</strong></span> <span class='ocrx_word' id='word_1_469' title='bbox 2278 3869 2336 3912; x_wconf 89' lang='lat' dir='ltr'><strong>ut</strong></span> <span class='ocrx_word' id='word_1_470' title='bbox 2352 3862 2438 3925; x_wconf 87' lang='lat' dir='ltr'><strong>sit,</strong></span> <span class='ocrx_word' id='word_1_471' title='bbox 2458 3876 2530 3925; x_wconf 85' lang='lat' dir='ltr'><strong>eo,</strong></span> 
     </span>
     <span class='ocr_line' id='line_1_98' title="bbox 1466 3940 2574 4008; baseline -0.008 -15"><span class='ocrx_word' id='word_1_472' title='bbox 1466 3946 1586 4008; x_wconf 81' lang='lat' dir='ltr'><strong>quod</strong></span> <span class='ocrx_word' id='word_1_473' title='bbox 1606 3941 1867 4003; x_wconf 79' lang='lat' dir='ltr'><strong>amo,srui.</strong></span> <span class='ocrx_word' id='word_1_474' title='bbox 1898 3940 2065 3990; x_wconf 89' lang='lat' dir='ltr'><strong>Idem.</strong></span> <span class='ocrx_word' id='word_1_475' title='bbox 2571 4004 2574 4005; x_wconf 7' lang='grc' dir='ltr'><em>γ</em></span> 
     </span>
     <span class='ocr_line' id='line_1_99' title="bbox 1534 4014 2529 4080; baseline -0.006 -10"><span class='ocrx_word' id='word_1_476' title='bbox 1534 4024 1597 4070; x_wconf 89' lang='grc'><strong>14</strong></span> <span class='ocrx_word' id='word_1_477' title='bbox 1628 4021 1743 4068; x_wconf 75' lang='lat' dir='ltr'><strong>dam</strong></span> <span class='ocrx_word' id='word_1_478' title='bbox 1760 4017 1987 4080; x_wconf 77' lang='lat' dir='ltr'><strong>depecisci</strong></span> <span class='ocrx_word' id='word_1_479' title='bbox 2006 4021 2158 4065; x_wconf 81' lang='lat' dir='ltr'><strong>morte</strong></span> <span class='ocrx_word' id='word_1_480' title='bbox 2188 4014 2347 4078; x_wconf 81' lang='lat' dir='ltr'><strong>cupio]</strong></span> <span class='ocrx_word' id='word_1_481' title='bbox 2393 4015 2529 4066; x_wconf 84' lang='lat' dir='ltr'><strong>Pac·</strong></span> 
     </span>
    </p>

    <p class='ocr_par' dir='ltr' id='par_1_30' title="bbox 1468 4094 2534 4234">
     <span class='ocr_line' id='line_1_100' title="bbox 1468 4094 2172 4158; baseline -0.004 -13"><span class='ocrx_word' id='word_1_482' title='bbox 1468 4097 1660 4146; x_wconf 82' lang='lat' dir='ltr'><strong>tionem</strong></span> <span class='ocrx_word' id='word_1_483' title='bbox 1683 4094 1988 4158; x_wconf 80' lang='lat' dir='ltr'><strong>transigere.</strong></span> <span class='ocrx_word' id='word_1_484' title='bbox 2020 4094 2172 4143; x_wconf 81' lang='lat' dir='ltr'><strong>Idem.</strong></span> 
     </span>
     <span class='ocr_line' id='line_1_101' title="bbox 1533 4166 2534 4234; baseline -0.003 -14"><span class='ocrx_word' id='word_1_485' title='bbox 1533 4173 1651 4220; x_wconf 80' lang='lat' dir='ltr'><strong>Jam</strong></span> <span class='ocrx_word' id='word_1_486' title='bbox 1685 4171 1909 4234; x_wconf 76' lang='lat' dir='ltr'><strong>depecisci</strong></span> <span class='ocrx_word' id='word_1_487' title='bbox 1936 4174 2131 4218; x_wconf 84' lang='lat' dir='ltr'><strong>mortem</strong></span> <span class='ocrx_word' id='word_1_488' title='bbox 2161 4166 2322 4231; x_wconf 77' lang='lat' dir='ltr'><strong>cupio]</strong></span> <span class='ocrx_word' id='word_1_489' title='bbox 2354 4167 2534 4217; x_wconf 80' lang='grc' dir='ltr'><strong><em>Αυτίκα</em></strong></span> 
     </span>
    </p>
   </div>
   <div class='ocr_carea' id='block_1_8' title="bbox 1430 4244 2531 4311">
    <p class='ocr_par' dir='ltr' id='par_1_31' title="bbox 1430 4244 2531 4311">
     <span class='ocr_line' id='line_1_102' title="bbox 1430 4244 2531 4311; baseline -0.003 -12"><span class='ocrx_word' id='word_1_490' title='bbox 1430 4282 1437 4289; x_wconf 81' lang='lat'><strong>.</strong></span> <span class='ocrx_word' id='word_1_491' title='bbox 1466 4246 1680 4307; x_wconf 75' lang='grc' dir='ltr'><strong><em>τεθναίην</em></strong></span> <span class='ocrx_word' id='word_1_492' title='bbox 1700 4244 1885 4310; x_wconf 77' lang='grc' dir='ltr'><strong><em>λεχέων</em></strong></span> <span class='ocrx_word' id='word_1_493' title='bbox 1905 4245 2211 4308; x_wconf 61' lang='grc' dir='ltr'><strong>ἑτιίβήμενοςε</strong></span> <span class='ocrx_word' id='word_1_494' title='bbox 2214 4245 2377 4311; x_wconf 84' lang='grc' dir='ltr'><strong><em>Ηροῦς.</em></strong></span> <span class='ocrx_word' id='word_1_495' title='bbox 2400 4247 2531 4296; x_wconf 81' lang='lat' dir='ltr'><strong>Mer.</strong></span> 
     </span>
    </p>
   </div>
   <div class='ocr_carea' id='block_1_9' title="bbox 1473 4326 1791 4377">
    <p class='ocr_par' dir='ltr' id='par_1_32' title="bbox 1473 4326 1791 4377">
     <span class='ocr_line' id='line_1_103' title="bbox 1473 4326 1791 4377; baseline -0.003 -2"><span class='ocrx_word' id='word_1_496' title='bbox 1473 4326 1791 4377; x_wconf 77' lang='lat' dir='ltr'><strong>casaubonus.</strong></span> 
     </span>
    </p>
   </div>
  </div>
 </body>
</html>
