3035 4941
652 434 1013 502 TERENTH
1064 435 1388 487 AnEm’H.
1435 438 1602 489 AcT.
1653 439 1762 487 ΙΙΙ.
1812 438 1919 490 Sc,
1966 442 2078 491 111.

2285 428 2457 492 1445

279 574 470 642 quidem
504 576 642 628 diem
675 579 840 629 minus
873 593 903 629 a
931 594 1022 630 sex
1057 580 1323 632 mensibus
1395 570 1491 635 boc
1535 599 1598 635 ea
1639 594 1815 636 mente
1850 585 2061 646 dixisse,
2108 600 2211 650 qua
2248 585 2450 637 Seneca

278 656 416 718 sciat,
437 656 560 720 quid
579 664 844 719 coepturus
866 658 934 706 sit
950 657 1102 707 filius.
1151 657 1318 707 Nimis

275 733 458 781 comica
481 739 536 781 et
554 733 757 782 moralis
780 733 1079 784 assentatio.
1111 734 1263 784 Idem.

332 809 440 858 Non
491 809 793 873 olfecissem}
827 810 1018 860 Totum
1077 810 1315 861 ridicule.

274 886 401 937 Nam
449 886 574 952 qnid
619 885 904 950 olfecisset,
951 887 1038 952 qui
1086 886 1318 936 nondum

272 964 532 1029 quicquam
572 965 705 1014 scire
757 967 1020 1029 coepisset,
1064 967 1315 1032 cujusque

270 1041 466 1091 naribus
488 1042 610 1091 nihil
632 1043 894 1106 objectum
925 1042 1142 1093 fuisset?
1164 1035 1314 1094 'Nam

268 1117 377 1182 ideo
396 1134 530 1169 nares
551 1135 581 1170 a
601 1122 808 1171 ’raritate
829 1121 984 1172 dictae
1005 1130 1142 1179 sunt,
1177 1121 1313 1186 quod

267 1208 351 1254 nos
370 1197 587 1248 odoratu
608 1197 828 1247 doceant
860 1205 1048 1261 praesto
1070 1205 1125 1248 et
1148 1213 1312 1262 prope

267 1286 388 1335 esse,
420 1275 558 1340 qnod
593 1275 762 1326 adhuc
799 1276 938 1327 oculi
972 1289 1072 1326 uon
1114 1276 1311 1328 vident.

209 1460 229 1466 -
322 1432 382 1477 48
445 1431 603 1488 Quam
656 1430 738 1481 ille
790 1430 1037 1494 quiequam
1095 1431 1311 1496 coeperit]

265 1503 479 1556 Multum
504 1506 674 1568 dixit3
711 1513 764 1557 et
797 1513 908 1557 ante
930 1522 1019 1558 sex
1038 1523 1234 1570 aienses,
1255 1518 1312 1560 et

261 1583 521 1646 affecissent,
544 1590 597 1633 et
619 1584 753 1648 prius
773 1600 912 1648 quam
932 1586 1142 1648 coeperit.
1177 1584 1262 1634 Id.

323 1661 475 1717 Quam
509 1662 592 1710 ille
614 1662 859 1725 quicquam
881 1661 1092 1725 coeperit]
1129 1662 1192 1711 In
1218 1662 1311 1711 ali·

258 1736 437 1804 quibus
492 1738 640 1787 libris
692 1731 943 1801 Terentii,
987 1748 1042 1789 et
1098 1739 1310 1800 Donati,

258 1815 496 1878 scriptum
523 1821 623 1876 est,
643 1821 870 1877 coeperet:
906 1824 960 1864 et
985 1816 1060 1865 ita
1092 1818 1143 1865 in
1173 1817 1309 1866 bunc

259 1892 453 1940 modum
481 1892 782 1941 Priscianus
798 1892 949 1942 citat.
985 1894 1220 1944 fazin-nus.

319 1970 556 2033 Coeperet]
578 1970 733 2021 Quod
754 1969 992 2020 dicebam
1016 1970 1167 2020 modo
1190 1986 1309 2035 pag.

257 2049 360 2096 423.
424 2048 504 2097 Ex
549 2047 747 2096 ratione
783 2055 1072 2111 temporum
1111 2049 1186 2097 sic
1225 2055 1310 2098 est

255 2122 544 2185 legendum,
575 2137 678 2188 non
700 2124 910 2185 coeperit,
936 2125 1179 2186 ntvnlgo.
1217 2123 1309 2173 Sin

254 2202 433 2262 minus,
472 2200 795 2249 soloecismus
832 2198 1028 2260 fuerit3
1063 2208 1116 2249 et
1140 2201 1215 2250 ita
1238 2201 1311 2249 ci-

255 2280 327 2324 tat
347 2276 672 2338 Priscianus;
709 2290 874 2340 neque
898 2278 1058 2339 magis
1079 2278 1311 2329 mirabile

254 2353 414 2403 videri
455 2353 655 2403 debeat
700 2353 835 2402 istud
880 2361 1099 2417 coeperet,
1157 2370 1312 2420 quam

251 2432 471 2494 occiperet
525 2439 580 2483 et
627 2432 869 2496 inciperet.
901 2445 905 2449 ’
962 2432 1199 2499 Denique
1258 2435 1309 2483 in

251 2505 392 2563 libris
438 2507 705 2558 veteribus
759 2523 859 2558 non
907 2510 1059 2559 aliter
1099 2511 1308 2574 legitur.

253 2583 419 2634 Faber.

310 2664 371 2709 44
413 2661 735 2724 Vigilantiam
757 2666 885 2709 tuam
907 2666 962 2711 tu
975 2661 1093 2711 milti
1112 2664 1307 2728 narras]

252 2735 311 2786 Id
336 2747 433 2796 est,
455 2753 612 2803 qnam
637 2738 859 2788 maxime
878 2739 1032 2789 scibo.
1067 2740 1305 2791 Donatus.

318 2815 634 2878 Vigilantiam
685 2821 816 2864 tuam
857 2820 913 2865 tu
956 2816 1075 2865 mihi
1115 2818 1306 2882 narras]

250 2891 601 2943 Pronuntiatu
643 2894 898 2955 juvantur
951 2894 1084 2944 haec.
1173 2895 1308 2945 Sunt

252 2970 381 3019 enim
440 2971 810 3026 laudationem.
857 2986 971 3035 quae
1019 2975 1307 3035 praecessit,

248 3050 610 3099 asseverantis..
645 3064 695 3112 q.
718 3049 769 3096 d·
802 3049 924 3112 quid
958 3051 1080 3113 mibi
1115 3051 1183 3100 de
1218 3059 1306 3101 tua

249 3125 517 3190 vigilantia
567 3140 843 3188 memoras,
886 3141 1039 3190 quam
1083 3130 1306 3179 comme-

248 3192 370 3252 mini
413 3213 468 3252 et
508 3203 616 3252 scio
652 3202 960 3264 singularem
994 3217 1111 3253 esse
1134 3205 1307 3273 plane,

248 3282 378 3330 sicut
396 3282 522 3331 dixi.
556 3280 815 3330 Boeclerus.

261 3390 264 3393 Δ
306 3361 367 3407 45
404 3350 490 3406 Sic
519 3358 614 3406 siet
643 3359 796 3417 modo,
834 3362 1032 3407 anano
1053 3355 1149 3420 est]
1184 3359 1305 3408 Non

248 3432 372 3495 dicit
404 3435 490 3499 qui
512 3451 529 3482 .·
563 3433 654 3483 sed
695 3434 898 3496 respice
932 3434 998 3482 ad
1040 3432 1306 3496 argumen-

249 3518 373 3574 tum,
409 3520 466 3562 et
509 3510 703 3560 ridebis
748 3511 861 3559 haec
902 3519 1170 3575 optantem
1205 3513 1304 3562 De-

249 3602 430 3638 meam.
475 3589 711 3638 Donatus.

248 3721 255 3727 <
315 3667 384 3716 Ut
415 3667 614 3731 quisque
645 3679 782 3715 suum
820 3668 918 3716 volt
957 3682 1083 3730 esse,
1105 3669 1176 3717 ita
1211 3669 1306 3732 est]

246 3742 342 3793 Hae
366 3749 489 3792 sunt
512 3743 788 3803 sententiae
813 3750 870 3792 et
892 3758 1099 3808 semper
1122 3747 1307 3808 proba-

247 3817 401 3884 biles,
417 3826 474 3869 et
496 3831 594 3883 pro
618 3820 851 3882 personis
865 3810 1113 3871 ridiculae.
1148 3823 1323 3872 Plau·-

246 3902 327 3945 tus
364 3899 422 3947 in
466 3896 641 3946 Milite
676 3896 933 3959 Glorioso,
974 3904 989 3926 ‘
1015 3899 1193 3948 Nimia
1226 3908 1307 3950 est

244 3973 474 4035 miseria,
507 3972 658 4021 nimis
695 3973 963 4035 pulchrum
998 3988 1113 4024 esse
1147 3976 1307 4031 homi·

247 4049 400 4103 nem!
438 4049 594 4099 Idem.

315 4128 386 4175 Ut
408 4126 604 4189 quisque
642 4137 778 4175 suum
811 4126 911 4174 vult
952 4140 1068 4189 esse,
1104 4127 1178 4177 ita
1213 4128 1306 4194 est]

243 4203 408 4254 Prout
433 4218 582 4254 suum
607 4203 825 4266 quisque
857 4203 1171 4254 educatione
1200 4205 1307 4256 for-

244 4282 418 4343 marit,
462 4280 618 4342 talem
652 4279 882 4328 habebit.
949 4271 1133 4344 Neque
1171 4283 1306 4332 enim

247 4365 375 4421 puto
427 4355 735 4406 culinarium
777 4356 915 4407 hunc
951 4356 1305 4423 philosophum

1390 661 1537 725 illud,
1567 663 1583 691 ‘
1602 664 1763 713 Putet
1794 677 1849 713 se
1876 664 2207 713 innocentem
2245 663 2458 727 civitas,

1395 740 1531 802 erit‚’
1550 744 1649 791 διο.
1684 740 1750 790 ad
1775 756 1928 805 quam
1950 741 2266 792 sententiam
2290 740 2453 791 credo

1395 824 1451 865 et
1481 816 1624 866 illam
1658 814 1904 877 effictam,
1932 817 1948 844 ‘
1967 816 2194 866 Satietas
2215 816 2269 865 in
2291 816 2453 866 sacris

1393 907 1461 942 ne
1482 894 1566 956 sit,
1588 893 1726 944 erit.’
1790 893 2042 944 Conferat
2074 894 2243 943 lector
2275 894 2450 944 locum¹

1393 971 1460 1021 de
1480 971 1771 1021 Clementia
1792 972 1827 1021 l.
1854 985 1957 1022 1.c.
1980 976 2029 1021 3.
2066 970 2354 1023 Far-nabitu.
2437 993 2446 1024 ,-

1432 1052 1523 1098 ’46
1554 1049 1684 1105 Quia
1702 1056 1837 1099 eum?
1867 1048 2094 1098 vidistine
2115 1047 2274 1110 hodie]
2316 1047 2449 1104 Quia

1390 1124 1534 1178 eum?
1584 1127 1785 1177 initium
1841 1124 2261 1189 interrogationis
2313 1123 2451 1176 futu-

1391 1218 1463 1253 rae
1489 1205 1554 1253 de
1578 1218 1800 1267 persona
1823 1204 2057 1269 alicujus.
2098 1201 2185 1250 Sic
2198 1201 2249 1249 in
2272 1201 2452 1252 Heau-

1390 1285 1523 1329 tont.
1566 1280 1802 1330 Donatus.

1455 1357 1553 1406 Sed
1568 1357 1746 1421 Syrum
1765 1359 1878 1419 quid
1893 1354 2032 1408 eum?
2054 1363 2186 1407 tuum
2202 1354 2456 1422 nefilium]

1388 1434 1508 1485 Hoc
1531 1435 1690 1497 clare,
1713 1431 2113 1497 tuumnefilium?
2165 1433 2331 1484 Moris
2369 1440 2454 1483 est

1388 1519 1446 1562 nt
1461 1512 1550 1577 qui
1573 1512 1769 1576 cogitat
1788 1511 1913 1576 quid
1936 1510 2270 1575 respondeat,
2286 1511 2449 1561 inter·

1389 1590 1658 1653 rogatione
1686 1596 1995 1637 remoretur.
2033 1589 2187 1639 Idem.

1452 1665 1603 1730 Eum]
1637 1665 2026 1730 Ctesiphonem.
2064 1665 2349 1715 Famabias.

1449 1747 1513 1793 47
1549 1744 1761 1805 Abigam
1793 1743 1915 1790 hunc
1950 1744 2054 1806 ras]
2075 1743 2149 1792 Ut
2174 1742 2450 1805 pecudem,

1386 1820 1523 1869 dixit
1545 1820 1732 1881 abigam
1756 1834 1772 1867 .·
1804 1834 1908 1868 non
1946 1827 2002 1868 ut
2036 1820 2316 1882 hominem,
2336 1821 2449 1870 mit-

1387 1905 1502 1948 tam.
1543 1900 1800 1947 Donatus.
2433 1949 2444 1953 ,

1449 1974 1680 2039 Abigam]
1694 1975 1813 2025 Hoc
1823 1975 2014 2023 lentius
2028 1979 2112 2034 ;et
2120 1972 2309 2034 abigam
2323 1988 2447 2037 qua-

1386 2053 1427 2103 si
1451 2052 1707 2117 pecudem
1728 2051 1893 2100 dixit:
1929 2050 2066 2099 unde
2107 2056 2162 2100 et
2201 2050 2445 2099 abactores

1386 2130 1514 2179 dicti
1534 2138 1670 2179 sunt.
1705 2128 1889 2178 Cicero
1907 2126 1955 2175 in
1970 2127 2223 2187 verrinis,
2243 2127 2259 2153 ‘
2275 2128 2449 2191 Equa-

1386 2221 1496 2256 rum
1521 2221 1704 2271 greges
1722 2206 1878 2255 istum
1898 2203 2178 2269 abigendos
2200 2204 2449 2254 curasse!

1388 2285 1540 2334 Idem.

1451 2363 1661 2424 Abigam
1692 2362 1815 2412 lianc
1853 2358 1961 2423 rus]
1994 2358 2445 2423 Eugraphiianno-

1390 2443 1520 2491 tatio
1545 2437 1684 2499 foede
1709 2445 1956 2501 corrupta
1972 2435 2265 2492 exhibetur,
2289 2450 2444 2501 quam

1388 2520 1460 2569 ita
1481 2517 1759 2581 legendam
1786 2530 1900 2564 esse
1922 2513 2192 2572 fateberis,
2215 2513 2301 2563 nbi
2325 2526 2446 2562 c'on-

1384 2599 1613 2655 siderare
1641 2594 1857 2645 libebitz
1890 2596 1905 2623 ‘
1930 2592 2140 2654 Abigam
2183 2593 2305 2642 hunc
2340 2606 2445 2645 ms.

1384 2675 1503 2723 Hoc
1552 2686 1764 2721 aversus
1807 2669 2067 2734 paululum
2121 2666 2446 2730 pronuntiat,

1384 2751 1469 2800 ubi
1492 2749 1761 2800 consilium
1786 2745 2003 2808 sumpsit
2024 2743 2332 2804 mentiendi,
2368 2742 2444 2791 uti

1380 2828 1635 2876 Demeam
1661 2818 1875 2872 mittere
1902 2819 2101 2885 possit?
2137 2820 2401 2869 Boeclerus.
2433 2838 2434 2843 ¹

1445 2904 1653 2964 Abigam
1681 2901 1803 2950 hunc
1817 2897 1924 2960 rus]
1947 2897 2175 2946 Aversus
2192 2905 2249 2946 et
2268 2910 2442 2956 secum

1380 2981 1512 3030 haec.
1551 2977 1838 3031 Farnobius.
1881 3008 1888 3013 -

1445 3055 1738 3106 Jamdudum
1772 3051 1955 3114 aliquid
1989 3048 2097 3098 ruri
2131 3061 2275 3109 agere
2311 3047 2441 3096 arbi-

1346 3160 1347 3163 *
1381 3133 1509 3197 tror]
1544 3133 1663 3182 Hoc
1686 3131 1845 3179 clare.
1882 3128 2119 3175 Donatus.

1445 3212 1646 3276 Aliquid
1681 3208 1788 3258 rari
1829 3218 1973 3268 agere
2024 3202 2258 3265 arbitror]
2318 3201 2446 3255 Hoc.

1382 3289 1498 3353 plus
1522 3294 1622 3349 est,
1640 3299 1791 3349 qnam
1831 3282 1939 3332 illic
1975 3294 2123 3330 esse:
2163 3280 2271 3330 vult
2304 3279 2444 3330 enim

1381 3379 1498 3416 cum
1519 3363 1672 3414 laude
1692 3363 1800 3427 ejus
1821 3359 1981 3424 loqui,
2003 3366 2060 3407 nt
2080 3371 2233 3420 supra
2257 3374 2270 3409 z
2308 3358 2324 3384 ⁴
2347 3357 2447 3406 Rei

1383 3441 1510 3492 dare
1555 3453 1789 3503 operam,
1822 3435 1927 3485 ruri
1966 3447 2097 3496 esse,
2132 3446 2341 3496 parcum
2367 3444 2442 3481 ac

1384 3516 1646 3570 sobrium.’
1730 3517 1800 3564 Et
1842 3528 1985 3576 agere
2024 3512 2258 3575 proprie
2289 3510 2446 3573 dixit,

1385 3611 1501 3646 nam
1528 3597 1591 3644 ab
1615 3592 1817 3657 agendo
1841 3605 1958 3653 ager
1972 3589 2143 3638 dictus
2166 3595 2266 3648 est,
2301 3588 2448 3653 quod·

1384 3677 1431 3724 in
1457 3690 1519 3724 eo
1542 3673 1701 3722 multa
1724 3671 1923 3735 agenda
1946 3675 2083 3719 sunt.
2116 3662 2265 3718 Idem.
2336 3722 2342 3729 ⁶

1466 3755 1532 3802 48
1586 3749 1683 3806 Qui
1726 3753 1909 3811 egomet
1946 3745 2177 3810 produxi]
2229 3745 2444 3809 Mutata

1384 3827 1776 3892 praepositione,
1811 3838 1911 3872 non
1956 3822 2154 3885 deduxi,
2200 3822 2290 3887 scd
2327 3838 2440 3885 pro-

1384 3905 1522 3967 duxi,
1571 3903 1735 3951 dixit:
1794 3901 1845 3949 id
1890 3907 1993 3960 est,
2037 3899 2231 3962 ‘porro
2278 3898 2444 3952 duxiss

1385 3984 1539 4034 Idem.
2348 4028 2357 4035 ‚
2439 4022 2446 4031 ,

1447 4064 1511 4109 49
1546 4056 1703 4106 Metui
1723 4059 1782 4103 ite
1804 4048 2027 4113 hoereret]
2063 4050 2196 4100 Haec
2221 4051 2439 4101 transla-

1384 4137 1481 4200 tio,
1502 4145 1560 4185 ut
1581 4134 1814 4183 sublevat
1834 4129 2221 4191 Ctesiphonem,
2241 4129 2317 4178 ita
2329 4128 2443 4180 AEs·

1384 4213 1536 4261 chino
1569 4207 1825 4258 invidiosa
1862 4210 1957 4253 est.
1996 4218 2113 4252 nam
2131 4204 2293 4263 haeret
2312 4204 2441 4263 avis,

1382 4303 1483 4340 non
1508 4287 1701 4344 animo,
1734 4296 1831 4331 nec
1865 4281 2150 4338 voluntate,
2185 4278 2276 4329 sed
2302 4280 2440 4337 visco

1385 4359 1696 4427 decipientis
1718 4358 1949 4423 aucupis.
1984 4356 2130 4406 Idem·
2303 4351 2316 4360 ’
