3035 4941
547 400 720 465 1110

559 589 564 594 ι
614 560 676 608 In
697 574 933 609 commune
968 559 1179 623 consule]
1209 558 1274 610 ld
1306 566 1406 622 est,
1440 574 1507 612 ex
1538 574 1608 610 ae-

550 638 690 703 quaii
712 639 944 703 provide.
970 639 1206 687 Donatus.

620 720 683 765 1⁷
720 715 871 772 Quasi
904 715 988 763 iua
1030 719 1112 762 tua
1152 714 1239 774 sit,
1279 712 1609 777 Pamphilique

549 792 746 856 egosim
773 791 934 856 pater]
970 791 1114 842 Nota
1148 790 1499 839 suavissimam
1522 805 1607 839 va-

549 869 826 918 rietatem:
862 881 965 916 nou
999 866 1147 929 dicit,
1167 864 1311 931 quasi
1334 873 1425 915 tua
1444 866 1531 928 sit,
1553 872 1608 916 et

546 944 637 994 iile
660 959 823 993 meus.
857 944 1009 993 Idem.

618 1027 680 1072 18
713 1021 815 1070 Imo
829 1020 904 1070 ila
923 1020 1047 1084 volo]
1069 1019 1205 1073 Quia
1222 1020 1350 1070 utile
1372 1027 1471 1085 est,
1485 1021 1610 1086 quia

548 1100 602 1148 in
626 1111 734 1148 rem
754 1105 850 1147 est.
884 1096 1038 1146 Idem.

615 1174 786 1237 Itaque
822 1172 1028 1237 postulo]
1068 1173 1255 1237 Itaque,
1300 1173 1453 1223 modo
1491 1174 1608 1224 duae

550 1260 726 1315 partes
745 1250 996 1301 orationis
1038 1258 1191 1300 suut:
1230 1252 1361 1300 utin
1381 1251 1614 1315 Hecyra,

551 1327 778 1390 ‘Itaque
817 1341 911 1377 uos
955 1341 1059 1375 una
1095 1328 1233 1376 inter
1267 1342 1359 1377 nos
1398 1333 1609 1377 aetatem

550 1416 708 1466 agere
727 1402 916 1452 liceat?
942 1403 1093 1454 Idem.

616 1484 679 1529 19
716 1481 881 1544 Neque
895 1478 1151 1543 postulem]
1174 1481 1313 1532 Quia
1332 1482 1348 1509 ‘
1371 1482 1580 1546 postulo
1599 1480 1613 1502 '

550 1557 799 1620 praetniit.
835 1557 988 1606 Idem.

613 1636 678 1681 20
715 1632 811 1680 Iroe
829 1638 942 1682 sunt
960 1633 1088 1683 inter
1120 1634 1395 1699 Glycerium
1427 1640 1472 1683 et
1490 1649 1613 1697 gna·

550 1708 674 1771 tum]
698 1709 815 1759 Hoc
852 1710 976 1759 laeto
1010 1711 1154 1760 vultu
1194 1712 1499 1775 pronuntiat
1532 1712 1612 1761 Si·

551 1801 668 1835 mo:
706 1793 761 1836 et
781 1787 878 1836 hoc
899 1803 930 1836 a
951 1786 1186 1851 possibili
1220 1795 1305 1837 est
1331 1806 1344 1835 ι
1383 1788 1615 1853 loquitur

550 1863 690 1913 enim
727 1864 865 1929 apud
904 1879 1041 1922 enm,
1078 1880 1144 1914 ex
1187 1879 1290 1929 quo
1327 1865 1616 1930 audiverat,

549 1941 878 2006 Pamphilum
914 1956 1008 2005 pro
1052 1956 1213 1992 uxore
1251 1942 1445 1992 habere
1478 1941 1612 1993 hanc

548 2020 901 2083 peregrinam.
935 2020 1089 2070 Ideni.

612 2096 798 2161 Audio]
819 2096 1053 2163 Εἷρωνεία.
1087 2099 1236 2149 Idem.

611 2173 790 2238 Audio,
809 2174 920 2239 esa]
954 2174 1200 2225 Chremes
1238 2174 1305 2225 de
1343 2175 1612 2227 voluntate

548 2248 779 2300 officiosa
811 2252 940 2300 satis
975 2257 1198 2301 testatus
1222 2258 1370 2303 erat:
1405 2253 1496 2301 sed
1517 2254 1614 2301 hu·

547 2327 849 2376 manitatem
873 2340 1018 2376 snam
1039 2325 1211 2376 fraudi
1235 2328 1334 2377 sibi
1360 2342 1477 2378 esse
1506 2343 1612 2379 non

549 2402 692 2451 vuitz
729 2402 923 2468 itaque,
946 2417 1063 2453 cum
1088 2404 1229 2453 Simo
1260 2404 1501 2469 instaret,
1521 2406 1614 2456 ad·

547 2481 902 2544 mirabundus,
918 2482 1033 2547 qaid
1049 2488 1139 2546 est,
1158 2483 1362 2548 inquit?
1384 2499 1457 2536 sc.
1474 2488 1612 2550 quod

548 2563 607 2606 tu
630 2558 751 2607 mihi
772 2558 838 2607 ad
862 2558 1181 2609 suadendam
1213 2574 1324 2610 rem
1345 2568 1453 2611 tam
1478 2563 1612 2626 peri-

548 2634 778 2684 culosam
823 2632 1014 2684 afferre
1059 2650 1250 2685 novum
1296 2639 1509 2700 possis?
1555 2648 1612 2692 et

546 2723 708 2760 moxe
739 2711 909 2768 audio:
937 2710 1166 2761 ironicez
1185 2712 1405 2772 fabula.-
1440 2715 1611 2766 adhuc

552 2786 785 2836 clarius:
834 2794 890 2837 et
945 2802 1063 2837 eum
1107 2790 1373 2841 sententia
1425 2790 1609 2842 eodem

548 2861 835 2914 tendente:
872 2863 996 2929 qnid
1040 2866 1301 2915 amantium
1339 2867 1441 2916 iras
1484 2870 1611 2919 mihi

548 2954 825 3004 memoras,
861 2956 978 3006 quae
1013 2943 1188 2992 amoris
1220 2944 1482 3006 integratio
1500 2946 1612 2998 est?

548 3016 792 3068 Iterumx
844 3020 860 3046 ‘
897 3018 993 3069 tibi
1029 3019 1112 3070 ita
1151 3020 1251 3070 hoc
1295 3021 1521 3084 videtur,
1556 3032 1611 3072 at

547 3092 684 3156 ego!
724 3097 825 3145 διο.
859 3095 1088 3163 denique
1128 3097 1299 3148 ‘istuc
1323 3100 1609 3164 periculum

547 3170 602 3220 in
621 3170 731 3222 filia
747 3172 863 3223 fieri
885 3186 1043 3237 grave
1062 3181 1144 3224 est
1164 3174 1202 3225 :'
1225 3189 1377 3240 quam
1398 3184 1610 3226 senten-

546 3249 675 3299 tiam
713 3264 878 3316 usque
922 3251 986 3300 ad
1031 3250 1294 3314 proverbii
1328 3254 1612 3303 anctorita-

546 3334 654 3378 tem
679 3330 916 3380 Donatus
941 3331 1149 3381 evehit:
1188 3347 1304 3397 quae
1340 3332 1515 3381 omnia
1537 3334 1612 3381 in-

545 3404 698 3456 duxit
729 3406 917 3467 Poeta,
938 3420 1006 3456 ne
1039 3407 1288 3458 Chremes
1311 3407 1610 3473 impruden-

544 3481 622 3531 tia
665 3481 858 3545 potius,
898 3496 1052 3547 quam
1097 3482 1329 3534 bonitate
1363 3493 1419 3533 et
1458 3484 1612 3534 obse·

546 3558 688 3622 quio,
722 3557 943 3608 Simonis
981 3558 1229 3623 petitioni
1272 3561 1475 3610 veniam
1522 3561 1610 3612 de·

545 3636 686 3685 disse
710 3636 775 3686 ad
798 3643 1089 3688 extremum
1110 3637 1395 3691 videretur.
1425 3642 1610 3693 Boeele-

545 3728 646 3764 rua.

609 3791 793 3857 Audio]
840 3792 1189 3859 Negligenter
1230 3795 1447 3849 dictum.
1482 3800 1610 3849 Far-

545 3867 728 3919 nabius.

607 3946 670 3992 21
697 3943 920 4009 Fabula]
946 3945 1017 3995 Et
1036 3936 1121 3998 hic
1138 3950 1296 4013 paulo
1319 3949 1608 4014 sapientior

542 4020 831 4086 inducitur,
864 4030 921 4074 et
962 4023 1128 4075 minus
1165 4026 1420 4078 obnoxius
1454 4028 1608 4079 dolis.

547 4098 787 4149 Donatus.

608 4179 673 4224 22
701 4177 923 4236 Profecto
942 4178 1013 4227 aie
1033 4178 1129 4243 est]
1151 4180 1392 4246 Profecto,
1419 4181 1606 4232 confir-

453 4242 457 4247 ’
545 4252 704 4301 matio
723 4260 821 4303 est.
857 4255 1010 4306 Idem.

606 4331 670 4377 23
706 4329 985 4387 Amantium
1015 4332 1106 4381 irae
1140 4334 1314 4384 amoris
1342 4336 1605 4400 integratio

1258 417 1473 465 No'rAE
1522 415 1924 466 vAmoRUM
1978 417 2055 466 IN

1682 560 1778 624 est]
1799 561 2077 610 Sententia
2095 560 2321 623 γνωμυιὴ,
2355 561 2406 609 in
2428 565 2542 626 'qua
2572 575 2601 610 a
2624 576 2747 626 spe-

1685 637 1766 687 cie
1806 638 2092 700 receditur,
2130 644 2186 688 et
2231 637 2282 686 in
2323 652 2498 688 omnes
2544 639 2746 703 aliquid

1681 713 1906 764 dicitur:
1930 714 2151 778 παροιμία,
2169 723 2252 764 est
2273 724 2468 777 autem,
2491 716 2604 765 sine
2623 733 2752 767 auc·

1683 794 1801 839 tore
1823 791 2100 842 sententia.
2131 793 2284 841 Idem.
2750 829 2755 834 -

1744 865 2022 915 Amantium
2074 867 2163 915 irae
2215 868 2413 931 amoris]
2466 870 2751 934 Expressit

1683 941 1961 990 Terentius
2023 943 2152 992 iuud
2206 943 2503 995 Menandri.
2589 946 2750 1010 Ὀργὴ

1683 1015 1915 1080 amonim
1933 1016 2099 1079 ὀλίγον
2120 1017 2279 1082 ἰσχύει
2307 1020 2494 1085 χρόνον.
2565 1023 2748 1088 Atque

1684 1095 1975 1159 hujusmodi
2020 1096 2304 1159 dissidiola,
2349 1114 2465 1163 qua»,
2510 1114 2753 1150 nonnun-

1685 1187 1839 1238 quam
1877 1172 2117 1223 incidunt
2154 1174 2291 1224 inter
2335 1175 2543 1235 amicos,
2592 1178 2750 1226 modo

1685 1249 1825 1300 absit
1846 1248 2160 1312 amaritudo,
2182 1250 2331 1313 qnasi
2350 1259 2606 1301 renovant
2630 1253 2756 1301 ami·

1687 1326 1881 1387 citiam,
1914 1340 2132 1375 excusso
2172 1325 2433 1377 diuturnae
2470 1336 2754 1380 consuetu-

1685 1402 1821 1451 dinis
1846 1402 2020 1453 taedio.
2085 1401 2238 1454 Quod
2255 1403 2524 1467 eleganter
2548 1403 2756 1455 indicat

1686 1479 1871 1529 mimus
1931 1479 2036 1541 ille,
2105 1478 2158 1528 ni
2222 1476 2389 1541 failor,
2439 1479 2753 1531 Publianus.

1687 1559 1704 1584 ‘
1739 1556 2018 1607 Discordia
2070 1556 2132 1606 fit
2186 1556 2388 1606 charior
2439 1557 2754 1608 concordia!

1689 1638 1953 1686 Erasmus.
2018 1636 2237 1685 Plautus
2276 1634 2401 1684 item
2444 1634 2497 1682 in
2536 1635 2757 1699 Amphi-

1690 1720 1893 1776 tryone,
1915 1721 2127 1763 act.1n.
2146 1727 2216 1761 sc.
2238 1716 2288 1761 2.
2343 1713 2359 1740 ‘
2386 1710 2490 1760 Irae
2517 1712 2753 1761 interve-

1687 1789 1859 1851 niunt,
1891 1788 2113 1839 redeunt
2154 1803 2351 1838 rursum
2392 1789 2443 1836 in
2485 1789 2751 1852 gratiam.

1688 1880 1866 1916 verum
1891 1867 1983 1915 irae
2006 1866 2051 1914 si
2083 1880 2197 1930 quae
2222 1855 2468 1914 eveniunt
2489 1866 2755 1931 hujusmo-

1688 1941 1761 2006 di,
1780 1943 1919 1993 inter
1951 1956 2041 1993 eos
2068 1956 2267 1992 rursum
2307 1942 2351 1991 si
2384 1948 2655 1994 reventum
2692 1945 2747 1993 in

1685 2020 1907 2084 gratiam
1931 2027 2032 2080 est,
2050 2018 2130 2069 bis
2165 2025 2314 2069 tanto
2337 2018 2489 2068 amici
2524 2026 2651 2070 sunt
2672 2021 2753 2070 in-

1686 2102 1771 2147 ter
1792 2111 2038 2162 se,qnam
2060 2093 2238 2160 prius!
2302 2094 2596 2158 Agathonis
2613 2112 2755 2162 resp.

1685 2173 1755 2223 de
1777 2173 1881 2224 suis
1918 2187 2035 2222 cum
2068 2173 2329 2222 Pausania
2365 2171 2595 2223 dissidiis
2630 2175 2753 2238 lege

1686 2250 1826 2315 apud
1849 2249 2036 2300 AElian.
2060 2263 2125 2299 11.
2149 2249 2275 2298 Var.
2300 2247 2444 2297 Hist.
2465 2250 2753 2303 Fan-nabitu.

1751 2325 2049 2389 Integratio]
2078 2324 2414 2394 Instauratio·
2446 2325 2687 2376 Donatus.

1750 2403 1950 2453 Amoris
1966 2402 2278 2465 reintegratio
2306 2401 2402 2465 est]
2433 2400 2657 2467 Antiqui
2689 2403 2750 2451 li-

1688 2481 1789 2544 bri,
1807 2490 1862 2531 et
1883 2482 2081 2547 aliquot
2097 2481 2208 2544 alii,
2228 2486 2284 2530 et
2298 2479 2539 2530 Donatus
2555 2480 2752 2530 habent

1685 2558 1962 2620 integratio.
1997 2556 2244 2608 Faernus.

1750 2642 1814 2687 24
1836 2638 1898 2687 Id
1918 2642 1967 2687 te
1998 2638 2103 2701 oro]
2126 2638 2294 2688 Deest
2322 2638 2380 2689 ob
2415 2637 2496 2688 id.-
2535 2644 2599 2689 ut
2630 2639 2752 2689 Vir·

1686 2715 1837 2780 gilius
1863 2731 1877 2764 ε
1909 2714 1926 2743 ‘
1948 2714 2102 2767 Quod
2140 2721 2193 2764 te
2230 2729 2328 2779 per
2362 2729 2578 2779 superos
2599 2716 2743 2765 oro.'

1686 2791 1931 2842 Donatus.

1712 2881 1717 2885 ·
1751 2868 1883 2919 Ante
1917 2884 2096 2931 eamus,
2136 2871 2219 2932 isc.
2257 2876 2262 2881 '
2312 2870 2520 2918 Uxorem
2563 2871 2749 2935 demus]

1685 2946 1870 3008 ἡθικῷς,
1896 2945 2068 3011 inquit
2106 2947 2384 2996 Donatus:
2421 2945 2487 2995 ad
2522 2947 2752 2997 amicum

1687 3022 1890 3072 scilicet
1930 3023 2094 3071 virum
2130 3028 2236 3070 tam
2273 3021 2568 3082 humanum,
2604 3021 2753 3072 fami-

1686 3099 1924 3148 liaritatis
1965 3104 2023 3147 et
2048 3096 2266 3153 ¹fiduciae
2311 3104 2446 3158 erat,
2489 3098 2566 3146 ita
2604 3099 2753 3162 loqui

1687 3182 1927 3240 tanquam
1968 3174 2035 3223 de
2078 3173 2335 3223 communi
2373 3174 2599 3237 negotio.
2633 3174 2780 3224 Boe-‘

1683 3253 1850 3302 clerus.

1749 3333 1814 3377 26
1848 3327 2139 3391 Priusquam
2180 3325 2373 3388 harum]
2416 3324 2751 3384 Invidiosius‚

1683 3406 1868 3468 harum,
1900 3419 2056 3469 quum
2094 3419 2194 3453 una
2233 3404 2335 3454 sit:
2373 3403 2451 3452 sic
2474 3404 2749 3468 Eunucho,

1684 3484 1700 3511 ‘
1721 3484 1840 3532 Non
1877 3474 2081 3545 perpeti
2114 3480 2447 3530 meretricum
2482 3487 2752 3531 contume-

1685 3558 1814 3609 lias.’
1846 3560 2086 3608 Donatus.

1747 3641 1811 3687 27
1845 3636 2098 3686 Reducunt
2133 3633 2366 3697 annuum]
2404 3632 2575 3684 lidem
2615 3637 2752 3687 anti·

1685 3714 1774 3778 qui
1796 3712 1915 3762 iibri
1935 3714 2180 3762 reducunt.
2216 3709 2467 3759 Faernus.

1745 3790 1974 3840 Animum
1995 3793 2226 3850 ‹eg-rotam
2252 3788 2315 3835 ad
2348 3784 2748 3851 misericordiam]

1682 3867 1804 3916 Hoc
1828 3871 1886 3914 ut
1903 3878 2079 3928 supra,
2101 3862 2266 3926 Ipsum
2284 3861 2493 3910 animum
2512 3868 2751 3924 ‘egrotum

1681 3947 1744 3994 ad
1786 3943 2066 3994 deteriorem
2093 3945 2280 4004 partem
2304 3937 2528 4003 applicat.
2566 3941 2751 3991 Dona·

1682 4030 1784 4074 tus.

1744 4102 1812 4146 28
1849 4096 2058 4146 Uxorem
2099 4093 2284 4158 demus]
2323 4093 2518 4146 Ἠθικῶς
2548 4112 2561 4143 :
2601 4101 2661 4145 ut
2692 4096 2749 4147 in

1683 4176 2044 4227 Heautontim.
2083 4175 2098 4202 ‘
2117 4176 2234 4229 Quo
2251 4174 2405 4224 modo
2420 4175 2636 4225 minimo
2654 4192 2745 4240 pe·

1681 4255 1848 4305 ricuio
1871 4253 1922 4302 id
1947 4253 2126 4301 demus
2148 4249 2573 4300 adoiescentulo!
2594 4252 2749 4305 Idem.

1741 4335 1809 4383 29
1830 4331 1898 4382 Et
1919 4328 2135 4392 conjugio
2148 4327 2335 4379 liberali
2353 4327 2612 4392 ἀευίοῦωη]
2635 4329 2746 4382 An—
