3035 4941
746 370 1110 427 TERENTH
1163 376 1401 426 ANDR.
1448 378 1615 427 AcT.
1666 378 1743 425 11.
1790 378 1893 426 SC.
1944 380 2042 425 IV.

280 520 452 585 vinat:
489 528 581 573 aut
599 536 799 587 pua-mn
822 535 917 586 pro
931 521 1165 586 quolibet
1180 533 1337 571 sexu:

279 601 527 664 sobolem,
547 601 648 649 hoc
671 608 773 663 est,
792 597 1000 649 foetum:
1036 605 1114 660 ut,
1151 599 1341 651 ‘Quic-

280 678 403 742 quid
420 678 739 742 peperisset,
751 677 1093 726 decreveruut
1110 675 1294 725 tollere
1307 674 1342 725 ι’

276 762 336 805 nt
370 755 547 808 Graeci
595 769 783 817 pueros
813 756 1008 804 παῒδαεε
1065 754 1344 815 Homerus,

274 831 476 894 Πρίαμοε
492 829 716 895 Πριάμοιό
728 849 784 879 τε
796 832 982 880 nawen
1002 836 1055 879 et
1065 828 1310 879 Horatius
1322 845 1335 879 t

280 910 296 935 ‘
324 907 518 957 Dicam
556 915 611 958 et
647 907 889 971 Alciden,
927 920 1212 972 puerosque
1247 907 1342 956 Le·

279 984 399 1037 dae.'
438 985 594 1034 Idem.

345 1062 525 1111 Cautio
544 1062 639 1125 est]
672 1062 925 1113 cautione
959 1076 1089 1126 opus
1110 1068 1211 1124 est,
1243 1062 1343 1112 boe

279 1144 378 1201 est,
409 1139 703 1189 cavendum
725 1147 824 1188 est.
857 1139 1005 1189 Ideni.

246 1250 251 1256 .
342 1213 558 1263 Puerum
584 1220 745 1263 autent
773 1230 832 1264 ne
863 1214 1083 1264 resciscat
1102 1214 1222 1263 mihi
1242 1229 1340 1265 esse

277 1291 335 1339 ab
359 1289 443 1339 illa
466 1283 627 1339 cantio
662 1291 762 1352 est]
795 1291 922 1340 Mihi
962 1292 1125 1355 magis
1166 1293 1342 1355 placet

275 1382 337 1416 ex
357 1366 462 1429 ina,
496 1367 635 1431 quod
663 1368 718 1416 in
741 1369 912 1417 multis
934 1368 1100 1427 libris,
1122 1382 1342 1431 praeser-

275 1444 367 1493 tim
390 1444 792 1509 antiquioribus,
814 1446 1014 1507 legitur.
1050 1446 1282 1496 Fac'rnus.

344 1519 522 1569 Cautio
541 1520 638 1587 est]
673 1521 805 1570 Cato
842 1537 971 1586 opus
1009 1530 1124 1574 est:
1160 1538 1340 1574 caven·

278 1596 397 1646 dum
422 1604 528 1647 est.
564 1599 849 1648 Farnabius.

292 1712 297 1717 .
334 1679 400 1724 27
441 1677 573 1725 Nam
592 1677 831 1739 pollicitus
849 1676 977 1739 sunu]
1012 1677 1270 1726 Promissio
1287 1682 1342 1726 et

271 1753 559 1821 pollicitatio
593 1753 809 1804 eandem
847 1754 946 1802 vim
981 1754 1211 1804 habent:
1247 1753 1340 1804 sed

270 1830 559 1892 pollicitatio
581 1830 792 1894 majoris
824 1831 1220 1881 asseverationis
1240 1839 1340 1881 est.

278 1905 520 1955 Donatus.

338 1982 705 2047 Str-scepturum]
739 1983 867 2034 Act.
901 1998 941 2035 1.
979 2000 1051 2035 sc.
1081 1989 1127 2033 8.
1167 2000 1340 2050 supra.

274 2059 343 2108 Et
369 2059 612 2109 Eunuch.
648 2068 751 2109 act.
776 2074 856 2108 ιν.
879 2075 952 2111 sc.
976 2065 1025 2110 6.
1059 2062 1340 2111 Farnobias.

341 2136 492 2185 Hanc
519 2134 699 2200 fidem]
751 2136 897 2185 Ordo
940 2144 1052 2185 est:
1107 2145 1163 2185 ut
1206 2138 1337 2188 banc

274 2210 431 2261 fidem
458 2211 559 2260 sibi
582 2211 776 2274 darem,
814 2226 893 2261 me
916 2212 1229 2277 obsecravit,
1249 2214 1340 2279 qui

275 2303 328 2339 se
351 2289 516 2339 sciret
539 2303 643 2337 nou
667 2288 1013 2338 deserturum.
1048 2290 1285 2341 Donatus.

338 2368 407 2416 29
441 2364 727 2428 Cur-abitur]
763 2366 880 2415 Non
902 2367 1086 2428 carabo,
1121 2368 1212 2418 sed
1248 2369 1340 2418 im-

276 2441 641 2506 personaliter,
677 2456 794 2494 cum
831 2441 1171 2495 difficultate:
1201 2445 1340 2512 quod

277 2519 421 2584 quasi
447 2519 668 2571 arduum
692 2527 849 2579 esset,
878 2529 931 2572 et
963 2537 1141 2587 grave,
1169 2531 1343 2574 osten·

279 2595 374 2648 dit.
413 2597 569 2649 Idem.

340 2677 537 2726 semu
560 2691 638 2727 ιν.
703 2678 930 2729 Senariis
952 2679 1195 2731 Iambicis
1222 2696 1342 2731 con-

279 2758 413 2802 stat:
453 2768 529 2801 vs.
549 2758 601 2804 4.
632 2755 761 2805 Mss,
781 2769 1011 2807 meorum
1037 2772 1164 2806 unus
1185 2757 1345 2809 habet

277 2830 545 2896 rai-ionem.-
570 2837 627 2880 ut
650 2838 709 2881 et
726 2831 1212 2896 Argentoratensis3
1248 2834 1342 2883 sed
1363 2843 1377 2856 ·

278 2906 511 2960 secunda
528 2919 707 2969 manu3
744 2916 864 2958 ante
882 2908 1018 2958 enim
1042 2908 1156 2972 fuit,
1175 2910 1344 2959 oratio·

278 2997 416 3032 nem.-
452 2998 529 3033 vs.
552 2989 601 3034 5.
628 2999 836 3034 omnes:
871 3001 962 3049 qna
982 2986 1093 3050 diff.
1116 2993 1179 3037 tc.

341 3060 481 3112 Quae
507 3060 574 3109 ad
596 3058 788 3110 fabulae
807 3063 1058 3113 rationem
1083 3064 1165 3113 hic
1185 3065 1344 3129 perti-

277 3143 427 3197 nent,
468 3135 524 3184 in
557 3135 925 3188 dissertatione
958 3137 1173 3190 Andriae
1212 3153 1344 3204 prae·

277 3213 433 3261 missa
459 3212 742 3275 tetigimus.
778 3213 1036 3265 Boeclcrns.
1160 3263 1167 3268 ,

338 3287 549 3351 Reviso]
585 3288 711 3338 Haec
728 3304 862 3340 scena
882 3291 1054 3339 nodum
1079 3290 1237 3352 injicit
1253 3298 1345 3341 'er-

277 3365 401 3414 roris
434 3365 642 3428 fabule,
701 3369 750 3414 et
801 3367 1059 3429 periculum
1101 3368 1344 3418 comicum.

280 3440 422 3492 Facie
468 3440 618 3491 etiarn
663 3444 988 3493 executionem
1029 3444 1345 3493 consiliorum.

278 3517 537 3569 Donatus.
1347 3569 1359 3591 ζ

342 3598 370 3643 l
409 3593 590 3644 Reviso
611 3595 727 3659 quid
744 3601 1007 3659 agant,aut
1025 3596 1138 3661 quid
1159 3600 1349 3660 capient

276 3671 491 3734 consilii]
515 3672 648 3728 Quid
667 3678 839 3736 agant,
859 3673 1067 3723 auribus
1085 3689 1215 3738 opus
1239 3682 1345 3724 est:

276 3748 389 3813 πρὸς
408 3747 469 3797 τὸ
490 3749 605 3812 quid
630 3754 820 3813 captent
840 3749 1048 3810 consilii,
1070 3750 1352 3814 prudentia

278 3832 334 3874 et
370 3826 700 3889 sagacitate:
736 3831 793 3875 et
834 3826 972 3890 quod
1007 3840 1165 3890 supra
1200 3825 1352 3889 dixit,

277 3915 378 3951 non
390 3901 789 3965 poenituitidem
804 3903 1090 3967 repetere,‘
1100 3901 1351 3951 observes

276 3976 465 4040 filium,
509 3977 635 4041 quid
673 3983 811 4041 agat,
840 3977 963 4043 quid
997 3977 1197 4026 consilii
1232 3991 1352 4025 cum

276 4054 366 4104 illo
381 4052 607 4118 captet.’
630 4054 784 4106 Quod
800 4054 933 4103 enim
949 4054 1233 4119 prudenter
1248 4053 1355 4104 dic·

281 4134 388 4188 tum
409 4128 595 4191 fuerit,
606 4144 709 4179 non
731 4130 878 4193 piget
895 4137 1152 4195 repetere.
1189 4129 1352 4181 Actio

278 4212 459 4260 tamen
482 4220 551 4255 ex
574 4206 654 4254 his
678 4206 840 4256 tribus
865 4206 1121 4269 consistit,
1154 4205 1352 4271 cogita·

280 4283 447 4348 tione,
480 4283 727 4347 dicenda,
760 4283 1012 4347 gerendo.
1047 4284 1197 4333 Idm.

332 4358 556 4422 Reviso]
587 4358 772 4412 Redeo
791 4365 851 4409 ut
869 4358 1094 4410 videam.
1127 4361 1277 4411 Idem.

2301 362 2471 429 1091

1488 520 1622 577 Quid
1647 522 1838 586 ἀέναα]
1902 523 2044 575 Quid
2103 522 2475 592 respondeant,

1419 598 1542 665 quid
1563 599 1756 650 dicant.
1788 599 1937 653 Idem.

1436 684 1441 689 ·
1485 675 1617 731 Quia
1636 681 1805 738 agant,
1825 682 1909 726 ant
1928 677 2041 740 quid
2060 681 2249 742 captent
2270 679 2479 743 consilii]

1416 751 1619 801 Retulit
1653 752 1718 800 ad
1752 752 1806 801 id
1838 753 1977 818 quod
2005 768 2163 816 supra
2194 762 2298 805 act.
2323 769 2363 806 ι.
2398 771 2473 806 sc.

1417 831 1464 878 1.
1488 828 1687 878 dictum
1712 836 1823 878 est:
1860 831 1875 858 ‘
1897 829 2140 879 observes
2153 829 2332 895 filium,
2348 831 2474 896 quid

1415 910 1558 968 agat,
1592 905 1716 971 quid
1748 921 1865 956 curu
1900 907 1991 956 illo
2026 906 2229 957 consilii
2261 914 2479 972 captet.’

1412 982 1670 1033 Boeclerus.

1434 1108 1437 1113 ,
1477 1064 1509 1109 2
1545 1059 1646 1109 Hic
1667 1074 1790 1109 nnnc
1811 1075 1902 1109 non
1923 1060 2137 1125 dubitat]
2173 1061 2294 1113 Non
2318 1062 2473 1123 dixit,

1414 1152 1595 1200 senex,
1615 1145 1703 1187 aut
1727 1143 1906 1202 pater:
1942 1137 2034 1186 sed
2057 1138 2178 1201 Hic,
2202 1153 2318 1189 cnm
2339 1139 2477 1203 odio,

1413 1216 1652 1280 quoniam
1676 1214 1847 1263 animo
1868 1212 2088 1264 adverso
2110 1215 2353 1281 loquitur.
2373 1217 2476 1266 Do-

1412 1300 1571 1341 natus.

1480 1373 1510 1418 3
1553 1368 1695 1418 Venit
1724 1366 1979 1417 meditatus
2010 1368 2248 1433 alicunde]
2280 1370 2475 1419 Terror

1416 1445 1734 1510 objurgaturi
1781 1446 1963 1507 patris,
2018 1445 2244 1495 hortatio
2283 1453 2365 1496 est
2410 1449 2477 1497 ad

1417 1520 1822 1586 promittendum
1847 1521 2142 1587 Pamphilo,
2175 1522 2312 1587 quod
2325 1523 2481 1588 jube·

1418 1607 1522 1649 tur.
1559 1600 1709 1649 Idem.

1486 1676 1566 1724 Ex
1585 1677 1682 1724 solo
1705 1673 1824 1737 loco]
1859 1674 1986 1731 Solo.
2011 1673 2237 1739 deserto,
2255 1674 2346 1725 ubi
2373 1690 2476 1726 me·

1415 1751 1571 1801 ditari
1597 1750 1800 1801 facilius
1822 1752 2008 1815 possit.
2043 1752 2194 1804 Idem.

1487 1829 1630 1879 Venit
1651 1831 1903 1880 meditatas
1925 1831 2141 1881 alicunde
2158 1845 2221 1880 ex
2240 1832 2337 1880 solo
2357 1829 2478 1893 loco]

1415 1906 1495 1954 Ex
1541 1906 1834 1956 Menandro
1890 1908 2202 1957 sententiam
2247 1908 2481 1971 explicat

1414 1983 1680 2041 Donatum
1718 1982 1956 2046 εὑρετικὴν
1975 1981 2093 2032 εἶναί
2113 1990 2230 2046 φασι
2250 1983 2342 2042 τὴν
2373 1983 2481 2046 ἐρη-

1411 2058 1524 2119 μίαν
1543 2059 1588 2108 οἱ
1607 2059 1693 2109 τὰς
1713 2057 1851 2123 ὂφρῦς
1873 2060 2096 2123 αἴροντες·
2133 2061 2169 2111 ἰ.
2184 2075 2232 2110 e.
2259 2060 2481 2123 philoso-

1414 2137 1519 2200 phi.
1553 2137 1811 2188 Boeclerus.

1478 2213 1745 2262 BIeditaius
1765 2214 1993 2276 alicunde,
2006 2213 2114 2277 ξω]
2144 2211 2477 2275 mancunium.

1413 2289 1665 2353 Εὑρετικὴν
1706 2287 1820 2340 εἶναί
1856 2299 1974 2353 φασι
2009 2290 2101 2349 τὴν
2133 2290 2339 2354 ἐρημίαν.
2410 2290 2478 2339 In

1413 2382 1623 2417 secessu
1646 2373 1702 2417 et
1723 2368 1930 2418 silentio
1953 2367 2240 2417 consilium.
2266 2366 2480 2419 Farnab.

1478 2449 1509 2495 4
1538 2445 1838 2510 Orationem]
1867 2445 2145 2496 Orationem
2167 2444 2319 2507 dixit,
2342 2444 2483 2511 quod

1417 2523 1561 2588 quasi
1598 2521 1664 2572 ad
1703 2523 1913 2588 plenum
1947 2522 2172 2587 cogitari
2207 2523 2481 2587 potuisset,

1418 2598 1615 2663 quippe
1640 2599 1918 2647 meditatus
1941 2611 2008 2646 ex
2042 2598 2150 2646 solo
2171 2597 2302 2647 loco.
2367 2597 2483 2646 Me·

1417 2674 1635 2737 nander,
1655 2674 1892 2738 εὑρετικὴν
1908 2671 2023 2722 εἶναί
2043 2685 2162 2737 φασι
2182 2673 2272 2733 τὴν
2287 2671 2480 2737 ἐρημίαν

1416 2751 1462 2799 οἱ
1472 2750 1561 2801 τὰς
1581 2749 1723 2814 ὀφρῦς
1744 2752 1964 2816 αἴροντες.
2002 2751 2244 2801 Donatus.

1482 2833 1511 2877 5
1546 2827 1790 2893 Differat]
1824 2828 2118 2891 Disturbet,
2151 2836 2205 2877 et
2238 2827 2288 2876 in
2312 2825 2483 2876 diver-

1420 2919 1533 2953 sum
1577 2904 1729 2954 ferat.
1831 2906 1978 2974 Virg.
2052 2905 2067 2932 ‘
2099 2903 2277 2969 Atque
2338 2903 2484 2952 arida

1420 2981 1596 3033 differt
1617 2983 1814 3033 Nubila
1831 2982 1865 3033 ι’
1887 2985 1984 3033 hoc
2005 2989 2116 3033 est:
2143 2983 2196 3032 in
2221 2982 2481 3031 diversum

1418 3059 1579 3122 rapit,
1598 3058 1839 3122 dissipat.
1879 3060 1947 3108 Et
1973 3059 2023 3107 in
2043 3057 2319 3122 Adelphis,
2347 3058 2362 3086 ⁴
2382 3059 2485 3107 Mi-

1419 3148 1588 3183 seram
1609 3135 1724 3183 me!
1758 3131 1969 3183 differor
1998 3133 2299 3183 doloribus.'
2335 3135 2395 3182 Id
2422 3150 2485 3183 m.

1489 3213 1600 3267 Qua
1636 3211 1832 3276 differat
1867 3211 1939 3273 te]
1973 3209 2114 3260 Libri
2153 3210 2382 3259 Basilica
2422 3226 2482 3260 us

1422 3294 1476 3336 et
1521 3288 1866 3348 Decurtatus,
1913 3285 1995 3350 qni
2035 3284 2263 3350 differat:
2311 3291 2367 3334 et
2409 3286 2487 3335 ita

1421 3365 1581 3414 etiam
1642 3364 1692 3412 in
1753 3362 2057 3413 Victoriana
2117 3371 2174 3413 et
2223 3360 2485 3412 Vaticano

1420 3440 1772 3491 emendatum.
1807 3440 2037 3490 Fa'e'rnus.
2246 3457 2268 3478 -’

1490 3519 1598 3574 Qua
1633 3516 1834 3581 differat
1866 3516 1938 3581 te]
1971 3519 2091 3569 Qua
2128 3516 2347 3567 consilia
2383 3515 2486 3566 dis·

1424 3593 1603 3645 turbet
1627 3600 1735 3653 tua,
1757 3601 1915 3659 teque
1940 3594 1993 3643 in
2017 3594 2275 3659 diversum
2298 3594 2486 3660 rapiat.

1424 3670 1650 3737 Adelph.
1669 3672 1684 3698 ‘
1703 3669 1914 3720 differor
1930 3669 2195 3721 doloribus
2210 3669 2243 3720 τ’
2270 3675 2372 3721 act.
2395 3684 2492 3721 ιιι.

1427 3765 1502 3800 se.
1525 3754 1575 3800 4.
1612 3749 1900 3799 Far-nubitis.
2223 3799 2249 3807 ,,

1487 3828 1633 3890 Apud
1674 3830 1722 3875 te
1757 3831 1814 3875 nt
1848 3824 1968 3887 sies]
2008 3825 2148 3887 Non,
2184 3839 2252 3875 ne
2280 3819 2488 3886 timeat,

1427 3907 1582 3952 cavet
1599 3901 1802 3963 Davus,
1818 3899 1909 3949 sed
1932 3915 1997 3949 ne
2021 3915 2195 3950 amore
2218 3916 2251 3950 a
2272 3901 2492 3950 consilio

1426 3993 1521 4028 suo
1546 3978 1800 4028 alienetur
1822 3976 2142 4040 Pamphilus.
2176 3976 2415 4026 Donatus.

1491 4055 1638 4118 Apud
1669 4060 1717 4104 te
1752 4052 1870 4117 sies]
1906 4053 2240 4116 Praeparatus
2274 4051 2368 4099 sis:
2404 4049 2491 4098 cui

1428 4132 1748 4194 contrarium
1791 4137 1891 4188 est,
1933 4130 2046 4178 Non
2080 4142 2186 4177 sum
2227 4128 2353 4190 apud
2393 4140 2485 4175 nie.

1426 4206 1595 4257 Idem.

1492 4287 1526 4332 6
1558 4282 1707 4331 Modo
1726 4286 1780 4331 nt
1803 4278 2000 4345 possim]
2039 4279 2125 4341 Ut,
2156 4291 2254 4341 pro
2275 4290 2341 4328 ne
2363 4291 2487 4329 non.

1431 4359 1584 4409 Idem.
1863 4367 1866 4368 ’
