3035 4941
457 389 633 457 1266

460 549 635 615 dixit,’
673 554 775 600 ὅτε.
818 560 920 596 nou
957 542 1139 595 habuit
1175 540 1338 604 aliud,
1379 537 1516 604 quod

463 632 689 682 diceret.
722 626 982 675 Boecierus.

528 704 826 765 Diminuam,
864 699 970 763 spa]
1007 693 1207 762 Capitis
1246 691 1521 742 diminutio

466 794 583 836 erat
606 780 792 847 prioris
815 785 983 827 status
1019 771 1275 823 mutatio:
1312 775 1357 818 1.
1391 770 1522 818 Cum

467 860 650 928 aliquis
685 856 835 909 simul
865 861 920 904 et
944 852 1207 902 civitatem
1233 855 1287 897 et
1313 846 1525 895 liberta·

465 948 573 990 tem
597 933 887 986 amittebat.
920 933 971 979 2.
1007 928 1136 977 Cum
1159 924 1344 975 civitas
1378 922 1527 972 amit·

467 1015 698 1074 tehatur‚
711 1011 930 1060 libertas
951 1002 1292 1054 retinebatur.
1329 1002 1380 1047 3.
1396 998 1526 1047 Cum

467 1092 654 1145 civitas
696 1085 1025 1139 retinebatur
1066 1087 1121 1130 et
1159 1079 1393 1139 libertas,
1435 1074 1529 1124 sed

468 1175 638 1220 status
676 1162 899 1214 hominis
932 1155 1368 1209 commutabatur.
1433 1153 1531 1201 Ca·

468 1254 569 1312 put
617 1244 902 1295 diminuere
958 1238 1033 1287 ait
1091 1232 1324 1285 Nunnius
1378 1231 1417 1282 1.
1447 1242 1530 1281 lx.

458 1325 628 1376 Misc.
651 1337 699 1373 c.
723 1325 805 1378 1⁰.
827 1325 908 1368 est
925 1321 1086 1378 caput
1108 1310 1343 1377 perdere.
1390 1308 1532 1357 Hinc

469 1402 580 1463 illa,
620 1397 914 1449 truculenta
945 1388 1235 1442 Chremetis
1273 1385 1410 1452 apud
1434 1386 1533 1434 Te·

472 1483 699 1529 rentium
754 1474 811 1522 in
875 1468 1125 1520 Eunucho
1184 1462 1535 1525 comminatio,

474 1569 629 1619 quum
654 1557 873 1601 mortem
897 1542 1240 1595 denunciaret
1257 1557 1275 1590 ι
1329 1540 1345 1568 ‘
1369 1537 1534 1588 Dimi-

471 1645 626 1681 nuam
651 1642 747 1691 ego
770 1624 865 1675 tibi
886 1621 1083 1685 caput.’
1118 1616 1404 1669 Farnobius.

538 1705 656 1756 Ain’
677 1719 806 1764 cero,
827 1699 985 1763 canis]
1018 1698 1137 1747 Hoc
1174 1695 1329 1745 verbo
1372 1695 1536 1757 impu-

475 1781 721 1833 dentibus
753 1775 973 1827 inimicis
1009 1772 1291 1823 convitium
1322 1769 1431 1819 fieri
1456 1783 1536 1818 so-

475 1861 573 1911 let.
640 1858 775 1908 Nam
824 1852 1047 1903 militare
1100 1850 1294 1900 dictum
1347 1854 1430 1897 est
1482 1846 1536 1895 in

475 1938 700 1996 hostem,
751 1930 917 1981 cauis.-
966 1936 1024 1979 et
1074 1928 1211 1991 apud
1252 1926 1535 1975 Homerum

479 2028 578 2077 pro
603 2009 745 2075 gravi
768 2006 1081 2057 contumelia
1116 2006 1167 2054 in
1188 2003 1537 2054 adversarium

478 2090 694 2148 dicitur,
722 2087 868 2135 velut
892 2086 940 2133 in
962 2084 1050 2132 illo
1072 2083 1207 2144 loco,
1224 2079 1275 2130 τί
1293 2080 1388 2143 μὴν
1406 2078 1539 2143 &pvb-

482 2184 611 2228 μενοι
629 2160 853 2223 Μενελάῳ
873 2158 953 2209 σοί
969 2178 1045 2221 τε,
1067 2158 1281 2218 κυνῶπας
1301 2158 1538 2207 Donatus.

553 2240 726 2303 Canis]
767 2241 985 2300 Κυνῶπα,
1017 2234 1165 2285 Κυνὸς
1197 2234 1364 2296 ὄμματ’
1396 2231 1539 2295 ἔχων.

481 2315 636 2369 llia'd.
661 2335 709 2365 α.
734 2315 889 2365 Hom.
915 2313 951 2363 i.
971 2326 1018 2362 e.
1041 2311 1332 2375 impudens.
1356 2309 1540 2359 Furna-

548 2475 612 2519 34
648 2468 770 2526 Quis
807 2472 861 2515 tu
898 2466 1031 2515 homo
1061 2462 1143 2515 es?
1172 2463 1288 2528 quid
1326 2462 1416 2513 tibi
1448 2461 1545 2526 vis]

482 2541 860 2608 Ἕπιτροχασμὸς
895 2542 1061 2606 figura
1099 2548 1200 2604 est,
1248 2540 1336 2591 ubi
1381 2541 1546 2589 multa

487 2623 796 2674 terribiliter
817 2622 1226 2682 interrogantur,
1247 2624 1323 2681 ut,
1363 2619 1379 2646 ‘
1395 2619 1544 2667 State

484 2699 620 2750 viri:
659 2712 773 2761 quae
794 2710 949 2745 causa
984 2695 1099 2750 viae‚
1135 2693 1290 2757 quive
1329 2694 1459 2744 estis
1492 2694 1546 2743 in

487 2776 680 2827 armis?
714 2775 897 2826 Quove
922 2772 1112 2821 tenetis
1135 2771 1232 2820 iter
1250 2770 1285 2819 ?'
1322 2772 1506 2821 Donat.

552 2856 615 2905 85
657 2850 840 2913 Scibis]
893 2849 1010 2898 Non
1047 2848 1418 2911 obsequenter,
1452 2844 1544 2897 sed

486 2928 705 2993 figurate
723 2927 916 2975 dicitur
939 2924 1004 2974 ab
1022 2925 1174 2975 irato.
1208 2924 1360 2973 Idem.

553 3004 735 3067 Scibis]
783 3005 853 3053 Et
893 3002 1031 3060 scies,
1069 3007 1126 3051 et
1168 2999 1313 3050 scibis
1355 2999 1548 3049 dicitur

488 3089 611 3146 post
646 3078 1037 3144 productionem
1078 3076 1249 3127 tertiae
1302 3076 1547 3140 conjuga-

490 3160 667 3210 tionis.
701 3157 854 3208 Idem.
1501 3146 1504 3147 ’

555 3232 804 3296 Principio
818 3246 921 3282 eam
938 3245 1038 3280 esse
1055 3229 1159 3279 dico
1178 3228 1400 3293 liberam]
1431 3227 1549 3280 Quo

492 3311 709 3366 tollitur,
733 3311 882 3359 Tuom
900 3307 1073 3358 videri.
1103 3306 1270 3356 Idem.

557 3385 830 3449 Principio]
862 3385 927 3434 In
967 3384 1067 3433 tria
1105 3382 1284 3431 divisit
1324 3378 1550 3430 officium

494 3461 812 3512 defensionis
837 3477 961 3510 snae.
1008 3460 1071 3509 In
1096 3458 1386 3520 assertoris,
1402 3458 1553 3506 Prin·

491 3537 615 3600 cipio
651 3552 755 3587 enm
785 3551 885 3585 esse
907 3537 1013 3585 dico
1034 3536 1248 3584 liberam.
1286 3533 1351 3582 In
1374 3532 1552 3597 cogni-

494 3608 643 3674 toris,
705 3612 870 3661 Civem
922 3611 1156 3660 Atticum.
1237 3609 1303 3658 Iu
1355 3607 1555 3672 fratris,

413 3686 424 3695 '
495 3689 659 3738 Meum
680 3703 906 3738 sororem.
972 3689 1045 3736 Et
1084 3687 1247 3737 bonus
1289 3692 1371 3735 est
1407 3686 1556 3750 ordo,

495 3768 693 3830 Libera,
709 3767 849 3826 civia,
869 3766 1055 3817 nobilis.
1092 3766 1258 3815 Idem.

564 3845 730 3895 Civem
767 3844 1005 3908 Atticam]
1046 3845 1163 3895 Quo
1198 3844 1356 3893 etiam
1395 3856 1556 3906 nego·

475 3923 627 3973 stium
653 3930 832 3986 potest
854 3923 904 3971 ei
925 3921 1063 3985 fieri,
1087 3920 1173 3985 qui
1198 3935 1254 3970 se
1272 3935 1369 3983 pro
1392 3919 1557 3970 domi·

494 4014 564 4050 no
587 4000 747 4062 gessit
770 4000 819 4047 iu
842 3998 1027 4048 civem.
1064 3998 1215 4047 Idem.

563 4076 695 4138 Hui]
738 4075 865 4137 Hui,
895 4076 1020 4138 hem,
1056 4082 1113 4125 et
1156 4064 1338 4123 cetera
1377 4072 1557 4135 hujus·

495 4152 637 4202 modi
676 4153 902 4215 generis,
940 4166 1114 4201 sannae
1152 4157 1273 4199 sunt
1312 4149 1558 4199 adversus

499 4242 608 4284 eos,
633 4227 818 4293 quibus
842 4227 1125 4278 irascimur.
1160 4226 1308 4277 Idem.

566 4303 815 4367 Principio
845 4298 949 4354 eam
975 4317 1079 4353 esse
1118 4302 1224 4353 dico
1253 4300 1469 4361 liberum,
1489 4300 1560 4349 oi-

1158 396 1377 446 No'rAE
1431 392 1831 444 vammum
1884 351 2005 440 ΙΝι

1594 552 1698 587 vem
1717 538 1951 594 Atticam,
1971 550 2123 586 meum
2145 533 2377 597 sororem]
2408 533 2533 583 Tria
2555 532 2663 584 ofli-

1596 615 1680 665 cia
1703 614 1933 679 agnoscit
1965 613 2049 662 hic
2086 613 2357 661 Donatus:
2393 601 2671 673 assertoris,

1597 690 1877 754 cognitoris,
1899 689 2100 751 fratris.
2169 688 2316 737 Beue
2350 697 2405 736 et
2428 687 2668 736 illud-no-

1601 768 1761 817 tavit:
1797 769 1812 795 ‘
1844 769 2025 817 Civem
2044 763 2313 824 Atticam,’
2336 767 2440 812 ὅτε.
2514 764 2679 813 Ordi—

1601 861 1720 896 nem
1743 846 1902 896 etiam
1940 843 2125 893 merito
2147 842 2487 893 commendat
2506 856 2522 888 t
2558 831 2674 891 libe-

1601 938 1724 986 rum,
1747 922 1915 979 civem,
1937 934 2158 971 sororem.
2221 918 2347 967 Tria
2370 919 2514 967 enim
2556 927 2677 967 sunt

1604 1013 1722 1061 quae
1746 998 2010 1058 habemus,
2031 995 2351 1057 libertatem,
2374 993 2679 1052 civitatem,

1586 1074 1868 1139 familiam,
1892 1073 2025 1123 sicut
2047 1072 2267 1122 Romani
2286 1084 2495 1135 quoque
2520 1069 2556 1122 J
2563 1083 2679 1118 ure-

1607 1151 1838 1201 consulti
1882 1157 2076 1199 statum
2121 1146 2341 1196 bominis
2380 1144 2681 1208 explicant.

1608 1226 1727 1275 vide
1749 1227 1782 1276 1.
1802 1240 1863 1277 rr.
1887 1224 1953 1274 de
1977 1238 2096 1287 cap.
2114 1222 2238 1271 min.
2275 1221 2546 1270 Boeelerus.

1673 1306 1739 1351 36
1788 1302 1953 1351 Meum
1999 1297 2230 1360 sororem]
2282 1298 2401 1349 Quo
2444 1302 2688 1359 constat,

1609 1385 1805 1443 praesto
1819 1391 1935 1428 esse
1958 1374 2311 1425 defensionem
2333 1373 2546 1439 puellae.
2571 1372 2705 1422 Dee*

1609 1464 1766 1510 nutus.

1684 1539 1755 1587 Os
1790 1537 1984 1601 durum]
2022 1532 2187 1586 Quasi
2217 1547 2283 1582 ex
2306 1530 2544 1581 omnibus
2579 1529 2692 1579 hoc

1613 1613 1679 1662 sit
1728 1611 2102 1676 impudentius,
2151 1608 2288 1674 quod
2341 1613 2400 1656 et
2445 1619 2697 1655 sororem

1612 1704 1758 1740 suam
1781 1690 1939 1740 dicat.
1974 1689 2124 1738 Ideni.

1682 1768 1753 1817 Os
1773 1766 1967 1829 durum]
2003 1765 2081 1815 Os
2111 1761 2420 1828 impudens:
2457 1767 2517 1811 ut
2552 1775 2701 1811 con-

1613 1850 1711 1907 tra,
1732 1844 1889 1894 mollis
1908 1843 2097 1904 frontis
2133 1841 2398 1903 dicuntur,
2433 1838 2522 1905 qui
2558 1849 2705 1891 suut

1612 1927 1935 1971 reverentes.
1970 1920 2124 1969 Idem.
2469 1937 2474 1946 ·

1681 1998 1752 2044 Os
1768 1994 1969 2057 durum]
1991 1991 2274 2044 Perfrictae
2296 1988 2483 2041 frontis
2503 1989 2710 2057 homo,

1614 2074 1699 2123 vel
1718 2072 1952 2121 durioris.
1997 2068 2282 2120 mebius.
2568 2093 2569 2096 ¹

1682 2150 1826 2198 Nunc
1865 2149 1980 2197 odeo
2016 2145 2144 2196 edico
2184 2143 2299 2207 tibi]
2336 2143 2410 2192 Ut
2440 2140 2710 2205 superbe,

1616 2225 1759 2290 quasi
1793 2224 1988 2274 Militi:
2025 2237 2144 2270 nam
2169 2223 2395 2282 edictum,
2424 2220 2712 2270 Praetoris

1617 2303 1813 2353 dicitnr
1834 2309 1890 2352 et
1911 2300 2269 2365 Imperatoris.
2301 2299 2543 2348 Donatus.

1682 2379 1850 2442 Miles,
1869 2393 1992 2427 nuuc
2013 2379 2129 2426 adeo
2152 2375 2265 2438 tibi]
2313 2375 2461 2423 Miles
2492 2382 2710 2424 contu-

1619 2455 1832 2506 meliose
1866 2454 2022 2504 dixit.
2088 2453 2170 2502 De
2196 2452 2259 2502 iis
2293 2451 2430 2501 enim
2455 2457 2537 2501 est
2572 2450 2716 2503 offi-

1616 2535 1735 2597 ciis,
1771 2549 1885 2599 qnae
1927 2549 2018 2583 sno
2056 2534 2262 2582 nomine
2307 2531 2715 2582 contumeliosa

1619 2619 1913 2661 censentur.
1933 2611 2065 2659 sicut
2096 2611 2152 2658 in
2188 2608 2461 2672 Adelphis,
2497 2608 2514 2636 ‘
2538 2608 2716 2659 Deli-e

1622 2686 1743 2736 bera
1766 2687 1882 2747 hoc,
1903 2686 2022 2734 dum
2043 2701 2139 2749 ego
2164 2686 2342 2746 redeo,
2364 2681 2518 2734 leno!
2557 2685 2644 2734 Id.

1685 2767 1749 2818 37
1809 2763 1889 2812 Ne
1922 2763 2020 2813 nim
2052 2762 2217 2824 facias
2249 2763 2394 2811 ullam
2434 2761 2486 2811 iu
2527 2760 2718 2826 illam]

1617 2843 1860 2893 Servavit
1883 2849 2160 2908 praecepta
2193 2838 2516 2890 meretricist
2555 2837 2717 2890 adeo

1623 2925 1683 2968 ut
1705 2918 2017 2983 meminerit,
2064 2925 2078 2947 ⁸
2100 2917 2157 2966 Si
2181 2917 2280 2966 vim
2305 2913 2486 2978 faciat,
2517 2912 2573 2962 iu
2604 2913 2717 2977 jus

1621 2995 1801 3046 ducito
1826 2993 2121 3044 hominem!
2156 2994 2310 3043 Idem.

1694 3073 1800 3136 Ego
1824 3087 1876 3122 eo
1898 3075 1962 3122 ad
1996 3069 2314 3135 Sophronam]
2350 3068 2468 3119 Hoc
2497 3066 2719 3120 lentius

1625 3164 1655 3199 a
1677 3148 1873 3198 Thaide
1895 3147 2178 3199 Chremeti.
2213 3148 2365 3195 Idem.

1689 3229 1754 3274 39
1790 3225 2026 3274 Prohibeo
2061 3224 2277 3288 iaqumu]
2312 3222 2433 3271 Nou
2457 3220 2586 3271 satis
2603 3235 2719 3271 ex-

1626 3303 1852 3353 ercitate
1898 3302 2200 3352 adolescens
2243 3301 2464 3360 totidem
2516 3296 2721 3349 verbis

1627 3382 1829 3432 dictum
1854 3381 2051 3445 repetit
2072 3379 2279 3429 Militis.
2314 3379 2466 3427 Idem.

1692 3458 1949 3517 Prohibeo,
1983 3455 2198 3520 inquam]
2227 3453 2388 3518 Apud
2427 3454 2717 3504 Donatum

1627 3535 1772 3599 legas
1794 3549 1810 3584 ε
1846 3536 1863 3564 ‘
1888 3535 2010 3585 Non
2034 3530 2200 3593 satis‚’
2218 3536 2320 3581 ὅτε.
2353 3529 2474 3595 quid
2498 3529 2722 3592 potnia-

1631 3618 1712 3662 set
1753 3609 1984 3675 ineptius
2016 3616 2290 3670 annotare,
2327 3604 2559 3671 quisquis
2595 3611 2721 3667 est,

1628 3689 1720 3755 qui
1741 3689 1854 3739 haec
1874 3687 2077 3738 Donati
2103 3683 2474 3736 commentario
2495 3681 2674 3732 assuit
2697 3684 2725 3732 ἓ

1629 3766 1893 3816 Boeclerus.

1695 3843 1874 3894 Audin’
1896 3848 1988 3892 tu?
2017 3843 2097 3892 hic
2109 3839 2245 3902 surii
2263 3854 2317 3888 se
2339 3835 2534 3899 alligat]
2556 3834 2718 3884 Gna-

1632 3919 1722 3970 tho
1747 3921 2073 3970 occasionem
2122 3917 2334 3967 finiendi
2372 3914 2531 3977 litigii
2562 3913 2718 3976 jam-

1630 3993 1825 4043 dudum
1849 3994 2058 4059 quoerit,
2080 3993 2149 4042 ob
2173 3990 2487 4041 desiderium
2504 4000 2718 4037 mensae

1633 4079 1687 4122 et
1715 4072 1855 4122 cibi:
1889 4080 1942 4119 et
1983 4070 2102 4120 ideo
2140 4069 2287 4135 quasi
2311 4070 2379 4118 de
2393 4070 2513 4131 jure
2536 4067 2724 4117 consi-

1634 4148 1757 4197 lium
1777 4147 2029 4212 suggerit,
2049 4147 2187 4207 hunc
2210 4159 2355 4195 reum
2378 4141 2567 4192 Militis
2585 4155 2719 4193 esne

1634 4237 1808 4288 posse,
1846 4223 1933 4288 qui
1973 4228 2189 4287 paratus
2229 4226 2313 4270 est
2334 4219 2556 4269 alienam
2590 4230 2716 4269 rem

1636 4314 1780 4351 suam
1799 4300 1994 4363 dicere,
2037 4306 2097 4350 et
2132 4299 2186 4348 id
2220 4298 2274 4348 iu
2299 4293 2424 4361 jure
2450 4292 2724 4360 profiteri,
