3035 4941
767 387 1136 438 TBRBN'mt
1186 386 1425 437 ANDR.
1471 385 1644 436 ACT.
1679 386 1761 435 11.
1802 385 1915 434 SC.
1945 385 2055 435 111.

314 532 429 584 novi
475 526 733 585 rationem
765 532 966 584 consilii
998 532 1133 583 inire
1156 532 1265 582 sine
1291 546 1370 582 ar-

313 610 466 660 bitris
486 618 683 674 posset.
723 611 983 661 Boeclerus.

371 686 566 750 Arabis]
610 687 919 749 Magnarum
960 701 1130 736 rerum
1171 687 1371 737 deside·

313 762 441 812 rium
485 770 544 812 et
584 762 875 825 appetitus,
904 763 1099 812 ambitio
1141 763 1368 812 diciturt

310 837 638 889 Confirmata
675 852 732 887 re
761 853 793 887 a
821 836 976 889 factis
998 846 1054 888 et
1088 854 1119 887 a
1143 840 1373 901 personis

312 912 660 963 deliberativa
680 916 932 965 nascitur.
974 914 1211 965 Donatus.

368 992 561 1042 Sosus
600 1007 690 1042 111.
758 993 984 1043 Constat
1010 1008 1184 1056 scena,
1219 1007 1374 1059 quam

312 1069 471 1135 aliqui
496 1070 707 1120 codices
731 1084 846 1120 cum
872 1070 1138 1135 superiore
1159 1069 1374 1134 conjun-

310 1154 458 1209 gunt,
496 1147 797 1208 trochaicis,
832 1153 889 1195 ιιι
915 1154 1073 1208 ante3
1106 1154 1163 1196 et
1186 1147 1375 1196 deinde

311 1221 561 1272 Iambicis
586 1238 698 1272 sen.
717 1228 772 1273 et
793 1229 968 1275 octon.
1010 1224 1073 1273 In
1097 1239 1174 1273 vs.
1190 1230 1239 1274 5.
1264 1232 1373 1275 tres

311 1301 472 1357 nostri
499 1301 632 1350 Mes.
658 1307 778 1365 post
804 1302 820 1330 ⁸
845 1300 1157 1352 transferet'
1178 1311 1377 1367 ponunt

312 1391 526 1427 omnem:
579 1392 647 1426 ex
696 1379 881 1443 glossa,
917 1386 976 1430 ut
1016 1379 1256 1430 arbitror.
1299 1395 1375 1431 vs.

315 1458 390 1503 10.
427 1468 631 1517 omnes,
660 1468 822 1516 egone.
849 1471 920 1506 vs.
955 1460 1034 1506 11.
1053 1457 1249 1507 sundere
1282 1458 1380 1507 noli

312 1530 431 1580 hoc.-
471 1544 626 1594 uuus,
666 1532 785 1581 liaec.
831 1547 908 1582 vs.
954 1536 1036 1582 17.
1080 1546 1176 1596 pro
1219 1534 1373 1597 Ιιοεοε,

314 1621 516 1669 omues,
550 1608 651 1658 Ιιοε.
694 1622 767 1659 vs.
802 1612 883 1660 22.
926 1622 1120 1672 οιιιιιεε,
1171 1608 1377 1661 inveniet

308 1683 509 1747 inopem.
535 1699 612 1734 vs.
639 1688 720 1735 28.
745 1685 1073 1742 omnes,u1in.

312 1796 317 1801 -
372 1759 674 1811 Pennadet
692 1761 871 1811 Davus
888 1762 1181 1826 Pamphilo,
1204 1770 1266 1814 ut
1286 1777 1377 1826 pa·

314 1838 381 1887 tri
428 1837 594 1899 dicat,
628 1852 686 1887 se
721 1837 994 1888 ducturum
1052 1852 1167 1888 esse
1219 1839 1379 1889 Clu-e·

314 1914 467 1964 metis
506 1912 703 1962 filiam:
739 1913 816 1962 ita
858 1914 992 1963 enim
1027 1912 1161 1977 fore,
1194 1921 1255 1964 ut
1288 1913 1378 1964 ho·

310 1990 507 2041 nestati
553 1989 868 2041 satisfecisse
915 1990 1176 2055 videatur,
1223 1998 1283 2043 ut
1321 2005 1379 2041 se

310 2068 568 2131 periculo,
593 2066 780 2129 turbis,
815 2066 1206 2117 difficultatibus
1230 2068 1380 2118 simul

312 2152 365 2195 et
388 2146 553 2194 semel
578 2145 844 2208 explicet3
878 2153 935 2195 ut
975 2145 1139 2208 patris
1169 2145 1382 2196 consilia

310 2220 622 2282 confundat,
665 2221 864 2286 sibique
918 2221 1253 2273 securitatem
1294 2236 1381 2286 pa·

312 2304 433 2349 ret:
479 2297 625 2361 quod
668 2312 871 2360 magnae
926 2297 1090 2347 instar
1146 2297 1383 2348 utilitatis

311 2374 623 2425 habendum.
690 2373 820 2424 Arte
842 2382 1013 2424 autem
1043 2379 1257 2439 tractat,
1278 2371 1379 2423 dif-

313 2444 550 2500 ficultate
576 2455 632 2499 et
655 2449 820 2500 turbis
843 2449 1084 2512 ostensis,
1107 2455 1380 2516 antequam

316 2532 522 2589 promat
558 2527 859 2588 consilium;
893 2526 1070 2577 mixtis
1105 2528 1282 2591 etiam,
1322 2535 1382 2578 ut

311 2603 691 2667 penetrabilius
733 2611 995 2668 moveant,
1044 2606 1381 2669 argumentis.

316 2679 582 2732 Boederus.

379 2756 520 2813 Quid
551 2757 726 2820 igitur,
763 2758 871 2823 esa]
922 2757 985 2809 ln
1011 2759 1141 2808 Mss.
1175 2757 1383 2823 quibus·

240 2841 245 2850 ·
316 2831 431 2898 dam
454 2832 797 2883 continuatur
819 2835 929 2885 baec
941 2848 1096 2884 scena
1114 2848 1232 2885 cum
1249 2848 1384 2897 prae-

317 2908 565 2958 cedente.
603 2909 888 2961 Fui-aubin.

382 2986 520 3043 Quid
558 2986 713 3048 igitur
765 2988 858 3037 sibi
912 2988 1009 3038 volt
1043 2987 1210 3052 puter]
1262 2988 1385 3040 Hoee

314 3076 451 3113 sceau
485 3063 872 3114 deliberationem
913 3066 1120 3114 continet
1161 3064 1295 3114 Daoi
1336 3069 1385 3114 et

315 3140 583 3205 Pamphili.
624 3141 883 3193 Donatus.

380 3222 409 3267 l
446 3217 637 3281 Igitur]
674 3219 817 3267 Bene
839 3219 1026 3282 igitur.-
1059 3219 1102 3269 si
1125 3218 1264 3268 enim
1286 3216 1383 3267 fal·

318 3309 391 3346 ⁸ae
435 3302 562 3344 sunt
594 3295 810 3358 nuptiae,
841 3295 964 3360 quid
1007 3295 1239 3359 cogitat?
1282 3301 1385 3344 sto-

320 3371 565 3422 machose
611 3371 767 3420 etiam
813 3373 910 3422 boc
956 3372 1092 3422 dixit
1128 3372 1222 3421 sibi
1258 3372 1387 3423 uolt.-

317 3446 591 3512 Virgilius,
635 3448 650 3475 ‘
676 3448 969 3499 Quid-vult
1002 3441 1284 3499 concursus
1319 3447 1384 3498 ad

323 3536 528 3572 amnem
549 3521 598 3572 ?'
633 3523 783 3574 Idem.

322 3653 329 3660 .
377 3601 494 3662 Ego
549 3599 706 3648 dicam
745 3600 861 3665 tibi]
905 3602 1114 3651 Praeter
1156 3600 1390 3665 figuram,

319 3678 594 3728 consilium
616 3684 743 3728 nota
759 3679 810 3727 iu
833 3678 910 3729 his
931 3696 943 3727 z
968 3680 1091 3729 dnm
1110 3678 1387 3740 sollertiam

320 3761 569 3816 suamet
615 3755 871 3819 quandam
927 3756 1073 3820 quasi
1117 3755 1390 3805 εὐσυνεσίαν

319 3831 504 3882 Davns
550 3831 650 3881 hoc
703 3830 952 3895 loquendi
998 3845 1192 3895 genere
1252 3846 1391 3882 com·

318 3909 552 3959 mendat.
587 3908 789 3958 Boecler.
904 3917 907 3920 ’

380 3991 413 4037 2
448 3983 612 4048 Siid]
645 3984 726 4047 Id,
749 3984 815 4035 ob
835 3985 910 4050 id,
927 3991 1144 4050 propter
1166 3983 1236 4034 id.
1285 3983 1390 4034 Do·

320 4069 484 4115 ιιιιιιιε.

386 4141 520 4199 Quia
554 4157 649 4191 non
679 4142 759 4190 det
791 4137 882 4191 tibi
913 4156 1110 4191 uxorem
1145 4139 1394 4205 Chremes]

326 4218 633 4282 Complures
657 4217 794 4279 libri,
811 4221 914 4268 dat.
949 4217 1194 4268 Faernus.

387 4299 419 4345 8
455 4297 619 4360 Neque
655 4294 707 4346 id
731 4294 944 4360 injuria]
978 4294 1053 4356 ld,
1083 4301 1185 4359 est,
1227 4307 1390 4359 usque

2334 368 2508 436 108⁷

1446 531 1579 583 adeo
1623 531 1847 597 injustus
1901 531 2001 583 sibi
2053 529 2317 583 videbitur
2359 540 2420 581 ut
2450 545 2509 584 se

1447 608 1724 672 injustitiae
1751 610 1862 673 ipse
1895 609 2222 659 condemnet.
2267 609 2508 667 Donatus,

1511 689 1544 734 4
1580 685 1916 749 Per-spaera]
1984 685 2263 749 Per-spicere
2316 692 2398 736 est
2441 686 2508 736 ad

1447 760 1659 824 plenum
1684 768 1738 811 et
1764 761 2054 825 perfectum
2074 762 2268 811 videre.
2304 762 2455 811 Idem.

1450 871 1455 876 -
1515 837 1801 899 Priusquam
1825 844 1956 888 ιιιιιιιι
1977 843 2032 888 ιιι
2068 854 2165 888 sese
2203 839 2372 888 hubent
2405 839 2512 890 eai-

1448 914 1599 977 mum]
1648 914 1919 978 Trajectio
1974 915 2245 964 verborum
2303 914 2512 964 minime

1448 991 1676 1040 insolens
1698 990 1808 1057 πρὸς
1830 991 1890 1041 τὸ
1911 991 2228 1055 σχηματίζειν
2245 990 2329 1042 τὸν
2343 989 2512 1054 λόγων.

1449 1067 1625 1118 Minus
1637 1067 1965 1121 familiariter
1980 1068 2245 1134 ὑπερβατὸν
2258 1069 2363 1119 καθ’
2380 1068 2514 1134 ὑπέρ·

1449 1149 1575 1195 θεσιν
1586 1146 1860 1197 adhibetur
1876 1149 1929 1197 in
1938 1163 2037 1199 vss.
2049 1152 2133 1199 27.
2149 1155 2206 1197 ει
2223 1152 2306 1199 28.
2325 1149 2342 1177 ‘
2358 1148 2510 1198 Hanc

1449 1223 1607 1273 fidem
1630 1224 1750 1286 sibi,
1772 1239 1855 1273 ιιιε
1883 1225 2201 1287 obsecravit,
2223 1226 2311 1291 qui
2334 1239 2389 1275 se
2413 1225 2513 1275 sci-

1452 1305 1536 1351 ret
1557 1314 1658 1351 non
1681 1301 2029 1362 deserturum,
2043 1307 2112 1352 ut
2128 1301 2342 1353 darem!
2412 1301 2515 1352 Or-

1452 1376 1524 1426 do
1539 1376 1675 1427 enim
1699 1384 1799 1440 est,
1820 1379 1959 1443 quod
1977 1378 2216 1428 Donatus
2231 1378 2345 1441 jam
2363 1386 2512 1428 nota-

1453 1453 1561 1503 vit:
1598 1457 1613 1483 ⁴
1632 1455 1706 1504 Ut
1728 1454 1863 1504 lianc
1900 1453 2055 1504 fidem
2079 1455 2175 1505 sibi
2197 1455 2394 1513 darem,
2429 1467 2514 1503 me

1453 1530 1767 1589 obsecravit,
1787 1530 1874 1595 qui
1899 1546 1956 1580 se
1978 1531 2138 1581 sciret
2158 1545 2259 1580 nou
2278 1531 2515 1580 desert-u-

1451 1620 1565 1656 rum
1586 1605 1618 1654 :'
1659 1608 1776 1657 velt
1820 1609 1836 1635 ‘
1857 1606 2167 1658 Obsecravit
2198 1621 2299 1670 me,
2336 1615 2393 1656 ut
2416 1606 2517 1656 sibi

1453 1680 1633 1732 darem
1650 1683 1780 1733 banc
1803 1682 1981 1745 fidem,
1997 1684 2084 1749 qui
2109 1684 2288 1746 sciret,
2311 1698 2393 1733 me
2411 1697 2518 1733 non

1453 1758 1781 1809 deserturum
1817 1759 1926 1810 sez’
1962 1775 2064 1825 quo
2111 1774 2302 1824 genere
2335 1766 2515 1810 noster

1452 1843 1628 1887 tamen
1651 1837 1858 1901 parcius
1896 1837 2082 1899 utitur,
2114 1845 2169 1887 et
2195 1838 2281 1887 vix
2304 1838 2415 1887 sine
2438 1851 2518 1886 ra·

1456 1914 1631 1964 tione:
1657 1930 1772 1980 quae
1790 1930 1961 1982 neque
1983 1917 2064 1966 bic
2086 1916 2270 1967 deesse
2295 1915 2516 1965 videtur.

1461 1991 1717 2041 Boecleras.

1520 2073 1553 2118 6
1588 2069 1708 2119 Tum
1728 2069 1826 2120 illo
1846 2069 2019 2133 turboe]
2051 2068 2117 2119 'rb
2142 2070 2238 2119 illa
2263 2069 2331 2119 ad
2354 2070 2519 2119 terro-

1455 2160 1566 2195 rem
1589 2145 1783 2195 retulit.
1828 2148 2067 2197 Βοιιειιιε.
2555 2192 2558 2201 ,

1525 2223 1693 2279 Quid?
1719 2224 1793 2273 vis
1809 2225 1994 2288 patiar]
2028 2224 2145 2275 Hoc
2160 2230 2261 2288 est,
2282 2223 2520 2288 patiarne

1457 2315 1668 2350 uxorem
1691 2300 1923 2351 ducere?
1956 2301 2109 2352 Idem.

1527 2378 1658 2435 Quid
1693 2378 1991 2443 vis.patiar]
2030 2379 2165 2428 Sunt
2198 2377 2285 2442 qui
2320 2377 2523 2440 quidvis,

1457 2470 1576 2520 pro,
1596 2455 1844 2522 quicquid
1889 2457 2141 2519 evenerit,
2180 2455 2519 2519 intelligente

1460 2533 1580 2596 quia
1622 2531 1847 2596 dixerat,
1881 2534 1897 2562 ‘
1920 2532 2125 2583 Adcon’
2159 2547 2243 2583 me
2277 2533 2521 2595 ignavum

1458 2609 1638 2672 putas?
1654 2608 1670 2632 ’
1722 2607 1827 2659 Alii
1850 2609 2210 2672 pronuntiant,
2233 2615 2290 2657 ut
2312 2607 2382 2657 sit
2407 2619 2521 2655 sen·

1456 2697 1559 2748 sus,
1591 2683 1733 2735 Quid
1774 2698 1855 2734 me
1892 2685 1966 2733 vis
2005 2682 2220 2733 facere?
2255 2695 2317 2730 an
2342 2689 2400 2732 ut
2421 2681 2522 2731 boc

1454 2761 1646 2825 patiar,
1668 2774 1882 2810 uxorem
1899 2759 2032 2809 -milii
2056 2759 2205 2808 dari?
2239 2759 2390 2808 Idem.

1524 2837 1694 2894 Quid?
1717 2836 1791 2885 cis
1815 2836 1977 2898 patiar
1991 2835 2034 2900 7]
2062 2835 2143 2885 ΑΙ.
2161 2834 2277 2900 quid
2293 2831 2410 2885 cis?
2435 2848 2527 2898 pa·

1463 2912 1599 2965 tier?
1629 2913 1941 2963 Farnabius.

1460 3029 1465 3034 .
1522 2991 1674 3040 Pater
1705 2996 1795 3052 est,
1820 2988 2092 3054 Pamphile]
2131 2988 2251 3040 Hoc
2274 2989 2522 3040 vultuose

1457 3067 1894 3133 pronuntiandum
1948 3075 2048 3130 est,
2104 3073 2159 3117 et
2201 3068 2331 3120 mire
2377 3071 2516 3129 puter

1457 3142 1631 3192 dixite
1667 3150 1726 3192 ut
1766 3144 1881 3207 ipso
1921 3143 2125 3193 nomine
2170 3143 2410 3192 videatur
2433 3142 2519 3192 ba-

1456 3218 1582 3270 bere
1595 3219 1959 3270 auctoritatem
1974 3225 2057 3269 :et
2073 3218 2230 3268 veluti
2246 3217 2529 3268 dormitan-

1459 3301 1566 3345 tem
1608 3300 1665 3345 et
1702 3294 1919 3345 oblitum
1973 3293 2249 3359 potestatis
2297 3299 2528 3357 paternoe

1457 3372 1539 3422 bis
1578 3371 1749 3422 tribus
1788 3370 2027 3432 excitat3
2072 3371 2224 3420 Pater
2259 3374 2348 3432 est,
2382 3370 2532 3420 Pum-

1456 3450 1602 3515 phile,
1644 3449 1838 3515 difficile
1873 3454 1964 3512 εει,
1994 3450 2096 3498 Ιιωσ
2124 3449 2225 3498 solu
2251 3452 2323 3497 est
2345 3447 2529 3497 mulier.

1462 3524 1721 3576 Donatus.

1530 3602 1681 3653 Pater
1727 3603 1822 3668 εει]
1854 3600 1903 3652 Α
1936 3603 2232 3664 necessario
2262 3615 2537 3666 argumen-

1466 3683 1599 3728 tum.
1633 3677 1786 3727 Idem.

1496 3773 1505 3778 ·
1538 3755 1692 3806 Pater
1705 3759 1795 3814 εει,
1821 3752 2102 3817 Pamphile.-
2135 3751 2404 3818 dsfficil’est,
2434 3757 2537 3806 tam

1463 3832 1565 3881 liaec
1600 3834 1701 3881 solu
1739 3838 1812 3882 εει
1844 3832 2037 3895 mulier]
2069 3830 2369 3880 Suasionem
2396 3830 2531 3878 banc

1465 3909 1542 3957 ita
1577 3909 1811 3970 tractari,
1840 3907 1951 3972 jam
1975 3908 2226 3970 coepimus
2251 3905 2443 3966 dicere,
2477 3910 2537 3953 ut

1464 3985 1665 4034 animus
1683 3984 1962 4049 Pamphili,
1978 3981 2199 4047 periculi
2216 3986 2359 4029 metu
2384 3978 2537 4029 terri·

1465 4070 1571 4125 tus,
1606 4064 1851 4113 admittat
1886 4061 2156 4112 consilium
2185 4073 2198 4107 ι
2229 4061 2410 4123 itaque-
2446 4057 2533 4107 hic

1464 4155 1570 4205 quo
1610 4140 1841 4202 brevius,
1866 4154 1929 4189 eo
1953 4136 2196 4197 validius,
2220 4132 2533 4184 necessitati

1454 4216 1590 4281 juris
1607 4217 1893 4282 periculum
1907 4213 2036 4264 facti
2054 4210 2353 4276 conjungit:
2379 4210 2536 4260 *velu-

1468 4294 1507 4345 ti
1531 4310 1627 4360 per
1645 4308 1914 4357 summam,
1954 4291 2182 4356 undique
2220 4294 2277 4339 ει
2308 4288 2373 4339 ab
2396 4287 2536 4338 omui
