3035 4941
488 397 663 465 1064

487 554 837 619 egredientes,
889 569 989 604 non
1045 554 1349 618 responderi
1411 555 1547 605 solet

490 622 621 681 fere.
685 622 910 680 Archilis
950 632 1062 680 llaec
1109 637 1167 680 ut
1216 630 1421 679 anicula
1458 645 1546 678 co-

489 707 641 770 mica,
665 707 840 756 vinosa
861 706 1189 755 describitur.
1257 708 1350 754 Est
1372 712 1546 775 autern

489 781 696 846 ’γραΐδιον
710 782 932 846 οἰκουρὸν,
947 782 978 841 ἢ
995 780 1218 831 οἰκετικὸν
1231 780 1263 840 ἢ
1276 780 1372 843 «ieie,
1391 783 1405 809 ⁴
1422 780 1544 829 Ani-

490 852 608 908 cula
632 861 914 909 domestica
936 868 990 909 et
1007 858 1174 919 acris?
1193 859 1439 922 Pollucis,
1458 858 1546 907 lib.

489 951 566 987 ιν.
591 952 762 987 onom.
786 951 906 1000 cap.
931 940 1010 986 19.
1052 938 1138 986 De
1160 937 1448 987 obstetrice
1470 937 1547 986 in·

490 1013 572 1065 fra
597 1008 818 1064 dicetur.
851 1014 1109 1063 Boeclerus.

538 1089 978 1155 Importunitatem]
993 1090 1365 1154 Importunitas
1377 1105 1548 1155 neque

488 1168 591 1218 loci
628 1182 794 1231 neque
818 1166 1067 1230 temporis
1088 1167 1245 1217 habet
1266 1167 1548 1218 commodi-

487 1251 668 1295 tatem.
704 1244 940 1294 Donatus.
1504 1282 1511 1285 -

552 1320 791 1383 Aniculoe]
829 1320 1048 1381 Arcliilis
1068 1320 1283 1371 scilicet.
1316 1318 1466 1372 Idem.

554 1403 584 1451 5
622 1398 750 1452 Quia
770 1397 1055 1460 compotrix]
1088 1397 1152 1446 In
1179 1398 1322 1447 vultu
1347 1412 1548 1447 reman-

490 1471 559 1523 sit
597 1473 798 1521 oratio:
839 1472 991 1523 deest
1027 1473 1161 1522 euim
1201 1488 1294 1536 per
1329 1472 1547 1537 figuram

491 1545 719 1610 ἔλλειψιν,
752 1547 910 1597 ‘ideo
944 1549 1081 1597 illam
1115 1548 1227 1597 vult
1270 1550 1547 1601 arcessiri!

491 1623 642 1672 Idem.

558 1698 653 1747 Dii
673 1700 1090 1761 datefiicultatem,
1105 1699 1316 1762 obsecro]
1338 1699 1421 1748 Dii
1440 1700 1547 1749 Ge-

489 1773 669 1834 niales‚
721 1775 992 1838 Nuptiales
1024 1764 1287 1839 Quinque,
1334 1776 1550 1839 Jupiter

490 1851 716 1915 adultus,
772 1851 1103 1915 Hymenaeus,
1159 1851 1298 1902 Juno
1352 1851 1551 1901 adulta.

490 1930 669 1978 Ventis
703 1929 931 1991 suadela,
964 1930 1134 1978 Diana
1159 1929 1388 1981 Lucina:
1429 1928 1549 1977 vide

490 2019 606 2069 quae
644 2019 738 2053 nos
776 2004 842 2054 ad
879 2005 1091 2056 Senecae
1132 2006 1374 2054 Medeam
1417 2020 1466 2055 v.
1503 2009 1550 2057 1.

493 2081 753 2131 Boeclaerus.
1543 2090 1546 2093 ’

555 2160 683 2213 &In
714 2160 851 2224 aliis]
899 2162 1086 2211 Utrum
1111 2159 1161 2209 in
1186 2160 1298 2209 aliis
1321 2160 1550 2210 mulieri-

492 2235 606 2299 buS,
639 2250 704 2285 an
729 2238 779 2285 in
804 2237 918 2286 aliis
940 2237 1126 2287 rebus?
1164 2239 1398 2288 Donatus-

533 2312 619 2359 Jn
640 2313 749 2361 aliis
764 2313 921 2374 potius
937 2312 1161 2376 peccandi
1175 2312 1346 2374 locum]
1376 2314 1551 2362 Utrum

488 2388 543 2436 in
565 2386 677 2436 aliis
706 2389 996 2451 mulieribus,
1028 2403 1091 2437 an
1126 2387 1179 2435 in
1212 2389 1325 2435 aliis
1372 2389 1511 2437 rebus
1525 2387 1551 2439 2

489 2465 567 2513 ita
590 2462 796 2513 dubitat
819 2465 1079 2514 Donatus.
1122 2463 1200 2512 Tu
1223 2478 1325 2511 nou
1351 2461 1553 2529 dubita,

488 2556 566 2591 res
598 2540 846 2604 intelligi;
883 2543 979 2590 hoc
1015 2555 1206 2598 sensu:
1242 2541 1285 2589 si
1319 2542 1549 2592 ebrietas

489 2617 606 2679 ejus
623 2622 678 2665 et
694 2618 957 2667 temeritas
972 2618 1179 2667 omnino
1196 2617 1406 2667 innoxia
1421 2633 1551 2667 sern-

490 2708 588 2758 per
611 2708 725 2743 esse
747 2693 946 2758 nequit,
977 2694 1028 2742 in
1055 2694 1156 2743 alia
1177 2693 1348 2756 potius
1381 2709 1438 2744 re
1471 2694 1551 2744 of·

487 2767 690 2830 tendat,
724 2783 874 2832 quam
898 2768 949 2817 in
974 2765 1375 2832 negotio‚'cujus
1399 2784 1553 2820 causa

488 2859 628 2895 nunc
669 2845 983 2894 accersitur:
1040 2846 1094 2893 in
1136 2845 1365 2894 oratione
1414 2846 1550 2895 enim

489 2936 750 2987 personae,
786 2923 889 2984 cui,
921 2928 980 2971 ut
1014 2930 1098 2971 est
1132 2931 1317 2985 captus
1340 2925 1551 2974 ancilla-

490 3012 627 3058 rum,
650 2998 889 3047 honestos
912 3012 1082 3048 mores
1098 3004 1152 3047 et
1177 2998 1368 3060 probos
1384 2999 1553 3051 Poeta

490 3072 659 3137 dedit,
680 3088 857 3123 sensus
873 3073 1141 3123 humanior
1156 3074 1430 3125 sumendus
1452 3084 1550 3129 est.

490 3150 750 3201 Boectem.

556 3232 589 3277 7
646 3227 1009 3292 Exanimatam]
1078 3228 1413 3290 Exanimes,
1467 3238 1552 3280 est

490 3303 845 3368 perturbatus.
901 3303 1185 3366 Virgilius:
1210 3304 1226 3331 ‘
1247 3304 1552 3355 Exanimata

490 3390 715 3442 sequens
760 3378 1073 3441 impingeret
1112 3377 1314 3440 agmina
1352 3381 1555 3431 muris!

408 3446 419 3456 “
491 3452 775 3508 Exanimus,
806 3459 1058 3502 mortuus.
1092 3446 1263 3501 Idem.¹
1312 3455 1327 3482 ‘
1354 3455 1554 3518 Corpus

493 3530 585 3580 ubi
624 3530 913 3577 exanimum
952 3529 1176 3592 positum
1210 3528 1461 3579 Pallantis
1481 3531 1554 3580 A·

493 3606 702 3658 cestes.¹
740 3607 973 3656 Donatus.

568 3684 744 3733 Vereor
782 3685 893 3748 quid
933 3685 1051 3748 siet]
1111 3684 1258 3746 Quid,
1299 3685 1365 3734 ob
1408 3686 1555 3750 quid,

493 3769 712 3827 propter
754 3761 877 3825 qnid
918 3763 986 3810 sit
1027 3763 1367 3811 exanimatus.
1447 3761 1557 3812 Aut

495 3838 681 3889 aliter:
718 3838 831 3901 quid
855 3839 967 3894 siet,
1000 3837 1054 3886 id
1092 3843 1193 3900 est,
1222 3837 1345 3901 quid
1371 3837 1437 3886 sit
1464 3853 1554 3888 ne·

494 3914 641 3979 gotii.
703 3913 807 3963 Sed
843 3913 1052 3977 quidam
1094 3919 1281 3976 putant
1317 3915 1430 3976 quid
1458 3927 1556 3976 pro

493 4004 690 4056 quare:
726 3996 784 4039 ut
825 3990 954 4045 Quid
985 3989 1195 4040 veniant.
1261 3988 1372 4039 Aut
1392 3990 1560 4051 deest,

486 4070 677 4130 potest.-
711 4071 771 4114 ut
792 4065 894 4114 sit:
930 4066 1045 4129 quid
1066 4080 1165 4115 esso
1183 4070 1357 4130 potest.
1389 4063 1557 4114 Idem.

560 4149 593 4194 8
627 4144 758 4193 Num
794 4141 1041 4207 quidnam]
1075 4144 1342 4194 Comicum
1384 4148 1467 4191 est
1501 4147 1558 4190 et

488 4220 884 4272 Terentianum.
915 4221 1069 4271 Idem.

560 4296 691 4347 Num
707 4296 956 4362 quidm]
972 4297 1163 4361 Quum,
1177 4293 1433 4359 exemptis
1446 4306 1560 4344 num

1198 409 1416 459 NOTAE
1466 407 1864 458 vAmoRuM
1914 409 1993 458 ln

1621 559 1677 603 et
1695 568 1824 618 nam,
1846 550 2085 603 sufficere
2121 551 2185 602 ad
2220 548 2688 615 interrogationem

1620 632 1884 694 potuisset
1906 631 2037 695 quid.
2060 629 2228 681 Idem.
2671 633 2676 638 ’

1684 707 1867 758 Scan
1900 721 1954 757 v.
2019 707 2153 756 Haec
2190 720 2345 756 scena
2373 713 2565 755 satura
2588 707 2694 763 est,

1622 797 1690 832 ex
1728 783 2003 834 trochaicis
2039 790 2095 832 et
2130 783 2364 832 iambicis
2398 795 2502 830 non
2537 776 2694 830 unius

1623 862 1847 925 generis.
1881 862 2013 913 Quae
2030 866 2202 913 autem
2217 857 2436 909 Gabriel
2449 856 2693 907 Faernus

1624 937 1896 986 annotavit
1937 936 2005 986 de
2048 936 2204 986 variis
2246 934 2583 995 lectionibus,
2619 931 2697 995 in

1622 1013 1815 1062 nostris
1836 1027 2036 1078 quoque
2055 1013 2187 1062 Mss.
2209 1016 2516 1075 comparent
2539 1023 2554 1058 ε
2590 1008 2698 1058 ita-

1624 1105 1724 1155 que
1742 1091 1872 1139 nihil
1893 1091 2083 1140 attinet
2101 1096 2341 1154 repetere
2359 1105 2374 1139 z
2397 1102 2469 1136 vs.
2484 1090 2566 1137 14.
2584 1099 2699 1137 om·

1623 1181 1716 1216 ne·
1756 1167 1921 1217 nostri
1961 1166 2186 1218 habent:
2241 1172 2429 1230 repetor
2471 1162 2700 1229 repudia-

1623 1249 1733 1293 tus.-
1780 1241 1875 1293 sed
1911 1244 2078 1293 lenior
2126 1249 2207 1293 est
2245 1257 2491 1292 numerus
2531 1240 2701 1290 editae

1623 1319 1899 1369 lectionis:
1934 1321 1988 1368 in
2023 1312 2203 1368 vs.‘l5.
2226 1319 2314 1383 qni
2340 1326 2422 1368 est
2447 1323 2700 1382 septena·

1625 1395 1733 1445 rius
1781 1396 2094 1455 trochaicus,
2133 1410 2311 1445 omnes
2337 1396 2704 1458 *interponunt

1623 1471 1681 1521 τὸ
1703 1477 1783 1522 et.-
1815 1473 1995 1535 aliquid
2016 1472 2214 1521 monstri
2235 1472 2401 1521 abent.-
2437 1476 2562 1522 οὐσα
2584 1485 2702 1535 φω-

1624 1549 1755 1598 niam
1774 1548 1951 1598 nemini
1972 1547 2161 1597 obtrudi
2177 1553 2348 1612 potest.
2397 1548 2487 1597 Fr.
2512 1546 2705 1597 Fabri-

1625 1626 1734 1674 cius
1760 1623 1958 1673 Mureti
1974 1622 2226 1686 judicium
2240 1625 2293 1673 in
2310 1623 2709 1688 distinguendis

1624 1700 1778 1763 liujus
1825 1713 1994 1748 scenae
2040 1701 2272 1749 versibus
2310 1700 2562 1765 praefertz
2614 1700 2707 1765 qui

1629 1783 1801 1826 tamen
1819 1788 1920 1825 non
1944 1790 2108 1843 pauca
2141 1776 2243 1826 sibi
2265 1777 2529 1842 permisit,
2562 1792 2707 1842 ρω-

1627 1859 1711 1903 ter
1733 1853 1863 1902 Mss.
1888 1853 2273 1903 auctoritatem.

1692 1928 2017 1977 Deliberatio
2041 1929 2298 1993 Pamphili
2328 1929 2603 1982 iracundia
2649 1936 2710 1981 et

1627 2005 1807 2056 dolore
1843 2004 2040 2054 recenti
2080 2005 2445 2056 tinnultuosius
2471 2006 2668 2070 incipit
2690 2022 2707 2056 x

1625 2071 1747 2132 mox
1770 2096 1801 2131 a
1824 2089 1974 2146 patre
1999 2081 2049 2130 in
2074 2081 2365 2132 Chremetis
2387 2082 2709 2132 affinitatem

1624 2156 1836 2219 flectit3
1881 2158 1958 2206 ita
2004 2164 2199 2220 tamen,
2249 2164 2310 2207 ut
2351 2165 2593 2208 recurrat
2639 2157 2710 2208 ad

1625 2234 1856 2298 priorem
1903 2234 2185 2299 querelam,
2225 2224 2326 2283 non
2371 2235 2738 2299 iniquitatem·

1614 2310 1731 2373 jam
1748 2309 1840 2356 sed
1855 2310 2225 2373 negligentiam
2245 2311 2411 2373 patris
2431 2311 2682 2359 incusans
2697 2327 2712 2357 ε

1627 2386 1799 2433 donec
1835 2385 1919 2434 hic
1953 2399 2157 2449 quoque
2196 2384 2424 2449 impetus
2461 2387 2616 2435 velut
2641 2386 2713 2435 ad

1625 2461 1991 2510 obversantem
2031 2460 2199 2511 animo
2238 2462 2445 2525 paterni
2481 2463 2714 2512 nominis

1628 2537 1976 2585 reverentiam
2008 2534 2293 2600 frangitur3
2330 2547 2532 2604 etpost
2573 2542 2715 2591 haue

1628 2614 1894 2662 Comicam
1917 2614 2232 2679 παρασκευὴν,
2274 2617 2428 2667 fidem
2450 2619 2716 2684 Glycerio

1626 2689 1935 2738 servandam
1960 2705 2072 2740 esse
2113 2694 2431 2757 argumentis
2466 2695 2711 2744 declara-

1627 2771 1737 2815 tur.
1792 2766 2118 2831 Eugraphius
2150 2769 2275 2818 satis
2310 2771 2593 2833 perspicue
2619 2769 2716 2819 de-

1628 2842 1887 2905 signavit:
1913 2850 1929 2872 ⁸
1945 2844 2079 2894 Haec
2092 2860 2251 2895 scena
2270 2841 2718 2901 deliberationem

1627 2916 1816 2980 habet,
1867 2935 1981 2985 quae
2028 2922 2143 2970 talis
2193 2929 2293 2972 est.
2374 2921 2717 2973 Adolescens

1630 3008 1834 3057 amans,
1866 2997 1952 3060 qni
1987 2998 2227 3059 promisit
2267 3011 2325 3045 se
2371 3012 2484 3046 eam
2523 2999 2716 3064 [quam

1630 3070 1867 3135 amabat]
1902 3072 2177 3123 ducturum
2218 3087 2456 3138 uxorem,
2483 3090 2516 3124 a
2557 3082 2720 3138 patre

1629 3148 1842 3210 cogitur
1877 3157 1936 3198 ut
1962 3149 2177 3198 alteram
2198 3149 2390 3199 ducat:
2432 3149 2714 3201 deliberat

1631 3222 1765 3289 quid
1788 3220 1968 3273 faciat.
2016 3223 2120 3273 Hic
2143 3238 2319 3273 omnes
2339 3225 2715 3277 deliberativae

1631 3307 1817 3365 partes
1862 3308 2000 3362 sunt,
2033 3308 2089 3350 et
2107 3301 2171 3350 ab
2195 3300 2307 3364 ipso
2332 3302 2419 3365 qui
2446 3301 2722 3353 deliberat

1632 3385 2037 3442 percurruntur:
2059 3390 2232 3425 verum
2250 3378 2494 3441 quoniam
2512 3380 2724 3442 optima
2803 3407 2812 3414 ²

1633 3452 1953 3503 deliberatio
2014 3458 2094 3502 est
2127 3454 2225 3502 -cui
2265 3453 2726 3517 alius-persuasor

1634 3527 2097 3591 accedit‚:¹,idcirco
2133 3529 2299 3592 Mysis
2333 3530 2529 3579 ancilla
2577 3545 2725 3594 prae·

1632 3618 1756 3655 sens
1792 3604 2073 3666 invenitur,
2121 3611 2179 3654 ut
2224 3606 2335 3668 ejus
2372 3613 2600 3668 aspectu
2629 3610 2725 3658 ta·

1635 3680 1743 3730 cile
1768 3679 1822 3726 in
1843 3693 1998 3728 unam
2022 3687 2243 3742 partem,
2275 3682 2529 3730 memoria
2553 3684 2729 3733 dorni.

1633 3771 1719 3806 nae
1743 3755 1853 3817 ejus
1877 3762 1933 3804 et
1955 3757 2030 3803 sui
2065 3756 2270 3818 amoris,
2313 3758 2481 3817 possit
2516 3758 2736 3810 iocum·-

1634 3833 1795 3891 bere3
1833 3832 2029 3896 qnippe
2052 3845 2170 3879 cum
2192 3831 2277 3880 hic
2311 3846 2376 3879 ex
2414 3848 2520 3883 una
2557 3845 2728 3899 parte

1636 3913 1793 3972 pater
1816 3908 1902 3964 sit,
1925 3907 2074 3970 cujus
2098 3907 2369 3969 imperium
2395 3909 2533 3959 filius
2554 3913 2729 3966 debet

1634 3981 1890 4044 implere;
1915 3996 1982 4030 ex
2006 3981 2109 4030 alia
2133 3988 2281 4044 parte
2306 3997 2472 4046 amor,
2494 3990 2585 4051 qui
2607 3991 2727 4041 vin-

1638 4056 1759 4107 culo
1781 4056 1859 4104 sui
1883 4057 2109 4104 animum
2138 4056 2495 4110 adolescentis
2527 4068 2730 4116 astrin-

1638 4129 1754 4195 git.'
1818 4130 1944 4192 Sed,
1965 4132 2052 4194 qui
2077 4131 2161 4182 hic
2193 4146 2480 4185 occurrunt
2503 4140 2633 4205 loci,
2653 4142 2728 4193 de

1630 4213 1755 4276 jure
1780 4215 2052 4271 pareatum
2075 4218 2130 4260 et
2159 4212 2465 4275 liberorum,
2501 4219 2557 4267 in
2594 4235 2731 4271 cen-

1637 4283 1895 4338 trahendo
1918 4286 2271 4352 matrimonio,
2308 4288 2364 4339 in
2389 4291 2734 4350 Chrestoma-
