3035 4941
224 4361 231 4365 .
322 4316 378 4367 in
402 4310 602 4378 pedes.’

750 411 1119 458 TERENTM
1170 411 1453 458 PHORM.
1501 411 1668 457 AcT.
1717 411 1764 460 1.
1812 412 1914 458 SC.
1969 412 2069 457 IV·

304 566 407 601 nou
431 553 749 613 pertineret:
786 553 837 601 id
872 560 972 615 est,
995 553 1037 602 si
1062 568 1229 602 meum
1256 560 1364 602 tan·

304 627 570 677 tummodo
596 636 869 692 peccatum
892 637 1031 678 esset
1059 629 1192 678 hoc
1179 644 1363 692 lpsum.

306 705 462 755 Idem.
1020 736 1027 742 ,

368 780 556 843 Absque
577 795 629 828 eo
649 781 792 845 esset]
817 781 1095 844 Eleganter
1115 780 1211 844 sic,
1225 779 1364 843 quod

304 856 479 919 vulgo,
505 858 894 922 propterillam‚
912 868 1101 919 ant,ex
1125 857 1262 906 illius
1286 858 1364 905 in-

284 935 460 1004 tuitu.
500 933 573 982 ita
597 934 772 983 Plaut.
811 936 864 983 in
888 935 1082 983 Persa:
1121 933 1210 981 ‘Si
1245 932 1362 981 abs-

306 1024 404 1073 que
425 1024 508 1059 me
543 1008 720 1071 foret,'
752 1019 806 1060 et
837 1010 1149 1059 Menaechm.
1183 1010 1197 1036 ‘
1226 1008 1363 1057 Nam

305 1087 504 1151 absque
535 1102 596 1136 eo
628 1092 785 1151 esset,
818 1085 971 1135 hodie
1005 1100 1262 1150 nunquam
1297 1086 1362 1134 ad

301 1164 462 1224 solem
487 1178 724 1219 occasum
749 1161 1010 1212 viverem.'
1034 1162 1160 1211 Mer.
1184 1163 1364 1211 Casuu-

304 1238 470 1289 bouus.

373 1321 436 1372 12
472 1316 622 1365 Recte
652 1331 739 1378 ego
761 1314 879 1364 mihi
910 1313 1154 1375 vidissem,
1174 1318 1221 1362 et
1239 1312 1365 1362 senis

301 1407 450 1442 essem
470 1395 599 1442 ultus
619 1388 938 1451 iracundiam]
975 1390 1164 1438 Facete
1189 1403 1364 1437 servus

303 1470 631 1519 occasionem
660 1467 884 1517 melioris
907 1465 1216 1515 conditionis
1249 1479 1364 1515 esse

304 1546 571 1594 existimat
593 1544 732 1608 fugae
756 1558 982 1602 causam,
1000 1549 1247 1607 tauquam
1266 1542 1366 1590 sibi

303 1636 401 1685 per
422 1636 536 1672 eam
561 1630 616 1671 et
639 1620 892 1670 libertatis
915 1633 1078 1683 genus
1112 1625 1366 1683 praestare

303 1708 480 1763 posset
503 1708 559 1750 et
583 1700 832 1763 praedam.
868 1699 1106 1760 Donatus.

370 1778 521 1827 Recte
533 1792 619 1840 ego
632 1777 751 1826 mihi
770 1774 1019 1837 ,vafissemJ
1045 1775 1120 1824 Ut
1131 1773 1365 1836 dicimus,

302 1853 412 1902 uide
430 1843 542 1915 tibi,
561 1860 615 1917 et
633 1855 787 1902 uidete
797 1851 947 1900 vobis.
1017 1851 1086 1899 Et
1105 1857 1268 1913 recte,
1290 1849 1364 1897 vi-

303 1930 496 1991 dissent,
529 1925 636 1977 ἇντὶ
665 1929 754 1977 τοῦ
776 1927 1102 1991 providissem.
1134 1926 1302 1975 Idem.

371 2007 516 2056 Recte
538 2022 626 2069 ego
644 2015 647 2016 ’
663 2005 784 2055 mihi
814 2002 1056 2067 vidissem]
1092 2002 1362 2053 Providis-

306 2098 434 2133 sem.
471 2086 598 2133 Mer.
627 2083 945 2133 casaubonus,

370 2162 443 2211 Et
462 2162 589 2211 senis
609 2176 756 2211 essem
783 2162 913 2209 ultus
934 2156 1254 2221 iracundiam]
1276 2157 1364 2207 Se-

302 2238 382 2288 uis
402 2238 604 2300 maluit,
627 2253 778 2302 quam
801 2236 997 2299 domiui,
1016 2235 1212 2297 dicere,
1233 2235 1367 2288 utin

303 2316 422 2380 ipso
453 2317 660 2365 nomine
683 2322 740 2364 et
759 2305 1137 2363 hortamentum
1161 2314 1367 2376 impune

304 2390 841 2457 fugiendiappareat.
872 2399 928 2440 et
951 2390 1100 2438 simul
1120 2390 1242 2455 quia
1262 2404 1367 2439 non

302 2468 448 2533 iram,
487 2469 579 2520 sed
619 2467 917 2520 iracundiam
949 2466 1182 2516 dicturus
1233 2474 1365 2517 erat.

305 2563 426 2598 nam
449 2551 531 2598 ira
552 2548 619 2598 de
641 2561 817 2610 causa,
835 2545 1082 2596 iracundia
1108 2544 1174 2595 de
1211 2545 1367 2597 mori-

307 2624 422 2676 bus.
457 2626 695 2675 Donatus.

373 2705 442 2754 Et
456 2706 582 2753 senis
602 2705 730 2753 ultus
745 2717 890 2752 essem
908 2699 1225 2763 iracundiam]
1249 2700 1370 2750 Non

308 2784 442 2834 dixit
459 2781 726 2842 evasissem,
739 2780 831 2829 sed
847 2781 975 2829 uuus
991 2793 1150 2829 essem.
1169 2775 1371 2827 faciunt

309 2862 449 2911 enim
472 2859 608 2907 servi
637 2855 907 2920 fugiendo,
928 2861 988 2903 ut
1008 2853 1239 2904 dominos
1263 2868 1369 2917 ρω-

311 2940 477 2988 niteat
495 2939 655 2985 iratos
670 2933 842 2982 fuisse.
879 2933 1032 2981 Idem.

385 3015 559 3064 Ultus
571 3009 740 3073 essem]
781 3010 870 3060 Sic
908 3010 1007 3057 'Vn
1011 3007 1180 3072 gilius,
1211 3008 1226 3035 ‘
1244 3008 1372 3056 Ulta

311 3091 498 3152 virum,
520 3103 699 3155 poenas
720 3071 927 3136 inim1co
951 3101 982 3135 a
1018 3083 1183 3134 fratre
1222 3098 1370 3133 rece-

313 3168 385 3232 pi.
390 3167 589 3216 ’Idem
690 3206 693 3211 .

379 3247 440 3293 13
463 3243 661 3306 Aliquid
689 3238 1027 3301 convasassem]
1065 3238 1222 3302 Figut
1225 3244 1368 3287 atum

321 3327 404 3370 est
436 3336 467 3369 a
485 3317 785 3381 colligendis
808 3317 960 3365 vasiS.
1004 3317 1156 3365 Idem.

324 3448 327 3453 ,
352 3409 355 3413 ·
385 3393 744 3457 Convasassem]
775 3393 860 3442 Ad
905 3391 1100 3442 furtum
1124 3400 1178 3442 et
1197 3390 1372 3454 fugam

314 3489 597 3538 parassem,
638 3472 979 3535 collegissem.
1033 3470 1161 3518 Hor.
1211 3475 1226 3496 ⁶
1252 3469 1373 3518 For·

314 3551 511 3601 midare
533 3550 694 3600 malos
718 3547 877 3611 fures,
900 3546 1157 3608 incendia,
1178 3560 1372 3602 servos,

316 3627 402 3676 Ne
419 3634 472 3676 te
510 3625 798 3690 compilent
824 3620 1134 3686 ·fugientes.'
1179 3622 1256 3672 M.
1284 3622 1375 3669 Ca-

315 3702 564 3753 saubouus.
1092 3726 1093 3731 =

383 3778 514 3827 Hinc
532 3790 602 3824 me
624 3774 920 3840 conjicerem]
943 3776 1107 3825 Recte
1130 3788 1228 3838 ego
1252 3773 1375 3823 mihi

320 3855 582 3904 vidissem.
616 3853 852 3901 Donatus.

281 3938 287 3943 '
372 3931 612 3981 ,Protinus
634 3931 687 3978 iu
703 3929 867 3992 pedes]
890 3929 1140 3976 Protiuam
1161 3925 1294 3978 fuit:
1321 3935 1378 3980 et

315 4010 390 4058 sic
416 4006 654 4070 Nigidius
671 4005 816 4068 legit.
850 4004 1000 4052 Idem.

384 4083 662 4145 Protiuam]
700 4081 967 4144 Protinus,
986 4081 1144 4130 illico.
1180 4081 1258 4131 M.
1283 4082 1377 4130 Ca·

320 4163 573 4214 saubonus.

390 4241 448 4286 14
488 4237 642 4291 Quam
678 4233 755 4281 hic
784 4232 981 4296 sugam]
1020 4232 1034 4260 ‘
1057 4232 1376 4296 conjicerem

633 4310 874 4363 ,Donata-3.

2331 396 2500 462 1627.

1479 552 1792 613 Autsurtum
1810 553 1980 618 parat]
2017 552 2267 618 ‘Aliquid
2303 568 2494 603 conva-

1437 645 1647 680 sassem.
1654 630 1853 679 '.Idem

1507 711 1661 764 Quam
1683 710 1761 757 hic
1779 710 1977 771 fugam,
1997 713 2081 758 aut
2106 710 2199 769 fur
2201 714 2300 758 tum
2332 659 2500 773 parat]

1435 785 1677 835 Secunda
1694 784 1931 835 ἀπόδοσις.
1953 786 2094 848 prius
2115 786 2250 835 enim
2284 784 2501 843 furtum,

1438 877 1588 927 quam
1606 861 1728 926 fuga
1750 876 2023 913 occurrere
2054 862 2251 911 debuit.
2285 863 2435 912 Idem.
2477 875 2486 914 ἰ

1471 983 1475 989 ,
1490 944 1551 987 15
1574 939 1669 988 Sed
1683 935 1764 989 ubi
1779 938 2094 1002 Antiphonem
2108 938 2365 1002 reperiam]
2388 938 2503 1000 Sed,

1438 1029 1544 1078 prov
1573 1029 1733 1078 ergo:
1772 1021 1832 1063 ut
1854 1014 1940 1076 sit,
1979 1014 2119 1075 Ergo
2142 1014 2227 1062 ubi
2251 1011 2504 1076 Antipho-

1436 1104 1555 1139 nem
1589 1090 1890 1154 reperiam?
1956 1088 2039 1137 An
2072 1089 2156 1137 sed
2188 1086 2303 1137 finis
2348 1103 2500 1151 supe-

1438 1164 1589 1215 rioris
1634 1165 1909 1215 sententiae
1951 1164 2063 1212 est?
2103 1170 2161 1212 ut
2204 1163 2501 1224 Sallustius,
2566 1215 2572 1220 ,

1437 1243 1455 1271 ‘
1477 1243 1582 1292 Sed
1603 1244 1850 1292 Metellus
1870 1243 1923 1291 in
1941 1242 2183 1291 ulteriore
2197 1241 2498 1305 provincia.'

1441 1319 1593 1369 Idem.
1627 1351 1630 1356 2
2391 1337 2392 1340 ¹

1504 1395 1783 1459 Reperiam]
1804 1396 1862 1446 Si
1885 1393 2073 1445 alicubi
2093 1399 2282 1444 cesset.
2317 1394 2466 1444 Idem.

1502 1473 1608 1521 Aut
1629 1490 1720 1538 qua
1742 1488 1948 1537 quoerere
1968 1474 2185 1522 insistam
2206 1472 2309 1535 uia]
2333 1473 2387 1521 Si
2410 1472 2504 1539 ali<

1440 1550 1565 1599 cubi
1586 1552 1832 1601 ambulet.
1857 1552 2023 1601 omnis
2064 1552 2199 1599 enim
2235 1550 2320 1615 qui
2357 1565 2498 1614 quae-

1439 1628 1593 1690 ritur,
1612 1635 1705 1677 aut
1729 1635 1921 1690 cessat,
1944 1635 2034 1678 aut
2066 1628 2315 1676 ambulat.
2352 1628 2504 1677 Idem.

1504 1708 1569 1752 16
1605 1705 1673 1753 Te
1694 1702 1931 1766 uomiuat]
1952 1703 2035 1753 Ad
2053 1705 2151 1752 hoc
2184 1703 2270 1752 diu
2294 1701 2503 1752 auditur

1440 1778 1603 1843 Geta,
1641 1786 1698 1830 et
1739 1781 1854 1844 ipse
1887 1796 1991 1830 uon
2029 1780 2176 1830 videt
2200 1780 2504 1830 adolescen-

1440 1863 1561 1907 test
1612 1867 1670 1908 ut
1705 1860 1820 1921 plus
1863 1859 1965 1907 ill-is
2006 1858 2238 1907 terroris.
2264 1856 2504 1919 incutiat,

1439 1935 1561 1984 dum
1582 1950 1757 1985 secum
1782 1935 2029 1999 loquitur.
2077 1935 2222 1983 Idem.

1507 2013 1683 2062 Nescio
1705 2015 1826 2077 quod
1846 2028 2070 2074 maguum
2100 2012 2186 2061 hoc
2217 2013 2387 2061 nuntio
2414 2026 2501 2060 ex-

1438 2096 1598 2154 specto
1652 2090 1852 2152 malum]
1877 2091 2107 2139 ⁴Diserte
2148 2090 2351 2139 locutus
2398 2095 2504 2149 est,

1442 2166 1618 2216 Nescio
1638 2168 1758 2229 quod
1773 2180 1995 2228 maguum
2014 2166 2100 2214 hoc
2120 2167 2291 2232 nuntio
2313 2180 2503 2228 exspec-

1439 2243 1492 2291 to
1522 2244 1730 2291 uzalums
1766 2256 1860 2305 pro
1896 2256 1960 2291 eo
2000 2241 2138 2306 quod
2183 2250 2284 2303 est,
2329 2241 2507 2289 Nescio

1440 2321 1563 2384 quod
1583 2334 1805 2381 magnum
1823 2318 2140 2371 malumhuuc
2165 2317 2284 2366 mihi
2316 2317 2506 2365 nuntia.-

1440 2401 1599 2448 1urum
1621 2396 1845 2445 arbitror.
1881 2393 2048 2457 Idem.
2492 2431 2498 2436 .

1508 2479 1570 2524 17
1620 2475 1830 2524 Domum
1866 2473 1941 2522 ire
1985 2473 2204 2536 pergam]
2248 2470 2366 2521 Hoc
2407 2486 2505 2520 nos

1443 2551 1750 2601 ἐλλειπτικῶς
1781 2549 2021 2609 dicimus,
2054 2549 2264 2598 Domum
2291 2563 2505 2613 pergam»

1424 2622 1427 2627 ’
1441 2627 1610 2679 Idem.

1510 2707 1588 2755 Ibi
1603 2704 1861 2770 plurimum
1894 2705 1989 2769 est]
2013 2704 2258 2754 Ostendit
2273 2705 2336 2753 ab
2356 2702 2506 2754 initio

1443 2798 1501 2834 se
1525 2783 1732 2833 domum
1758 2797 1998 2847 pergere,
2016 2787 2070 2830 et
2090 2782 2165 2830 sic
2188 2780 2396 2830 videtur
2412 2781 2503 2830 de-

1444 2860 1710 2910 liberasse.
1745 2859 1899 2908 Idem.

1510 2935 1588 2983 Ihi
1615 2937 1869 2998 plurimum
1900 2933 1996 2997 est]
2047 2932 2255 2982 Scilicet
2289 2940 2506 2996 propter

1446 3025 1670 3060 amorem
1715 3009 1887 3059 uxoris
1933 3023 2059 3058 suae.
2122 3008 2417 3057 Plurimum,
2445 3008 2506 3056 τὸ

1444 3089 1687 3136 πλεῖστον.
1719 3087 1869 3136 Idem.

1510 3164 1795 3213 Revocemus
1815 3159 2069 3223 houziuem]
2092 3156 2299 3210 Comiee
2323 3168 2379 3211 et
2397 3175 2507 3211 mo·

1447 3242 1631 3292 taliter
1647 3239 1850 3289 addidit
1871 3239 2121 3288 hominem.
2157 3239 2322 3288 Idem.

1513 3323 1577 3368 18
1629 3317 1899 3366 Hominem.
1950 3315 2055 3364 ΑΝ.
2098 3319 2176 3364 sta
2211 3315 2336 3364 ilico.
2398 3316 2504 3366 GE.
2541 3306 2544 3313 ¹

1446 3394 1574 3457 hem}
1609 3394 1711 3443 Hic
1751 3407 1925 3442 versus
1965 3391 2168 3441 videtur
2188 3398 2507 3442 monometer

1448 3470 1744 3520 trochaicus
1786 3465 2313 3531 hypercatalecticus.
2355 3466 2506 3516 Fae’r-

1451 3561 1559 3596 uus.

1508 3624 1610 3673 »Sta
1632 3620 1784 3684 illico]
1809 3620 1926 3681 Ille,
1948 3618 2236 3669 Revocemus
2256 3621 2508 3683 Ιιοηιίηεπι,

1449 3700 1620 3749 dixit:
1655 3699 1880 3758 hic,non
1915 3694 2158 3758 progredi
2184 3695 2360 3759 jussit.
2399 3698 2511 3746 Do-

1448 3783 1605 3827 natus.
2503 3814 2514 3825 .

1517 3858 1581 3903 19
1601 3853 1737 3901 Satis
1755 3865 1845 3914 pro
1866 3848 2061 3912 imperio
2082 3849 2293 3912 quisquis
2313 3850 2383 3913 es]
2404 3849 2510 3898 Hie

1451 3929 1702 3990 ostendit,
1735 3927 1902 3988 culpae
1946 3924 2275 3973 conscientiae
2317 3925 2511 3973 nullam

1453 4007 1821 4058 auctoritatem
1864 4002 2113 4064 reliquam
2149 4001 2204 4048 in
2257 4001 2514 4064 magistro

1454 4085 1610 4134 Geta.
1647 4082 1796 4130 Idem
2417 4096 2420 4099 ’

1517 4159 1651 4209 Satis
1664 4172 1749 4221 pro
1766 4153 1986 4218 imperio]
2004 4152 2069 4202 Id
2091 4158 2193 4214 est,
2215 4153 2510 4217 imperiose.

1454 4240 1609 4289 Idem.

1519 4311 1652 4363 Satis
1677 4324 1767 4374 pro
1798 4305 2019 4370 imperio,
2047 4306 2260 4371 quisquis
2279 4305 2353 4370 es]
2374 4304 2512 4356 Satis
