3035 4941
838 403 1202 461 ‘rnnnnmu
1249 409 1491 461 sumt.
1539 410 1703 461 Ac'r.
1750 412 1798 462 1.
1845 411 1951 463 SC·
2000 412 2052 461 1.

343 552 529 609 iisdem
540 565 618 603 vs.
630 555 718 603 67.
736 550 888 603 abest
898 550 961 600 τὸ
980 556 1162 603 um:
1178 551 1254 602 ita
1268 552 1409 605 enim

344 634 568 707 legitur:
602 644 714 679 ιιαιιι
734 628 818 692 qui
849 644 954 681 caus
988 628 1196 691 sagmio
1221 628 1413 693 emmim

346 716 478 759 tatto·
496 706 765 770 hujumodi
794 720 944 769 neque
976 710 1287 757 mmoeetar
1301 707 1409 755 oni-

338 800 446 843 siras
464 786 517 834 ιιι
553 799 612 834 eo
630 798 687 833 re
708 788 809 834 tusa
832 784 977 845 seius,
994 785 1076 847 ξε.
1141 782 1208 832 In
1248 782 1411 847 priori

341 863 555 927 inquam
575 860 761 912 codice
785 859 953 924 prima
972 873 1127 908 manu
1148 865 1262 909 erat
1281 864 1408 909 tam.-

342 938 478 1003 quod
497 944 685 1002 postea
703 935 888 1001 aliquis
906 935 959 984 in
983 940 1139 984 tamea
1155 934 1405 986 mutavit:

341 1014 420 1071 ita
444 1022 619 1063 tamen
641 1019 702 1063 ut
727 1011 959 1078 pristinae
984 1011 1225 1062 lectionis
1248 1012 1407 1062 vesti-

338 1093 431 1157 gia
452 1097 749 1149 cernantur.
775 1090 839 1140 Iu
862 1095 945 1141 ⁷6.
970 1098 1074 1140 tres
1092 1091 1257 1141 nostri
1274 1091 1405 1142 Mss.

337 1167 572 1219 habent:
610 1167 741 1223 Quid
760 1167 916 1228 igitar
935 1166 1091 1217 obstat
1109 1183 1193 1216 cur
1226 1183 1274 1216 n.
1295 1183 1342 1218 υ.
1354 1167 1407 1229 s.

334 1250 673 1310 testaturque
714 1242 946 1294 Faernus
984 1243 1038 1292 in
1077 1244 1310 1294 omnibus
1346 1245 1406 1294 li·

337 1320 447 1374 bris
472 1328 595 1384 post
614 1320 729 1384 qaid
750 1319 808 1369 τὸ
826 1320 979 1383 igitur
1001 1320 1238 1384 reperiri,
1273 1334 1405 1385 prae-

339 1405 577 1463 terquam
620 1399 676 1448 in
711 1398 966 1448 Vaticano
998 1402 1055 1446 et
1094 1397 1408 1462 Basilicano,

342 1488 563 1539 quorum
608 1474 974 1527 auctoritatem
1031 1475 1189 1524 metri
1245 1488 1405 1525 causa

339 1551 454 1616 ipse
480 1557 692 1602 secutus
729 1558 829 1601 est.
874 1551 971 1602 Vs.
1003 1555 1085 1604 93.
1117 1553 1253 1601 vultu
1287 1555 1404 1602 odeo

339 1630 567 1692 mulesto,
602 1630 715 1678 odeo
758 1633 966 1686 venusto,
1008 1630 1093 1688 ᾴσ.
1147 1642 1403 1679 consensu

340 1705 579 1756 codicum
636 1705 822 1755 merito
876 1703 1154 1768 retinetur,
1225 1720 1402 1771 quam-

342 1797 495 1849 quam
513 1783 813 1835 Priscianus
848 1784 885 1833 l.
906 1795 1022 1834 xiv.
1062 1783 1236 1848 legate
1287 1785 1404 1834 odeo

340 1863 569 1924 modesta,
587 1863 702 1912 adeo
722 1866 938 1922 masto,
958 1863 1040 1925 ξε.

405 1938 562 1988 Hanc
606 1951 832 1999 scenam,
895 1936 1110 1991 illustris
1150 1944 1206 1991 et
1250 1936 1402 1989 bonae

340 2013 649 2064 narrationis
672 2014 964 2077 exemplum
986 2012 1199 2077 habere,
1223 2028 1407 2077 omnes

337 2090 542 2152 vident,
559 2098 618 2141 et
637 2090 823 2142 Cicero
843 2090 1110 2153 indicavit,
1134 2103 1175 2140 1.
1217 2091 1285 2141 de
1312 2091 1400 2140 In-

341 2172 482 2218 vent.
509 2171 588 2218 19.
628 2173 684 2216 et
720 2180 783 2216 ιι.
828 2166 896 2216 de
931 2166 1082 2216 Orat.
1126 2171 1210 2217 80.
1279 2168 1405 2218 Non

339 2257 525 2307 parum
547 2248 719 2293 autem
740 2250 957 2294 ornatur
1001 2244 1257 2294 narrantis
1291 2258 1401 2295 mo·

340 2320 503 2384 ribus,
536 2334 665 2384 quos
689 2319 862 2370 Poeta
884 2319 1034 2371 valde
1058 2319 1291 2384 conspici
1313 2336 1400 2371 vo-

339 2398 456 2449 luit.
518 2396 584 2448 Τὸ
615 2396 966 2460 ἐγκατάσκευον
996 2396 1076 2448 καὶ
1109 2396 1413 2455 duodecem„

343 2478 430 2534 riis
452 2476 709 2538 διηγήσεως
743 2475 1053 2526 admirabile
1073 2485 1186 2525 estz
1222 2491 1411 2527 conse·-

340 2561 523 2604 tnntur
542 2554 715 2603 omnia
735 2553 924 2616 causis,
954 2561 1010 2602 et
1043 2552 1297 2616 probabili
1326 2568 1406 2604 re·

341 2644 457 2682 rum
478 2631 887 2691 consecutione3
919 2638 1170 2679 ornantur
1205 2627 1407 2694 figuris,

343 2707 672 2760 invalescunt
709 2706 1000 2768 sententiis,
1041 2713 1405 2757 asseverantur

340 2784 592 2847 moribus,
618 2784 944 2834 illustrantur
964 2781 1252 2844 evidentia,
1287 2797 1419 2847 pro-.

341 2871 402 2912 nt
423 2868 595 2926 partes
623 2860 824 2924 negotii
860 2864 1185 2924 apposcunt:
1219 2865 1279 2912 ut
1299 2873 1404 2909 οω-

339 2953 450 2996 cus.
469 2946 615 2989 certe
637 2937 923 2987 ineruditus
958 2936 1045 2999 sit,
1078 2935 1164 3001 qni
1203 2935 1256 2984 in
1292 2936 1409 3000 ipso

339 3015 519 3065 limine
543 3012 789 3079 ῥητορικὴν
809 3010 1001 3075 δύναμιν
1034 3012 1193 3062 nostri
1217 3012 1409 3074 Poetae

340 3105 445 3141 non
466 3090 856 3140 animadvertit.
921 3089 1091 3141 Etiam
1133 3087 1405 3139 ιὼίἂπλῶς

341 3181 555 3219 narrare
577 3167 803 3230 videtur,
828 3164 995 3231 figura
1013 3166 1415 3231 simplicitatem

342 3244 554 3307 attollit,
588 3250 681 3294 aut
714 3250 946 3294 tractatu
968 3247 1257 3307 ornatuque
1277 3243 1405 3311 tici-

344 3337 410 3373 no
447 3329 725 3387 permutat.
791 3322 867 3371 Ut
908 3322 961 3371 in
1005 3321 1144 3370 illis:
1189 3322 1405 3383 placuit:

343 3400 599 3464 despondi.-
630 3400 709 3449 llic
749 3399 933 3463 nuptiis
967 3400 1126 3448 dictas
1162 3401 1235 3447 est
1274 3398 1375 3447 dies
1385 3413 1415 3459 :-

345 3475 404 3530 τὸ
441 3473 673 3538 σύννομον
704 3476 791 3535 τῆς
827 3473 1018 3537 λέξεως,
1055 3481 1113 3525 et
1155 3474 1405 3538 expedita

345 3555 622 3618 absolutio,
654 3555 739 3604 cui
762 3552 1014 3603 dissoluta
1034 3553 1202 3617 oratio
1224 3551 1404 3614 servit,

342 3633 478 3686 vires
510 3638 567 3682 et
600 3631 820 3697 gratiam
859 3630 1075 3682 addunt.
1140 3630 1244 3692 Ita,
1283 3644 1401 3679 cum

344 3709 599 3775 sequitur,
633 3707 649 3738 ‘
672 3709 806 3766 Fere
848 3708 901 3758 in
940 3708 1122 3758 diebus
1155 3707 1411 3772 pauculis,

342 3788 533 3852 quibus
554 3787 669 3837 liaec
691 3794 812 3837 aeta
830 3792 969 3850 sunt,
993 3787 1206 3852 Chrysis
1232 3786 1404 3837 vicina

341 3863 454 3914 liaec
477 3863 729 3924 moritnr‚’
761 3864 1060 3928 simplicitas
1083 3862 1413 3926 narrationis,

340 3940 504 3992 Sosio
542 3939 764 4004 ἐπικρίσει
796 3940 1174 4005 decommum-mii
1211 3939 1404 4004 excipi-

342 4026 457 4074 tur:
493 4019 546 4068 in
569 4034 674 4084 qua
694 4032 758 4068 eo
794 4019 911 4082 plus
950 4017 1132 4083 flgnrae
1164 4025 1266 4081 est,
1300 4030 1404 4083 quo

342 4096 512 4150 minus
535 4096 775 4161 seqnitur
797 4094 936 4160 quod
973 4094 1295 4158 conjecerat,
1315 4109 1405 4144 ex·

344 4179 613 4236 pet-iatam
636 4186 742 4221 rem
761 4169 910 4233 fecit,
926 4170 1048 4220 dum
1071 4185 1307 4234 errorem·
1322 4185 1404 4219 su·

345 4263 429 4298 um
449 4247 836 4313 spectatoribus
861 4247 1055 4310 tradit3
1080 4261 1184 4297 non
1207 4247 1406 4306 statim,

340 4337 439 4376 nec
460 4324 632 4390 simul,
647 4324 743 4376 sed
766 4324 1066 4390 dispensato
1088 4324 1267 4388 senilis
1288 4337 1404 4388 nar-

2367 397 2542 464 1035

1485 552 1701 604 rationis
1743 554 1967 606 artificio
2022 559 2236 620 postea-'
2253 560 2544 620 opportune

1485 629 1886 683 dissolvendum.
1951 632 2081 696 Legi
2108 631 2315 681 omnino
2336 632 2421 681 bic
2454 630 2545 681 de-

1485 707 1616 759 bent
1639 709 1799 759 rerba
1820 710 2085 759 Ciceronis
2107 724 2175 759 ex
2195 722 2260 758 ιι.
2287 708 2353 758 de
2391 708 2546 759 Orat.

1482 784 1574 835 ubi
1594 786 1823 836 ostendit
1845 800 1945 835 non
1967 800 2170 835 omnem
2192 784 2543 835 narrationem

1483 862 1678 912 debere
1718 862 1928 912 brevem
1959 877 2091 912 esse.
2155 860 2266 911 ‘Ut
2309 861 2435 922 illa,'
2469 862 2549 911 in·

1482 939 1645 1002 quit,‘
1666 952 1784 988 nam
1821 938 1864 987 is
1906 944 2175 1003 postquam
2214 937 2442 987 excessit
2478 952 2546 987 ex

1482 1014 1716 1078 ephebis,
1757 1028 1911 1078 quam
1951 1015 2110 1079 longa
2151 1021 2231 1064 est
2279 1013 2547 1064 narratio?

1481 1104 1651 1140 mores
1674 1090 2017 1140 adolescentis
2049 1090 2229 1154 ipsius,
2263 1095 2319 1139 et
2341 1090 2558 1141 servilis.

1481 1167 1865 1231 percunctatio,
1898 1182 2034 1217 mors
2058 1166 2343 1233 Chrysidis,
2372 1167 2547 1217 vultus

1481 1252 1539 1294 et
1560 1243 1745 1308 forma,
1768 1253 1823 1295 et
1856 1246 2158 1295 lamentatio
2181 1244 2389 1307 sororis,
2425 1244 2546 1293 reli-

1481 1335 1605 1386 qua,
1630 1321 1874 1385 pervarie
1888 1320 2226 1386 jucundeque
2246 1327 2545 1371 narrantur.

1482 1397 1636 1451 Quod
1671 1399 1714 1447 si
1747 1398 1879 1448 banc
1916 1398 2231 1449 brevitatem
2254 1398 2548 1464 quoesisset,

1480 1480 1496 1502 ‘
1519 1472 1753 1534 effertur,
1785 1475 1947 1524 imus:
1986 1474 2053 1533 ad
2077 1474 2375 1538 sepulcrum
2400 1474 2544 1524 veni·

1478 1565 1627 1601 mus:
1662 1552 1725 1601 In
1750 1551 1922 1617 ignem
1945 1552 2116 1615 posita
2135 1558 2214 1602 est
2231 1550 2262 1615 ;’
2288 1551 2338 1601 in
2357 1551 2436 1600 bis
2453 1550 2545 1601 de-

1478 1642 1594 1678 cem
1631 1629 1900 1678 versiculis
1939 1634 2106 1679 totum
2141 1626 2406 1678 conficere
2447 1642 2550 1691 po-

1477 1704 1699 1760 tuissetz
1734 1719 2043 1770 quamquam
2070 1704 2167 1755 boc
2198 1704 2387 1768 ipsum,
2425 1703 2441 1733 ‘
2463 1702 2548 1753 es-

1473 1780 1666 1845 fertur,
1690 1782 1839 1845 imus,
1857 1780 1873 1804 '
1905 1782 2169 1833 concisum
2211 1787 2296 1832 est
2335 1781 2429 1844 ita,
2482 1788 2554 1833 ut

1477 1872 1580 1909 non
1604 1858 1853 1910 brevitati
1868 1858 2116 1910 servitum
2139 1857 2230 1920 sit,
2264 1856 2358 1908 sed
2377 1857 2543 1921 magis

1478 1935 1758 1985 venustati.
1824 1934 1979 1988 Quod
2003 1933 2049 1984 si
2071 1933 2198 1984 nihil
2216 1931 2421 1993 fuisset,
2454 1933 2532 1982 ni-

1475 2014 1539 2075 si,
1574 2013 1860 2078 ‘inignem
1902 2014 2073 2078 posita
2102 2011 2219 2073 est:
2262 2020 2435 2062 tamen
2460 2026 2546 2061 res

1475 2097 1592 2140 tota
1612 2089 1856 2154 cognosci
1879 2088 2032 2139 facile
2054 2087 2333 2152 potuisset,
2370 2085 2462 2136 sed
2487 2094 2548 2137 et

1473 2165 1816 2216 festivitatem
1849 2164 2012 2215 habet
2034 2162 2265 2213 narratio
2287 2161 2554 2217 distincta

1476 2242 1730 2307 personis,
1751 2250 1808 2293 et
1826 2241 2159 2305 interpuncta
2181 2238 2503 2289 sermonibus
2526 2257 2554 2289 ι»

1476 2325 1533 2369 et
1554 2326 1639 2369 est
1661 2318 1989 2383 probabilius,
2025 2316 2160 2383 quod
2193 2322 2401 2383 gestum
2424 2330 2546 2369 esse

1473 2395 1640 2459 dicas,
1660 2411 1798 2458 cum,
1814 2392 2247 2461 quemadmodum
2261 2399 2432 2442 actum
2455 2391 2543 2452 sit,

1477 2490 1742 2539 exponas:
1780 2482 1835 2525 et
1858 2473 2021 2524 multo
2046 2470 2278 2537 apertius
2301 2469 2367 2520 ad
2390 2469 2543 2519 intel-

1476 2552 1744 2615 ligendum
1784 2557 1883 2614 est,
1919 2550 1961 2599 si
1992 2549 2065 2599 sic
2107 2548 2410 2599 consistitur
2454 2546 2543 2598 ali·

1478 2630 1686 2696 quando
1708 2647 1768 2680 ac
1792 2644 1894 2679 non
1921 2630 2019 2678 ista
2042 2627 2307 2677 brevitate
2332 2639 2546 2689 percur-

1478 2706 1651 2758 ritur.’
1714 2706 1820 2757 Sed
1843 2706 2110 2757 faciendus
2143 2710 2226 2756 est
2256 2702 2555 2754 annotandi.

1477 2784 1678 2834 modus.
1711 2783 1970 2834 Boecleras.

1547 2866 1573 2910 1
1618 2862 1713 2912 Vos
1752 2859 1942 2924 isthac]
1977 2857 2279 2910 Cavendum
2321 2858 2417 2908 tibi
2460 2865 2543 2908 est

1479 2936 1547 2987 ab
1570 2937 1918 3000 explicatione
1939 2937 2148 2987 Thomae
2166 2935 2432 2992 Farnobii,
2453 2936 2540 3000 qui

1478 3027 1649 3078 nuper
1670 3014 1969 3064 Terentium
1993 3013 2043 3063 in
2069 3013 2338 3064 Britannia
2359 3011 2549 3064 edidit..

1480 3091 1655 3140 Isthoec
1675 3090 1812 3140 enim
1836 3090 1970 3139 hand
1995 3090 2150 3144 dubie
2175 3096 2296 3141 sunt
2311 3088 2545 3152 opsonia,

1479 3168 1641 3230 olera,
1679 3167 1939 3231 pisciculi,
1975 3171 2074 3216 ἅτε.
2144 3166 2327 3214 Curare
2366 3171 2554 3220 autem⁴

1479 3259 1619 3308 soepe
1643 3243 1858 3293 verbum
1896 3250 1979 3292 est
2019 3241 2089 3290 ad
2123 3241 2347 3291 culinam
2384 3241 2545 3306 perti-

1478 3335 1630 3383 nens,
1646 3327 1701 3370 et
1723 3320 1776 3369 in
1799 3318 1890 3369 illo
1911 3331 2103 3382 genere
2124 3318 2412 3383 proprium.
2442 3318 2554 3374 Τὼ,

1479 3406 1614 3449 rent.
1637 3400 1814 3451 Plaut.
1850 3399 2022 3450 Faber.
2545 3443 2550 3448 .

1552 3477 1645 3527 Vos
1669 3476 1836 3526 isthac
1853 3475 1982 3525 intro
2003 3473 2211 3538 offerte]
2246 3474 2308 3523 In
2337 3475 2426 3524 hoe
2444 3487 2541 3524 sce·

1476 3569 1540 3603 aa
1561 3555 1661 3603 lioec
1683 3554 1836 3603 eii-las
1856 3557 1947 3615 est,
1975 3556 2031 3601 ut
2068 3551 2339 3614 argumenta·
2373 3567 2544 3602 nmo-

1479 3632 1606 3681 tione
1625 3631 1749 3680 actio
1770 3629 1950 3679 scenico
1968 3629 2205 3690 videatur,
2225 3633 2280 3677 at
2311 3628 2415 3679 sine
2437 3627 2545 3689 sas-

1475 3707 1597 3757 sidio
1632 3709 1801 3770 longus
1819 3720 1973 3757 sermo
1990 3706 2077 3770 sit,
2109 3720 2165 3755 nc
2184 3705 2349 3756 senilis
2369 3705 2540 3758 oratio.

1476 3786 1741 3835 Donatus.
2387 3819 2394 3824 ,
2547 3831 2552 3834 .

1552 3860 1646 3910 Vos
1663 3858 1852 3922 isthaeo]
1890 3858 2015 3908 Hoec
2035 3873 2171 3909 uena
2185 3873 2276 3921 pro
2295 3872 2546 3922 arg-amen·

1477 3937 1522 3990 ti
1542 3938 1815 3987 narratione
1831 3936 2132 4001 proponitur,
2151 3935 2206 3984 in
2242 3952 2334 3999 qua
2356 3935 2544 3995 sanda·

1478 4003 2113 4074 mutosobuloejociantur:
2145 4018 2200 4062 ut
2220 4011 2396 4061 circata
2418 4010 2543 4060 Ροδ-

1478 4098 1562 4156 ta,
1589 4092 1688 4142 siae
1710 4091 1866 4157 officio
1884 4088 2093 4153 prologi,
2115 4090 2189 4138 vel
2210 4089 2322 4135 θεῶν
2339 4083 2434 4135 ἀπὸ
2452 4103 2550 4146 pm

1477 4172 1648 4234 χανῆς,
1679 4174 1727 4219 et
1769 4168 2034 4233 periocham
2070 4164 2305 4214 oomoediae
2339 4163 2542 4227 popalus

1478 4251 1656 4309 teneat,
1677 4251 1724 4295 et
1761 4260 1837 4296 res
1873 4243 1958 4305 agi
1995 4243 2167 4306 mgis,
2192 4240 2543 4305 mumurati

1477 4323 1711 4374 videatur.
1747 4320 1914 4374 Idem.
