3035 4941
504 332 694 438 1164<
721 411 733 431 ὁ,

508 532 593 578 ret
624 525 678 577 in
715 526 926 580 latebris
960 524 1099 591 apud
1130 524 1353 577 vicinum
1379 523 1560 589 proxi-

505 616 662 666 mum,
685 604 784 655 hoc
805 603 958 654 modo
990 617 1165 656 secum
1187 601 1410 652 habebat
1432 601 1557 651 assi·

506 677 610 728 due
652 680 796 730 nullo
836 679 1061 730 conscio.
1147 678 1430 739 Parietem,
1462 677 1557 742 qui

1202 378 1432 436 NOTJB.
1465 376 1865 438 valuonmu
1908 380 2043 432 uta
2104 431 2109 434 .
2150 429 2155 434 .

1629 524 1872 578 culcavit.
1936 524 2302 591 Interpunctio
2331 525 2443 577 sive
2468 524 2541 578 ita
2571 525 2710 591 fiat„

1626 615 1816 652 cuasam
1835 602 1991 653 dicere
2007 602 2142 667 prius
2158 604 2279 653 uude
2295 604 2495 667 petitur,
2517 618 2690 654 aarum

1627 693 1774 743 quare
1812 680 1883 729 sit
1916 694 2050 729 suum
2065 695 2087 737 ,·
2112 680 2265 743 sive,
2295 694 2486 731 camon
2525 680 2690 732 diem

505 755 703 807 medius
724 757 860 809 iuter
880 757 1085 807 domum
1107 755 1277 805 mariti
1301 770 1363 805 ac
1398 755 1573 805 uicini⁷
1619 755 1761 818 prius
1782 756 1902 805 unde
1924 756 2110 819 petitur
2135 770 2491 820 umqum-e
2519 758 2710 815 sitm-,-

507 830 699 895 fuerat,
740 833 815 885 ita
835 832 1086 899 perfodit,
1104 839 1163 882 ut
1184 832 1235 881 in
1257 832 1368 895 ipso
1391 837 1575 882 trans·.

500 906 580 957 itu
636 923 833 976 sacrum
887 911 1058 960 locum
1107 923 1221 959 esse
1274 908 1556 959 simularet.

504 983 735 1050 Cumque
771 986 1044 1042 transitum
1079 984 1377 1036 intenderet
1404 986 1555 1036 sertis

506 1075 569 1109 ac
592 1059 776 1113 fronde
814 1060 974 1123 felici,
1005 1075 1114 1110 rem
1146 1060 1370 1118 divinam
1409 1074 1554 1124 saepe

502 1134 718 1201 faciens,
770 1137 1020 1187 evocabat
1054 1137 1121 1186 ad
1176 1150 1233 1185 se
1288 1136 1556 1200 virginem.

501 1210 656 1263 Quod
710 1227 825 1264 cum
875 1212 1323 1263 animadvertisset
1356 1211 1556 1262 adoles·

502 1301 647 1351 cens,
670 1289 887 1351 primum
911 1298 1129 1353 aspectu
1152 1291 1379 1355 pulchrae
1403 1289 1554 1354 virgi-

503 1362 600 1426 nis,
621 1365 763 1415 velut
782 1366 1003 1418 numinis
1031 1366 1144 1429 visu
1181 1366 1442 1430 perculsus
1462 1381 1573 1416 ex-.

499 1438 735 1498 horruitz
787 1442 923 1492 unde
978 1443 1187 1509 Phasma
1238 1449 1318 1492 est
1364 1457 1553 1493 nomen

499 1514 710 1568 fabulae.
748 1517 937 1568 deinde
976 1519 1220 1582 paulatim
1246 1534 1303 1567 re
1325 1518 1552 1583 cognitu,

497 1595 698 1658 exarsit
736 1594 790 1643 in
827 1609 1052 1645 amorem
1098 1595 1323 1659 puellae:
1374 1595 1449 1644 ita
1491 1601 1553 1645 ut

498 1670 782 1721 remedium
823 1679 983 1721 tantae
1006 1671 1326 1735 cupiditatis,
1363 1670 1552 1720 nisiex

500 1749 709 1812 nuptiis,
729 1764 829 1799 non
853 1750 1187 1814 reperiretur.
1220 1749 1306 1799 Ita
1326 1763 1393 1798 ex
1414 1764 1551 1800 com·

496 1823 652 1874 modo
673 1825 849 1874 matris
871 1840 932 1875 ac
963 1823 1195 1889 virginis,
1230 1832 1287 1874 et
1323 1838 1391 1874 ex
1429 1831 1570 1883 voto,

498 1901 759 1965 amatoris,
800 1915 1152 1966 consensuque
1198 1902 1380 1964 patris,
1418 1916 1550 1967 nup-7

497 1974 689 2040 tiarum
738 1977 1112 2036 celebratione,
1146 1975 1299 2028 finem
1356 1979 1549 2043 accipit

495 2050 685 2105 fabula.
751 2056 936 2106 Utrum
959 2070 1086 2120 ergo
1107 2058 1205 2110 boc
1228 2056 1390 2119 dicat,
1408 2058 1549 2123 quod

497 2137 659 2181 totam
695 2129 920 2184 fabulam
957 2132 1335 2197 transferendo,
1354 2134 1551 2185 laeserit

494 2206 557 2257 1..
579 2208 855 2262 Lavinius;
889 2223 953 2260 sn
975 2209 1073 2259 hoc
1095 2215 1317 2272 tantum,
1346 2210 1412 2259 de
1445 2225 1561 2275 quo

494 2284 864 2347 reprehendat,
903 2285 992 2335 sed
1018 2286 1095 2334 his
1126 2285 1285 2349 signis
1318 2287 1446 2336 velit
1468 2301 1548 2337 os·

495 2359 733 2422 tendere,
770 2375 922 2423 quem
960 2360 1103 2411 dicat
1134 2362 1319 2411 vitiose
1345 2363 1565 2416 Thema..

494 2445 601 2486 rum
624 2436 1002 2499 composuisse3
1037 2444 1095 2487 ut
1128 2437 1182 2487 in
1221 2437 1455 2489 Thesauro
1477 2439 1548 2490 sit

495 2513 671 2574 culpa,
691 2527 791 2562 non
814 2513 868 2562 in
894 2514 1176 2564 Phasmate?
1213 2517 1470 2565 Donatus.

519 2640 524 2648 ,
562 2589 708 2639 Nunc
749 2604 896 2654 nuper
928 2589 1083 2652 dedit]
1125 2590 1308 2653 Nuper,
1342 2605 1409 2640 ex
1442 2593 1546 2643 illis

496 2649 669 2714 verliis
692 2675 791 2728 est,
813 2681 929 2730 quae
960 2672 1163 2715 veteres
1191 2674 1405 2731 propter
1438 2682 1544 2718 am-

493 2741 799 2804 biguitatem
837 2756 953 2791 cum
992 2741 1285 2805 adjectione
1322 2744 1548 2808 profere-

495 2818 641 2868 bant.
679 2833 803 2871 uam
842 2819 941 2868 nisi
977 2819 1228 2869 adderet:
1264 2834 1415 2870 nunc.-
1446 2820 1558 2871 hoc.

489 2907 657 2957 nuper,
691 2895 831 2958 olim,
864 2894 1085 2959 pridem,
1119 2903 1177 2945 et
1204 2896 1317 2959 jam
1352 2896 1564 2960 signifi-0

493 2979 681 3021 casset-
707 2972 947 3025 Donatus.

499 3066 503 3069 ·
555 3048 691 3102 Idem
721 3047 981 3103 Menandri
1009 3046 1216 3099 Phasma
1243 3064 1369 3105 nunc
1396 3064 1547 3114 nuper

486 3124 643 3189 dedit]
657 3170 658 3175 ,
673 3125 827 3177 Hanc
859 3124 1082 3176 fabulam
1117 3131 1284 3177 totam
1299 3176 1302 3179 ,
1318 3125 1549 3192 damnat,

486 3208 548 3251 ut
565 3209 806 3265 apparet,
824 3201 1034 3251 silentio
1054 3217 1068 3251 ε
1105 3200 1393 3257 The-murum
1404 3218 1548 3269 vero,

486 3290 590 3329 non
617 3283 800 3339 totum,
822 3275 915 3326 sed
936 3290 1004 3325 ex
1034 3291 1140 3329 uno
1162 3279 1295 3328 loco.
1327 3279 1480 3331 Idem.

553 3353 766 3405 Phasma
786 3369 924 3415 nuuc,
941 3353 1048 3416 Sym]
1090 3355 1427 3418 Comoediam,
1454 3371 1545 3407 cu·

476 3429 566 3493 jus
597 3437 955 3494 argumentum
985 3430 1112 3482 satis
1142 3432 1351 3496 longum
1381 3432 1547 3484 refert

486 3506 679 3557 Donat.
710 3506 999 3556 Famubius.

552 3587 616 3632 10
645 3582 805 3646 Atque
834 3581 887 3630 in
921 3583 1158 3635 stenaro
1192 3586 1401 3650 scripsit,
1432 3602 1543 3639 euu-

480 3674 582 3711 sum
597 3660 776 3723 dicere]
801 3660 1122 3717 Theman-um
1137 3664 1306 3733 Latini
1320 3673 1542 3732 veteres,

485 3737 764 3791 secundnm
796 3738 1038 3803 Graecos,
1057 3741 1169 3791 sine
1188 3757 1221 3792 n
1248 3743 1402 3797 litera
1423 3760 1555 3810 prom

484 3812 740 3865 ferebant.
754 3859 762 3866 .
774 3815 1008 3866 Donatus.

545 3889 703 3954 Atque
739 3892 795 3941 iu
832 3892 1069 3942 Thesauro
1106 3895 1315 3959 scripsit,
1349 3911 1540 3947 causum

484 3965 659 4028 dicere,
695 3965 805 4031 fisa]
852 3967 1010 4018 Prius
1047 3968 1115 4019 de
1151 3971 1327 4031 verbis
1366 3973 1540 4038 aliqua

483 4043 799 4097 notabimus.
825 4045 1117 4097 maumam
1137 4045 1415 4112 (θησαυρὸν)
1446 4062 1540 4112 po·

481 4120 585 4173 tius
605 4134 759 4186 quam
779 4121 1104 4187 theanum,
1126 4123 1263 4188 quod
1285 4125 1540 4188 posterio-

481 4196 552 4245 ris
571 4196 748 4247 saeculi
769 4202 871 4262 est,
894 4198 1052 4251 scribi
1072 4205 1335 4264 oportere,
1356 4206 1413 4251 et
1429 4203 1548 4253 Do-

479 4277 631 4327 ustus
652 4273 873 4343 monuit,
899 4282 960 4328 et
981 4275 1221 4345 Gazetae
1249 4279 1438 4332 merito
1458 4278 1551 4345 in-ss.

1625 845 1706 880 um
1720 848 1738 882 .-
1771 845 1948 881 sensus
1966 838 2142 882 tamen
2164 832 2440 888 mutandus
2461 847 2566 882 non
2588 840 2690 887 est·

1626 907 1716 971 qni
1738 908 1858 958 talis
1876 914 1987 959 est:
2015 909 2156 972 prius
2177 923 2296 959 eum
2311 908 2450 960 uude
2465 909 2713 973 petitur,.

1628 982 1681 1032 id
1727 990 1824 1047 est,
1858 999 2000 1034 reum
2039 998 2249 1038 causam
2286 984 2483 1046 dicere,
2524 998 2711 1050 quate*

1622 1059 1917 1109 thesaurum
1944 1095 1945 1100 ,
1986 1075 2135 1116 suum
2192 1074 2311 1114 esse
2372 1061 2709 1122 contendat„

1629 1149 1780 1199 qnam
1821 1136 1908 1186 ille
1946 1137 2034 1201 qui
2072 1137 2212 1201 petit
2247 1135 2449 1202 (actor)
2476 1136 2709 1194 demon-2

1626 1217 1864 1273 strasset,
1885 1212 2020 1263 unde
2044 1213 2140 1264 sibi
2163 1213 2454 1264 vindicaret
2475 1214 2690 1268 thesau-

1627 1302 1760 1350 rum,
1777 1303 1851 1339 sc.
1869 1304 1963 1339 cur
1977 1290 2244 1344 thesaurus
2267 1290 2366 1356 ipsi
2388 1290 2715 1344 deberetur.»

1624 1367 1747 1414 uude
1765 1366 1965 1427 petitur,
1992 1365 2046 1415 id
2083 1373 2182 1429 est,
2215 1367 2259 1417 is
2292 1368 2431 1419 unde
2467 1368 2692 1432 petitur,

1626 1454 1746 1489 rens
1769 1449 1879 1490 est:
1912 1442 1994 1505 qui
2009 1443 2156 1506 petit,
2178 1443 2397 1508 petitor,
2418 1452 2588 1496 actor.
2692 1456 2706 1462 ‘

1693 1516 1896 1581 objicit
1930 1532 2053 1582 ergo
2069 1520 2342 1570 Terentius
2362 1521 2555 1572 Luscio
2591 1521 2709 1574 Ian-22

1626 1591 1762 1642 vinio
1786 1594 2080 1645 adversario
2102 1610 2213 1657 suo,
2234 1595 2373 1661 quod
2405 1596 2459 1650 in
2481 1597 2705 1650 Com*

1626 1666 1710 1718 dia
1731 1670 1816 1719 cui
1837 1670 2105 1721 Thesauro
2130 1672 2336 1723 titulum
2358 1672 2526 1736 dedit,
2546 1672 2706 1725 ordi-2

1624 1757 1741 1795 nam
1753 1744 1887 1808 juris
1924 1753 1980 1804 et
2011 1747 2440 1800 consuetudinem
2454 1747 2688 1812 judicio·

1596 1825 1737 1870 'rum
1773 1823 2123 1885 perverterit:
2174 1822 2229 1873 in
2261 1837 2346 1884 eo,
2377 1823 2707 1886 qnodreunr

1624 1897 1789 1961 primo
1802 1899 1917 1949 loco
1938 1914 2144 1950 causam
2163 1900 2339 1950 dicere
2362 1898 2573 1963 fecerit,
2594 1914 2700 1959 ιω,

1626 1980 1833 2039 tequam
1857 1983 2005 2026 actor
2028 1975 2375 2026 intentionem
2394 1990 2540 2030 suam
2567 1990 2690 2039 pro-

1623 2051 1817 2106 basset.
1840 2054 1990 2107 Sicut
2004 2062 2177 2108 autem
2196 2056 2411 2104 Luscius
2430 2054 2519 2104 ille
2533 2053 2707 2106 Lavi-⁸

1621 2129 1736 2179 nius
1747 2131 1958 2180 Phasma
1975 2146 2121 2182 suum
2134 2145 2197 2181 ex
2210 2130 2699 2183 Menandrotrans·‚
2730 2165 2733 2168 Δ

1622 2207 1843 2268 tulerat;
1860 2256 1864 2260 ⁴
1884 2208 1964 2264 ita
1995 2208 2131 2260 idem
2161 2208 2213 2257 in
2250 2207 2486 2256 Thesauro
2523 2205 2686 2256 fecis-

1624 2296 1681 2332 se
1701 2284 1984 2347 colligitur,
2007 2298 2125 2333 cum
2154 2283 2377 2334 sciamus
2398 2282 2685 2334 Menandri

1622 2359 1801 2411 drama
1822 2361 1919 2412 hoc
1942 2361 2192 2411 vocabulo
2214 2359 2467 2414 extitisse.
2506 2358 2698 2416 Quod.

1622 2443 1794 2489 autem
1837 2437 1919 2488 hic
1955 2443 2277 2502 praepostere
2319 2436 2373 2497 iu
2415 2436 2699 2489 Thesauro.

1621 2511 1815 2564 factum
1839 2514 2085 2577 arguitur,
2109 2513 2239 2562 illud
2260 2526 2586 2577 nequaquam
2610 2511 2693 2565 ad,

1619 2589 1896 2641 Menandri
1935 2589 2253 2638 Thesaurum
2296 2589 2549 2652 pertinet,
2587 2587 2683 2641 sed

1621 2667 1686 2716 ad
1705 2667 1884 2718 Luscii
1900 2667 2125 2718 Lavinii.
2146 2667 2235 2731 qui
2251 2682 2319 2718 ex
2335 2667 2470 2718 bona
2485 2669 2693 2727 firm:

1618 2741 1809 2803 fabula,
1824 2759 1927 2799 non
1939 2744 2123 2795 bonam
2137 2744 2267 2795 fecit
2277 2746 2537 2797 Latinam.
2558 2745 2613 2797 N
2617 2763 2691 2799 ee

1617 2817 1811 2870 frustra
1831 2821 1927 2871 hoc
1951 2835 2232 2875 monemus.
2692 2866 2697 2871 .

1681 2894 1785 2944 Sed
1808 2910 2129 2960 apponemus
2160 2898 2262 2949 huc
2285 2904 2451 2948 totam
2472 2914 2683 2952 causam

1617 2984 1685 3020 ex
1704 2972 1917 3025 Donato
1941 2979 1998 3025 et
2014 2973 2329 3038 Eugraphio.
2365 2976 2555 3026 Donati
2569 2977 2697 3027 lime:

1617 3053 1698 3098 est
1710 3051 1979 3114 annotatio
1990 3065 2005 3100 ι
2019 3048 2530 3114 ‘Arguit'l'erentins,
2542 3051 2682 3116 quod

1617 3123 1830 3177 Luscius
1839 3133 1959 3176 cont
1967 3126 2459 3182 raconsuetudiuem
2474 3129 2683 3193 litigan-

1618 3201 1764 3265 tium,
1784 3199 2132 3255 defensionem
2151 3211 2273 3257 ante
2294 3205 2694 3259 accusationem.

1616 3277 1895 3334 induxerit.
1915 3278 2228 3343 Hujusmodi
2246 3280 2383 3330 enim
2393 3288 2471 3331 est
2487 3280 2691 3335 Luscii’-

1615 3353 1793 3417 (nota,
1813 3366 1914 3409 non
1939 3354 2236 3417 Menandri,
2254 3356 2344 3420 qui
2365 3356 2521 3407 aliter
2543 3356 2682 3409 ordi·

1618 3430 1896 3494 naver-at)‘
1917 3437 2292 3494 argumentum.
2344 3432 2682 3499 Adolescens,
2714 3488 2719 3491 Α

1619 3507 1830 3571 quirem
1853 3505 2158 3559 familiarem
2174 3509 2238 3558 ad
2259 3509 2540 3574 nequitiam
2560 3526 2683 3576 prm.

1615 3582 1850 3647 degerat,
1871 3598 2076 3635 servum
2099 3584 2266 3636 mittit
2287 3585 2355 3637 ad
2379 3589 2553 3651 patris*
2566 3604 2676 3647 mo-

1615 3669 1936 3719 numentum,
1980 3662 2119 3728 quod
2173 3677 2334 3714 senex
2389 3665 2487 3716 sibi
2516 3667 2689 3718 ,νῖψαι-

1613 3738 1809 3800 magnis
1870 3739 2057 3801 opibus
2109 3750 2476 3804 apparaverat,
2519 3750 2580 3794 nt
2625 3745 2699 3795 id

1615 3815 1860 3879 aperiret,
1883 3815 2119 3866 illaturus
2148 3817 2352 3881 epulas,
2375 3833 2500 3883 quas
2522 3826 2680 3884 pater

1615 3896 1736 3953 post
1757 3905 1941 3941 annum
1962 3891 2219 3943 decimum
2243 3902 2459 3947 caverat
2480 3897 2582 3955 ,sihi
2603 3898 2680 3947 in·

1611 3964 1772 4018 ferri.’
1803 3968 1929 4033 (hoc
1950 3967 2064 4032 ipso
2083 3968 2224 4020 haud
2257 3969 2418 4021 dubie
2437 3974 2677 4032 consilius

1611 4050 1674 4093 ut
1694 4044 2018 4107 reperiretur
2040 4045 2356 4112 thesaurus.)
2395 4049 2413 4077 ‘
2428 4049 2538 4107 Sed
2558 4065 2683 4105 eum,

1613 4134 1814 4184 agrum,
1833 4119 1886 4170 in
1908 4136 2008 4186 quo
2026 4129 2420 4175 monumentum
2440 4132 2579 4189 erat,
2597 4140 2685 4183 σου,

1612 4210 1715 4246 nex
1751 4192 1958 4262 quidam
1987 4210 2189 4257 :avarus
2228 4198 2295 4251 ab
2337 4201 2675 4259 adolescente

1612 4287 1828 4345 emerat.
1892 4282 2081 4345 Servus
2104 4282 2171 4335 ad
2198 4282 2686 4350 ,aperiendummoa
