3035 4941
524 367 697 435 1112

524 536 674 592 gnato
694 539 749 582 ut
768 535 846 583 det
866 548 963 583 oro.
998 548 1074 583 νε.
1105 537 1187 581 14.
1227 531 1360 580 duo:
1401 533 1587 593 optume

527 608 721 674 inquam
740 611 931 669 suctum
963 616 1048 660 est.
1093 625 1167 658 vs.
1205 613 1285 659 22.
1321 622 1450 656 unus
1488 621 1585 670 pro

512 684 641 748 juni,
662 687 735 735 ita
753 689 961 750 perturb.
985 687 1158 737 omnia.
1185 701 1259 735 vs.
1283 690 1363 734 25.
1381 698 1582 734 omnes:

527 762 843 815 hema-statio.
870 780 946 814 vs.
967 769 1050 813 27.
1066 778 1226 812 unus:
1260 762 1446 811 utinam
1466 767 1583 811 esset

526 839 709 902 aliquid
722 841 951 905 mihi,quo
965 856 1036 889 me
1045 841 1237 903 precip.
1253 842 1431 888 darem.
1454 840 1533 888 Pe
1539 854 1586 887 r-

525 930 667 966 sonae
724 917 847 967 huic
902 933 1073 967 scenae
1132 916 1544 980 praescribuntur
1569 931 1583 965 t

529 993 716 1056 Davus,
738 994 894 1057 Simo,
913 996 1169 1051 Chremes,⁸
1208 1010 1272 1043 ex
1288 1008 1391 1058 quo
1414 995 1586 1058 Typo·

528 1072 709 1134 graphi
733 1086 912 1121 errore
935 1071 1107 1122 factus
1130 1079 1211 1121 est
1238 1072 1492 1120 Charinus.

595 1148 802 1198 Falsum
834 1157 913 1198 est
933 1156 1105 1198 autem
1128 1150 1350 1209 omnino,
1372 1148 1509 1213 quod
1531 1146 1586 1196 in

528 1222 726 1272 Donati
749 1219 1119 1274 co‘mmentario
1158 1224 1223 1272 ad
1262 1224 1460 1272 initium
1494 1223 1587 1272 hu·

519 1300 608 1363 jus
647 1315 720 1351 sc.
762 1302 1039 1352 inseritur:
1079 1306 1094 1330 ⁴
1118 1304 1284 1352 Locus
1330 1302 1442 1364 est:
1481 1305 1582 1351 διο.

530 1377 693 1426 Nulla
730 1378 897 1428 adhuc
938 1373 1158 1442 παρακμὴ
1199 1381 1287 1436 τῆς
1332 1376 1587 1427 eurardum

527 1452 745 1516 cogitari
790 1463 968 1519 potest
1011 1456 1108 1505 hoc
1147 1457 1297 1504 loco:
1349 1470 1433 1509 res
1473 1456 1588 1519 ipsa

528 1530 770 1593 loquitur.
807 1533 1062 1582 Boeclerus.
1109 1569 1112 1572 -

590 1607 782 1670 Davus]
849 1609 1018 1658 Davus
1061 1615 1113 1657 at
1163 1614 1289 1658 recte
1329 1608 1586 1669 scribatur,

527 1684 690 1733 Davos
711 1686 1005 1746 scribendum
1025 1693 1093 1735 est
1112 1703 1128 1734 .·
1163 1686 1273 1749 quia
1295 1686 1424 1734 nulla
1445 1687 1586 1735 litera

525 1762 701 1824 vocalis
735 1765 978 1823 geminata
1013 1779 1156 1812 unam
1176 1762 1307 1823 facit
1340 1763 1584 1826 syllabam,

528 1837 624 1885 Sed
646 1840 757 1902 quia
787 1841 1072 1902 ambiguitas
1103 1841 1303 1890 vitanda
1337 1845 1407 1888 est
1436 1840 1587 1888 nomi-

526 1915 680 1963 nativi
713 1916 972 1979 singularis
1006 1923 1053 1967 et
1089 1917 1346 1967 accusativi
1368 1917 1586 1982 pluralis,

526 1993 786 2042 necessario
813 2010 902 2056 pro
924 1996 1012 2044 lunc
1038 1998 1205 2057 regula
1226 1996 1465 2054 digamma
1489 1983 1586 2043 uti·

525 2086 650 2134 matr,
681 2072 890 2135 DaFus‚
924 2074 1124 2133 serFus,
1160 2073 1359 2133 Fulgit-s,
1387 2072 1587 2120 corFas.

528 2149 784 2199 Donatus.

593 2231 619 2275 1
657 2228 737 2275 Aa
757 2233 803 2276 te
820 2226 970 2289 ibam]
1004 2228 1159 2276 Locus
1181 2231 1268 2289 est,
1287 2226 1339 2274 in
1369 2241 1458 2288 quo
1478 2227 1587 2286 jam

525 2304 585 2350 ad
616 2303 867 2352 discrimen
889 2305 1003 2353 nauli
1019 2307 1246 2366 perducta
1268 2303 1507 2362 comoedia,
1534 2303 1586 2349 in

525 2378 762 2426 mliorem
792 2385 979 2442 partem
1002 2381 1110 2439 jam
1147 2379 1315 2441 incipit
1338 2378 1586 2426 inclinare.

525 2453 693 2506 Idem.

591 2531 674 2579 Aa
703 2538 748 2580 te
784 2532 934 2598 ibam]
966 2533 1232 2582 'Resciscit
1262 2533 1440 2582 Davus
1465 2547 1585 2582 con-

527 2607 641 2658 silia
681 2625 773 2658 sua
812 2612 982 2660 omnia
1019 2613 1072 2659 in
1115 2611 1433 2660 contrarium
1472 2625 1584 2660 esse

527 2701 708 2736 versa:
746 2690 880 2737 uude
916 2689 1055 2753 apud
1109 2704 1257 2739 senes
1293 2690 1418 2739 licet
1454 2689 1587 2739 bene

525 2762 837 2825 dissimulet,
852 2780 966 2814 sese
986 2772 1155 2814 tamen
1174 2767 1407 2830 perditus
1428 2775 1587 2831 atque

524 2839 947 2904 desperabuudus
972 2843 1200 2892 damnat.
1234 2843 1521 2896 Farnabius.

589 2920 971 2984 Adoesperascit]
1012 2920 1186 2970 Noctu
1209 2936 1337 2970 uxor
1354 2921 1586 2971 duceba-

523 3002 614 3043 tur
636 2996 862 3046 domum.
901 2997 1050 3047 Idem.

588 3076 618 3120 3
656 3073 764 3132 Ego
806 3075 983 3123 dudum
1016 3074 1233 3123 nonnihil
1268 3074 1458 3123 veritus·
1480 3090 1583 3123 sum

1231 384 1446 432 No'rAE

523 3149 663 3200 Dave
683 3152 858 3215 abste]
896 3152 1115 3215 Semper
1145 3151 1316 3214 gravis
1353 3151 1587 3215 inceptio

522 3231 787 3289 orationis,
806 3247 919 3296 quae
943 3231 1210 3281 exordium
1230 3232 1387 3281 sumit
1411 3248 1441 3280 a
1465 3247 1584 3300 pro-

521 3308 727 3357 nomine
743 3324 829 3370 ego
846 3327 863 3356 .·
886 3315 961 3368 ut,
981 3310 997 3337 ‘
1016 3309 1129 3371 Ego
1149 3314 1204 3358 te
1222 3323 1337 3372 quae
1360 3309 1585 3371 plurima

521 3382 711 3435 fando’
746 3391 817 3446 et,
853 3387 873 3413 '‘
894 3387 1007 3447 Ego
1040 3391 1313 3450 postquam
1350 3393 1404 3435 te
1427 3387 1528 3436 emi
1554 3403 1585 3436 a

520 3459 774 3524 parvulo!
812 3461 1048 3511 Donatus.

607 3538 714 3598 Ego
757 3539 957 3601 dudum]
1008 3537 1277 3587 Adverbia
1332 3542 1585 3603 temporis

436 3616 440 3621 '
520 3618 610 3662 aut
644 3621 791 3663 certa
828 3623 966 3675 sunt,
1003 3622 1061 3663 ut
1091 3614 1269 3677 hodie,
1305 3630 1450 3676 cras;
1491 3626 1584 3668 ant

519 3691 742 3750 incerta,
785 3698 844 3740 ut
888 3691 1101 3754 dudum,
1138 3706 1324 3756 nuper.
1393 3694 1583 3759 Itaque

520 3768 736 3818 incertis
768 3777 967 3819 certum
1008 3770 1218 3821 additur
1246 3779 1486 3835 tempus:
1526 3781 1584 3823 ut

511 3849 623 3911 jam
645 3848 858 3907 dudum,
882 3865 1016 3899 nunc
1039 3864 1225 3914 nuper.
1257 3851 1407 3902 Idem.

588 3925 820 3975 Nonnihil
856 3927 1035 3976 veritus
1069 3940 1171 3976 snm
1210 3929 1351 3978 Dave
1388 3929 1473 3978 abs
1507 3929 1581 3992 te]

516 4001 780 4068 Breviter,
802 4018 895 4067 pro
919 4005 1114 4055 veritus
1149 4019 1216 4054 ne
1248 4004 1374 4069 quid
1408 4005 1500 4055 abs
1528 4014 1581 4056 te

516 4078 698 4130 fieret:
747 4080 825 4131 sic
862 4089 922 4130 ut
959 4095 1133 4144 supra,
1169 4081 1318 4130 ‘Heu
1358 4082 1523 4130 metui
1551 4097 1582 4132 a

517 4156 807 4220 Cl1ryside.’
874 4158 945 4207 Et
984 4158 1190 4220 Cicero,
1229 4157 1420 4208 ‘Quod
1462 4172 1581 4221 pre-

519 4243 669 4285 catus
708 4252 816 4286 sum
851 4252 880 4285 a
910 4236 1009 4286 diis
1033 4236 1411 4286 immortalibus
1430 4240 1463 4285 :’
1487 4251 1583 4300 pro

519 4329 582 4364 eo
601 4316 736 4380 quod
773 4321 874 4378 est,
908 4330 1023 4379 quae
1047 4328 1077 4363 a
1102 4314 1202 4363 diis
1228 4313 1379 4379 petii,
1399 4328 1582 4377 preca-

1497 383 1898 433 VAmoRuM
1951 383 2029 430 IN

1666 534 1747 578 tus
1765 544 1867 579 eos.
1904 530 2056 580 Idem.

1728 606 1800 656 D.
1833 606 1913 655 Ad
1934 612 1982 656 te
2001 606 2146 656 ibam.
2182 600 2236 658 S.
2263 606 2485 670 quidnam
2517 612 2621 657 est?
2652 609 2724 658 D.

1666 682 1766 732 Cur
1785 697 1906 733 uxor
1927 698 2020 733 non
2038 682 2326 733 accersitur?
2344 683 2454 745 jaon
2472 685 2723 749 advesper-

1661 760 1798 810 mit.
1843 762 1898 810 S.
1933 760 2079 811 audin
2110 766 2166 810 tu
2200 761 2333 811 wem
2350 767 2371 810 ,θ
2402 763 2512 823 Ego
2546 764 2727 811 dudum

1659 839 1875 887 nonnihil
1915 838 2096 889 veritus
2126 853 2233 888 sum
2269 838 2410 888 Dave
2446 840 2531 888 aba
2567 844 2635 902 te,
2666 855 2727 889 ne

1649 913 1840 973 faceres
1858 913 2008 977 idem]
2024 915 2290 965 Donatum
2309 930 2469 980 super
2488 915 2727 966 hocloco

1661 991 2014 1042 consideranti
2047 992 2388 1056 ‘apertissime
2433 994 2601 1058 liquet
2651 994 2727 1043 le-

1661 1068 1802 1131 gisse
1836 1084 1954 1118 eum
1986 1069 2098 1119 sine
2130 1069 2235 1120 illis
2258 1069 2449 1134 verbis,
2470 1071 2728 1132 πείσοιντο

1659 1146 1814 1196 idem:
1852 1147 1930 1196 sic
1967 1147 2103 1197 enim
2143 1148 2238 1211 ait,
2276 1148 2512 1198 Nonnihil
2544 1149 2728 1198 ver-itus

1660 1238 1762 1272 sum
1810 1224 1952 1273 Dave
1997 1223 2081 1272 abs
2131 1229 2196 1273 te.
2300 1222 2567 1286 Breviter,
2624 1238 2725 1289 pro

1661 1298 1854 1348 veritus
1887 1313 1952 1348 ue
1988 1298 2110 1365 quid
2145 1299 2239 1348 abs
2279 1307 2333 1349 te
2354 1298 2552 1349 fieret:
2592 1301 2730 1351 sicut

1661 1390 1835 1437 supra,
1888 1377 1903 1402 ‘
1926 1375 1990 1424 Ei
2022 1375 2182 1424 metui
2202 1391 2234 1424 a
2257 1375 2510 1440 Chryside
2532 1376 2568 1426 :²
2611 1378 2728 1436 haec

1662 1451 1938 1500 Donatus:
1985 1450 2079 1500 sed
2139 1451 2306 1500 verbis
2347 1452 2452 1500 illis
2496 1450 2730 1516 demptis

1663 1528 1919 1592 quomodo
1983 1543 2160 1577 versus
2227 1528 2452 1578 ordinari
2507 1529 2734 1594 possint,

1662 1604 1871 1653 nescio:
1911 1618 2068 1669 quare
2104 1605 2531 1669 quemadmodum
2557 1607 2611 1655 in
2634 1607 2727 1656 im-

1664 1680 1854 1741 pressis
1893 1688 1993 1743 est,
2029 1681 2405 1746 relinquemus;
2447 1684 2524 1733 ita
2559 1691 2619 1734 ut
2640 1686 2733 1735 he-

1663 1755 1976 1806 mistichium
2034 1761 2296 1821 compleat
2354 1758 2730 1824 imperfectum

1664 1845 1866 1882 versum
1911 1835 2260 1897 praecedentis
2306 1850 2514 1887 scenae:
2561 1845 2623 1888 nt
2662 1839 2732 1888 sit

1664 1916 1973 1962 tetrameter
2016 1915 2406 1966 catalecticus:
2462 1916 2560 1981 qui
2606 1931 2730 1965 vero

1663 1988 1901 2053 sequitur
1945 1991 2489 2057 hypercatalecticus,
2523 1999 2585 2045 et
2622 1996 2731 2060 ,qui

1665 2075 1786 2130 post
1826 2068 1961 2118 hunc
1998 2076 2079 2120 est
2117 2071 2515 2137 acatalecticuS,
2547 2087 2730 2123 omnes

1661 2145 1886 2195 iambici.
1925 2146 2158 2196 Fuimus.
2446 2173 2449 2176 ·

1723 2225 1755 2269 4
1795 2222 1932 2277 Quod
1953 2224 2118 2283 volgus
2135 2237 2374 2273 serrorum
2387 2223 2528 2287 solet]
2541 2226 2731 2275 Totum

1664 2313 1778 2348 cum
1800 2301 2169 2349 extenuatione
2205 2301 2443 2364 protulit,
2481 2309 2731 2366 tanquam

1664 2380 1750 2441 qui
1794 2376 2119 2427 satisfactum
2171 2379 2397 2429 voluerit
2440 2380 2615 2444 Davo,
2665 2380 2732 2430 ob

1663 2455 2050 2518 comprobatam
2073 2454 2233 2505 fidem
2254 2456 2388 2519 ejus.
2424 2456 2666 2507 Donatus.

1736 2531 1913 2593 Volgus
1966 2531 2230 2594 servorum]
2291 2533 2444 2582 Servi
2495 2534 2731 2599 plerique

1663 2624 1858 2668 omneS,
1901 2611 2080 2673 astuti,
2113 2609 2331 2673 versuti,
2379 2610 2444 2660 ad
2482 2609 2730 2660 fraudan-

1663 2688 1784 2737 dum
1807 2687 1988 2736 herum
2011 2685 2208 2747 callidi,
2239 2685 2303 2734 ad
2329 2686 2733 2737 comminiscen-

1661 2763 1755 2813 das
1800 2763 2009 2813 fraudes
2055 2771 2110 2812 et
2154 2761 2390 2812 fallacias
2429 2764 2725 2828 ingeniosi:

1660 2841 1886 2889 oderunt
1919 2840 2056 2889 enim
2096 2853 2224 2903 quos
2262 2845 2522 2902 metuunt,
2557 2854 2729 2905 neque

1658 2918 1794 2966 enim
1838 2916 2000 2966 amori
2043 2915 2175 2965 bene
2219 2915 2464 2964 convenit
2509 2930 2629 2966 cum
2662 2919 2730 2966 ti-

1658 3008 1834 3056 ωσι-ες
1867 2993 2007 3041 unde
2045 2992 2377 3055 proverbium
2419 2992 2548 3042 iund
2596 2992 2730 3045 citat

1655 3071 1858 3121 Seneca
1892 3070 2083 3135 Epist.
2125 3073 2207 3119 47.
2283 3070 2299 3097 ‘
2323 3069 2564 3119 Totidem
2612 3085 2730 3121 esse

1657 3149 1865 3212 lnostes,·
1897 3156 2026 3214 quot
2068 3161 2262 3197 servos·
2331 3147 2454 3196 Non
2476 3147 2728 3198 habemus

1655 3227 1770 3276 illos
1791 3227 1985 3291 hostes,
2001 3224 2093 3274 sed
2115 3222 2370 3288 facimus,’
2400 3227 2505 3274 ὅτε.
2536 3225 2728 3275 Furna-

1660 3303 1783 3354 bins.
2588 3342 2595 3352 .-

1725 3389 1754 3431 5
1790 3383 1899 3444 Ego
1939 3381 2064 3429 istuc
2093 3378 2332 3443 facerem]
2384 3378 2584 3428 Omnes
2611 3379 2728 3431 fere

1658 3460 1693 3508 1.
1719 3475 1760 3509 ε.
1800 3459 1992 3508 habeut
2029 3455 2197 3527 egon’:
2229 3455 2306 3504 ita
2339 3455 2502 3504 etiam
2540 3457 2729 3508 melius

1659 3535 1899 3601 procedit
1924 3533 2244 3584 octonarius.
2282 3530 2515 3582 Faernus.

1721 3619 1752 3664 ⁷
1790 3614 1921 3662 Nam
1951 3611 2284 3676 propemodum
2320 3608 2463 3659 habeo
2485 3607 2596 3671 jum
2630 3611 2731 3660 tibi

1641 3689 1818 3756 fidem]
1852 3688 2089 3739 Ridicula
2120 3685 2306 3736 dilatio
2341 3685 2453 3748 ejus
2478 3686 2576 3753 rei,
2608 3702 2728 3753 quaa

1645 3769 1756 3831 jam
1780 3767 1976 3816 dudum
2001 3771 2126 3815 nota
2159 3770 2243 3814 est
2277 3762 2521 3815 auditori.
2554 3764 2723 3817 Dona·

1654 3852 1748 3897 tus.

1723 3923 1852 3974 Nam
1885 3920 2222 3984 propemodum
2254 3916 2399 3968 habeo
2425 3917 2561 3983 jam]
2602 3919 2725 3972 Hoc

1653 4007 1757 4063 est,
1785 4012 1929 4062 prope
1952 3997 2137 4046 modam
2157 4009 2174 4042 .·
2207 3994 2357 4058 cujus
2396 3997 2725 4047 aecusativus

1654 4085 1738 4127 est
1761 4075 1992 4125 amadus.
2026 4071 2195 4122 Idem.

1725 4152 1851 4202 Nam
1856 4150 2185 4214 propemodum
2192 4148 2335 4197 habeo
2345 4147 2701 4214 tibijmfidem
2709 4186 2723 4201 .

1659 4231 1866 4279 Tandem
1914 4226 2107 4289 agnosci
2144 4225 2226 4289 qui
2262 4224 2405 4289 siem]
2451 4226 2600 4274 Duas
2633 4228 2724 4275 bas

1654 4306 1862 4357 voculas
1874 4310 2176 4367 transpone,
2187 4302 2262 4351 sic
2281 4314 2294 4349 ε
2307 4301 2413 4363 jam
2434 4300 2545 4365 tibi,
2558 4301 2719 4368 idque
