3035 4941
715 389 1115 462 'mensumn
1164 415 1446 468 enonas.
1490 418 1659 471 Αοτ.
1707 422 1754 469 1.
1801 423 1907 474 so.
1955 426 2056 475 iv.

281 554 427 605 cere,
466 558 637 611 neque
671 548 873 603 rursum
910 563 1227 618 praesentem
1258 574 1348 624 op·

280 617 439 679 ‚primi
460 635 491 669 a
509 629 742 686 patreex
757 640 1074 691 argumento.
1107 634 1349 687 Donatus.

352 690 514 758 Atque
528 712 644 761 opas
663 708 737 751 est
752 719 872 753 nunc
887 722 1028 769 quum
1048 710 1274 775 nasim,
1292 718 1349 763 ut

280 768 372 826 sis,
400 769 637 841 Antipho]
676 780 822 842 Apud
841 788 888 833 te
908 785 1232 840 subauditur.
1266 790 1346 840 Id.

349 849 417 896 28
451 848 585 899 Nam
604 855 652 901 si
679 859 880 907 senserit
900 865 949 909 te
969 861 1190 913 timidum
1207 870 1350 929 pater

279 938 406 987 esse,
441 926 755 981 arbitrabitur
782 939 1104 991 commeruisse
1136 942 1346 1008 culpam]

277 998 370 1049 Sic
390 1001 668 1057 Sallustius
703 1008 756 1057 in
793 1012 1051 1077 Historia,
1069 1017 1085 1044 ‘
1105 1017 1194 1068 Ita
1213 1016 1345 1069 fidu-

280 1076 387 1140 cia,
432 1094 586 1143 quam
655 1091 974 1149 argumentis
1017 1095 1346 1159 purgatiores

279 1152 656 1210 dimittuntur.’
689 1163 842 1214 Idem.

347 1232 479 1283 Nam
509 1235 555 1306 si
582 1242 631 1285 te
661 1244 877 1291 senserit·
894 1243 1136 1309 timidum]
1195 1247 1343 1297 Timi-

276 1308 412 1370 dum,
455 1325 551 1374 pro
592 1313 884 1369 timentem.
952 1320 1028 1372 Ut
1051 1323 1338 1387 Virgiliusz

274 1390 291 1411 ⁶
311 1381 479 1436 Addit
502 1402 557 1438 se
581 1391 796 1455 sociam,
832 1396 1126 1464 timidisque
1160 1415 1342 1465 super·

276 1462 426 1512 veuit
448 1464 629 1530 AEgle.'
677 1469 829 1521 Idem.

346 1540 688 1596 Commeruisse
739 1550 944 1615 culpam]
1009 1553 1115 1604 Pro
1153 1557 1343 1607 commi·

275 1617 419 1667 sisse.
452 1620 639 1671 Idem.‘

344 1696 477 1746 Nam
493 1698 539 1747 si
555 1704 603 1749 te
614 1704 840 1768 senserit]
874 1704 944 1757 Ο.
965 1708 999 1757 l.
1022 1724 1064 1759 s.
1085 1715 1142 1759 et
1165 1711 1340 1761 Dona-

274 1778 383 1834 tus,
402 1787 513 1822 nam
528 1776 573 1822 si
587 1779 788 1828 senserit
804 1786 871 1831 te.
892 1791 948 1832 ut
965 1792 1021 1834 et
1039 1785 1202 1851 exigit
1229 1802 1341 1837 ver-

275 1862 387 1898 sus.
424 1849 661 1903 Fa‘e’rnus.
737 1909 741 1912 ,

339 1928 406 1974 29
438 1926 549 1977 Hoc
570 1943 732 1979 verum
754 1931 850 1995 est]
904 1934 1146 1999 Congrue
1168 1935 1247 1994 fit,
1279 1944 1341 1989 ut

271 2007 333 2064 et
355 2001 499 2052 Geta
533 2010 590 2054 et
625 2005 868 2058 Phaedria
894 2012 1195 2064 audaciores
1218 2014 1342 2079 sint,

268 2078 364 2143 qui
400 2086 456 2128 et
491 2078 688 2145 absque
731 2099 905 2135 amore
942 2098 1092 2139 suut:
1151 2082 1206 2140 et
1245 2092 1336 2141 hos

269 2160 488 2217 oportet
532 2156 689 2221 objici
731 2174 827 2224 pro
864 2157 1165 2229 Antiphone
1203 2167 1339 2219 irato

271 2231 406 2282 seni.
446 2232 689 2284 Donatus.
833 2283 836 2286 Α

339 2309 456 2359 Non
491 2326 678 2374 possum
720 2314 1038 2381 immutarier]
1088 2319 1207 2369 Vim
1246 2334 1337 2371 ne·

268 2388 448 2452 gantis
470 2389 568 2440 hoc
590 2390 771 2456 habet,
806 2395 943 2459 quod
974 2395 1048 2446 ait
1069 2398 1336 2449 immutari-

266 2485 355 2521 er.-
401 2469 630 2522 ostendit
667 2473 805 2522 euim
836 2482 1038 2527 naturae
1064 2492 1173 2528 suae
1199 2480 1336 2530 timi-

267 2546 495 2599 ditatem
539 2549 689 2600 nullis
725 2551 1172 2607 adhortationibus
1211 2557 1336 2623 ejici

270 2638 447 2688 posse.
484 2624 636 2677 Idem.
834 2664 843 2667 ι

334 2708 401 2754 30
438 2705 570 2761 Quid
590 2706 783 2764 faceres
813 2708 860 2758 si
879 2709 1010 2760 aliud
1027 2713 1227 2774 gravius
1245 2714 1338 2765 tibi

265 2793 395 2831 nunc
419 2778 704 2841 faciundam
728 2784 889 2848 soret]
922 2788 1069 2837 Bene
1102 2790 1302 2851 gravius
1316 2806 1335 2840 .·

264 2858 395 2923 quia
414 2859 512 2910 hoc
532 2873 687 2922 grave
709 2876 724 2909 ε
759 2868 817 2910 ut
834 2863 1031 2928 videas,
1052 2866 1218 2929 ipsam
1245 2867 1335 2916 ad·

265 2936 617 2988 hortationem
640 2938 743 2988 vim
769 2938 956 2989 habere
978 2943 1334 3007 concedentis,

267 3027 433 3078 grave
456 3029 570 3064 esse
593 3015 727 3079 quod
753 3016 967 3079 geritur.
1001 3019 1153 3068 Idem.

336 3094 399 3139 sl
439 3084 598 3147 Quam
612 3086 802 3142 lt'ocnon
816 3108 1020 3157 possum,
1039 3095 1161 3145 illud
1181 3095 1336 3147 minus

261 3167 472 3233 possem]
511 3168 628 3218 Hoc
654 3169 846 3220 intulit
875 3170 1001 3236 παρὰ
1035 3172 1332 3237 προσδοκίαν.

267 3246 410 3297 Nam
454 3245 736 3297 videbatur
778 3248 874 3298 hac
925 3249 1333 3313 interrogatione

267 3322 465 3375 adduci
489 3338 641 3388 posse
663 3324 729 3373 ad
763 3327 1071 3377 seutentiam
1120 3344 1332 3392 percon-

264 3399 450 3450 tantis.
474 3405 528 3448 et
552 3399 663 3450 haec
688 3416 769 3450 ars
792 3410 877 3452 est
907 3402 1190 3454 dialectica
1210 3419 1333 3454 con-

269 3485 358 3526 tra
379 3476 648 3538 ἐπαγωγὴν,
670 3494 825 3543 quum
848 3481 984 3530 male
1015 3481 1333 3545 responden-

267 3553 363 3617 do,
394 3554 582 3607 callide
614 3555 980 3622 interrogantis
1000 3559 1332 3624 interrumpi-

266 3645 385 3683 mus
410 3639 787 3693 argumentum.
823 3634 974 3686 Idem.

2316 416 2487 484 1629

1425 561 1493 613 de
1528 565 1743 617 consilio
1780 566 2215 634 demittebantur,
2244 587 2488 639 suprema·

1424 640 1568 692 dicta
1588 658 1743 708 quum
1778 636 1948 709 praeco
1977 650 2382 712 pronuntiasset,
2401 654 2484 704 ili-

1422 724 1498 768 cet
1517 735 1535 768 .·
1563 720 1701 784 quod
1724 721 1981 785 significat
2000 726 2072 775 ire
2092 726 2218 778 licet.
2249 729 2417 782 Idem.

1486 795 1652 860 Ilicet]
1704 797 1922 849 Frustra
1942 800 2055 856 haec
2079 817 2110 852 a
2134 803 2280 854 nobis
2302 805 2481 858 dicuu-
2529 798 2534 806 ¹

1422 876 1529 933 tur,
1551 886 1635 922 res
1659 875 1983 926 conclamata
2006 885 2102 929 est.
2136 881 2239 943 vel,
2271 881 2355 932 hic
2375 883 2480 932 An·

1422 946 1569 1011 tipho
1606 948 1754 999 homo
1789 951 1915 1001 nihil
1950 960 2055 1017 est,
2087 964 2261 1007 actum
2299 967 2381 1010 est
2413 960 2481 1011 de

1421 1024 1531 1075 illo.
1579 1025 1715 1077 Eun.
1738 1034 1842 1077 act.
1863 1042 1929 1079 11.
1952 1045 2027 1081 sc.
2048 1035 2097 1081 3.
2128 1034 2146 1061 ‘
2162 1033 2353 1086 Ilicet:
2388 1036 2481 1088 de-

1419 1099 1533 1149 sine
1553 1116 1567 1150 2
1584 1100 1698 1165 jam
1719 1105 2097 1158 conclamatum
2115 1108 2235 1160 est.’
2252 1111 2373 1162 vide
2389 1113 2481 1166 ibi.

1418 1177 1551 1227 Mer.
1580 1177 1895 1231 Casaubouus.

1483 1255 1549 1302 82
1587 1253 1717 1311 Quin
1736 1255 1875 1320 abeo]
1902 1258 2008 1308 Hic
2030 1263 2230 1313 terrore
2255 1276 2479 1317 commo-

1419 1337 1509 1379 vet
1547 1328 1916 1395 Antiphonem.
1953 1342 2010 1386 et
2046 1337 2162 1403 quin
2199 1337 2350 1405 dicit,
2382 1358 2477 1408 pro

1417 1422 1625 1459 carmon.
1660 1410 1916 1462 Donatus.

1482 1485 1554 1534 Et
1582 1486 1769 1548 quidem
1804 1488 1916 1551 ego]
1950 1488 2118 1554 Ordo,
2141 1493 2212 1543 Et
2246 1508 2343 1558 ego
2366 1496 2478 1560 qui-

1417 1560 1551 1609 dem.
1575 1570 1630 1612 et
1652 1563 1802 1613 deest
1820 1564 1949 1616 abeo.
1987 1567 2154 1619 Idem.

1481 1640 1547 1686 38
1582 1638 2038 1706 Quidsiassimulo]
2072 1644 2339 1698 Audacem
2375 1650 2474 1699 sci·
2563 1707 2578 1713 ,

1416 1709 1557 1763 licet.
1590 1713 1740 1765 Idem.

1484 1788 1705 1852 Obsecro,
1725 1791 1837 1855 quid
1861 1793 1905 1841 si
1936 1796 2188 1846 assimulo?
2218 1798 2363 1848 satin'
2380 1803 2473 1865 est]

1414 1861 1568 1914 Adeo
1591 1868 1785 1917 morale
1807 1868 1988 1919 vitium
2013 1879 2095 1921 est
2118 1887 2182 1921 ex
2205 1877 2488 1926 conscien-‘

1415 1941 1491 1990 tia
1529 1956 1706 2006 pavor,
1746 1950 1803 1994 ut
1836 1946 1950 2009 ipse
1994 1963 2197 2013 quoque
2244 1948 2474 2017 Antipho

1414 2017 1613 2069 nitatur
1634 2028 1835 2086 contra,
1857 2038 2025 2089 neque
2053 2027 2329 2092 quicquam
2353 2044 2471 2095 pro-

1410 2102 1634 2148 moveat.
1667 2098 1816 2148 Idem.

1477 2172 1639 2224 Satin'
1675 2176 1769 2238 est]
1804 2176 1910 2227 Hic
1930 2177 2088 2228 locus·
2101 2180 2289 2229 actoris
2312 2184 2471 2246 magis

1411 2264 1564 2315 quam
1607 2251 1819 2303 lectoris
1856 2262 1955 2305 est.
1997 2257 2294 2307 ostenditur
2332 2260 2470 2312 enim

1410 2328 1589 2378 conari
1612 2329 1679 2379 ad
1701 2331 2035 2383 simulandam
2061 2333 2347 2399 audaciam,
2368 2353 2471 2403 quo

1409 2404 1574 2466 magis
1606 2405 1827 2456 ridicula
1863 2416 1962 2473 est,
1982 2408 2315 2461 formidolosa
2353 2428 2470 2479 per-

1411 2496 1550 2532 sona.
1583 2483 1734 2534 Idem.

1472 2559 1633 2611 Satin'
1673 2561 1770 2625 est]
1827 2564 2040 2614 Vultum
2081 2568 2269 2632 mutat,
2305 2574 2362 2618 et
2402 2569 2470 2619 ad

1408 2637 1774 2688 confidentiam
1819 2655 1875 2690 se
1915 2645 2184 2706 componit
2218 2636 2451 2710 Antipho

1410 2721 1467 2765 ut
1488 2715 1758 2782 abeuntes,
1779 2725 1870 2767 aut
1894 2719 2041 2770 abire
2064 2721 2362 2773 simulantes
2387 2737 2470 2774 re-

1409 2793 1602 2844 tineat.
1644 2795 1772 2845 Mer.
1796 2796 2113 2853 casaubonus.

1473 2870 1672 2934 Garris]
1706 2872 1894 2936 Nugae.
1929 2874 2080 2924 Idem.

1471 2949 1538 2996 84
1571 2947 1934 3013 Propemodum]
1970 2951 2039 3000 Et
2057 2950 2153 3001 hoc
2172 2966 2273 3003 non
2298 2954 2467 3017 plenae

1408 3016 1759 3081 consensionis
1796 3031 1896 3087 est,
1933 3027 2069 3091 quod
2111 3028 2187 3080 ait
2222 3044 2467 3093 propemo-

1409 3099 1541 3148 dum.
1579 3101 1843 3154 Donatus.
2479 3172 2482 3175 Ἴ

1470 3174 1562 3225 Sat
1584 3175 1680 3238 est]
1714 3177 1834 3227 Non
1861 3177 2011 3242 dixit,
2040 3180 2153 3231 bene
2171 3185 2262 3245 est,
2281 3182 2371 3231 sed
2391 3190 2470 3233 sat

1406 3257 1494 3301 est.
1527 3258 1583 3300 et
1620 3252 1741 3302 vide
1773 3253 1861 3303 vix
1901 3255 1966 3303 ad
2005 3255 2104 3306 hoc
2147 3258 2314 3321 ipsum
2352 3273 2466 3313 esse

1408 3335 1731 3393 perventum.
1767 3330 1918 3383 Idem.

1471 3409 1535 3455 35
1572 3406 1700 3456 Hem
1719 3407 1841 3457 istnc
1859 3408 2017 3473 serva]
2054 3410 2292 3462 Dicendo
2312 3428 2468 3477 serva,

1409 3482 1639 3532 ostendit
1653 3483 1763 3546 jam
1790 3483 2021 3549 incipere
2044 3485 2304 3552 deperire,
2324 3491 2463 3553 quod

1406 3556 1560 3607 finxit
1582 3565 1738 3624 atque
1761 3560 2080 3611 assimulavit
2103 3564 2351 3615 audaciae.
2387 3560 2480 3616 Id.

1472 3635 1607 3685 Hem
1645 3636 1768 3686 istuc
1802 3652 1935 3686 serva
1951 3655 1969 3688 .-
2001 3646 2050 3690 et
2086 3641 2274 3690 verbum
2310 3642 2467 3705 verbo,

338 3707 452 3756 Hoc
463 3708 584 3758 nihil
595 3715 682 3772 est,
702 3711 924 3764 Pltaedria
941 3728 957 3761 .-
971 3713 1125 3780 ilicet]
1143 3716 1338 3766 Utrum
1402 3726 1494 3774 par·
1517 3713 1631 3776 pan·
1650 3717 1707 3762 ut
1738 3715 2040 3779 respondeas]
2075 3715 2466 3780 Animadverte,

266 3785 359 3834 hoc
377 3784 686 3836 relativum?
709 3801 775 3836 an
809 3789 894 3839 ltoc
923 3806 1041 3841 cum
1064 3799 1333 3857 contemp-

172 3896 188 3908 .
268 3869 351 3923 tu,
383 3874 496 3925 pro,
529 3863 635 3912 Hic
668 3862 898 3929 Antipho
932 3867 1055 3917 nihil
1094 3871 1207 3919 est?
1249 3870 1333 3920 Sic

268 3936 461 3987 Cicero
484 3938 536 3986 in
559 3939 810 4003 Verrinis,
841 3947 858 3970 ⁴
879 3936 996 3998 Efsi
1017 3944 1115 3994 hoc
1142 3947 1334 4010 nescio,

264 4013 391 4078 quid
419 4022 719 4077 nugatorem
757 4016 981 4068 sciebam
994 4019 1028 4068 θ’
1071 4035 1162 4085 pro
1194 4023 1332 4073 hanc.

246 4089 502 4228 'IdJlli‘ceG
538 4167 759 4231 Semper
794 4168 923 4220 ilicet
957 4170 1116 4220 finem
1139 4174 1216 4223 rei
1237 4174 1334 4239 sig·

270 4239 473 4299 nificat,
499 4249 557 4292 ut
577 4248 736 4292 actam
755 4250 846 4293 est.
887 4245 1054 4298 Idem.

338 4317 508 4383 Ilicet]
545 4319 651 4370 Per
671 4320 933 4382 συγκοπήν.
1000 4323 1088 4374 stc
1121 4324 1331 4388 judices

1408 3793 1465 3838 et
1487 3788 1612 3853 quid
1635 3788 1819 3840 doceat
1842 3800 1898 3842 et
1919 3794 2361 3845 commachinetur
2385 3811 2464 3844 ar·

1409 3863 1543 3915 tifex
1574 3865 1748 3930 poeta,
1770 3869 1856 3932 qui
1891 3869 2126 3920 debitum
2162 3871 2352 3921 reddat
2382 3885 2465 3920 re-

1409 3941 1502 3992 bus
1521 3951 1678 4008 atque
1693 3945 1953 4007 personis.
1987 3947 2133 3998 Idem.

1478 4021 1675 4071 Verbum
1694 4022 1853 4085 verbo,
1873 4037 1978 4085 par
1985 4024 2119 4087 pari]
2152 4024 2272 4087 Duo
2295 4025 2428 4075 dixit
2446 4042 2462 4075 z

1406 4110 1508 4145 non
1525 4102 1726 4146 tantum
1746 4097 1934 4151 verbum
1949 4101 2107 4164 verbo,
2124 4101 2216 4149 sed
2233 4116 2326 4165 par
2337 4101 2464 4163 pari.

1408 4173 1575 4222 Idem.

1480 4250 1687 4303 Verbum
1723 4252 1883 4316 verbo,
1920 4269 2011 4317 par
2042 4256 2153 4320 pari
2185 4260 2239 4304 at
2275 4269 2462 4318 respon·

1405 4326 1542 4389 deas]
1574 4328 1715 4380 Quid
1736 4330 1835 4380 hoc
1856 4330 1942 4396 sit,
1962 4346 2065 4383 uon
2088 4331 2270 4383 melius
2290 4336 2466 4395 potest
