3035 4941
787 389 1153 443 TEREN‘rn
1202 391 1441 441 ANDR.
1487 391 1658 443 A'cv.
1693 393 1761 442 V·-
1800 393 2024 442 80.11.

369 526 587 602 Mihine]
605 538 844 603 Apparet
861 539 935 588 ita
952 538 1151 588 turbati
1166 539 1369 587 Davum

309 616 485 679 modo,
502 617 719 665 consilio
740 615 928 680 poe'tae,
951 624 1008 664 nt
1032 630 1207 665 omnes
1225 616 1369 664 amit·

305 700 387 743 tat
426 692 706 743 fallacias:
762 704 818 743 et
859 706 1135 757 oppressus
1181 692 1369 756 prodat

304 770 661 833 Pamphilum,
716 770 835 819 dum
895 772 1081 820 malum
1141 772 1367 820 cominus

302 847 694 909 perhorrescit:
736 853 1004 911 totumque
1045 849 1156 897 hoc'
1180 862 1246 896 ex
1286 853 1400 895 ar·'

302 931 557 985 gumento
593 930 691 973 est.
760 924 889 974 Vult
932 924 1063 972 enim
1079 924 1189 987 jam
1213 921 1372 987 poe'ta'·

298 1000 676 1063 catastrophen
689 999 819 1049 fieri.
837 1001 840 1006 ’
855 1000 1003 1049 Idem.

362 1075 577 1124 Mittin?
607 1072 823 1125 mihine?
853 1077 985 1124 modo
1020 1074 1200 1125 introii.
1246 1078 1372 1126 Cum'

297 1156 377 1202 tuo
396 1159 555 1217 gnato
589 1154 705 1217 una]
754 1155 923 1206 Quam
948 1153 1219 1202 evidenter
1240 1161 1295 1204 et
1317 1155 1369 1203 ἐὺ

296 1228 397 1287 ἤθει
449 1228 935 1294 tergiversationem
982 1231 1121 1279 servi
1164 1238 1363 1294 pertur-

296 1304 407 1358 b'ati
450 1307 884 1371 expressit?‘qua
919 1315 1089 1356 tamen
1127 1307 1366 1370 proditur

297 1382 633 1446 Pamphilus,
678 1384 940 1448 omnisque
986 1383 1097 1447 jam
1142 1382 1363 1433 fallaciis

295 1456 430 1507 fides
490 1459 816 1522 abrogatur.·
873 1455 976 1507 Sed
1022 1459 1150 1507 mire
1197 1455 1368 1509 Poeta·

298 1533 600 1583 Chremetis
658 1534 903 1584 urbanam
962 1534 1191 1599 εἷρωνείαν
1244 1537 1364 1587 huic

294 1611 470 1661 turbae
512 1611 722 1674 inserit,
756 1620 813 1662 ut
854 1614 1051 1676 Davus,
1088 1627 1205 1662 cum
1238 1613 1363 1663 hero

283 1687 399 1751 jam
445 1688 593 1754 loqui
637 1697 739 1738 non
786 1690 998 1753 audens,
1040 1691 1363 1741 occasionem

293 1763 522 1828 arripiat
539 1766 945 1815 ‘alio'ssvertendi
971 1763 1279 1828 sermonem,
1306 1774 1363 1816 et

292 1853 411 1904 quae
453 1855 522 1891 ex
568 1842 782 1892 Critone
828 1843 1098 1892 audiverat
1142 1857 1362 1894 comme-

289 1915 554 1967 morandi.
625 1916 781 1984 quod,
838 1920 1120 1970 recollecto
1175 1921 1361 1983 animo,

290 1991 474 2045 astute
514 1992 685 2046 facit:
735 1989 795 2045 ut
834 1997 1037 2046 elevare
1074 1996 1360 2061 videretur,

290 2086 407 2137 quae
433 2079 591 2123 certa
615 2087 732 2122 esse
755 2073 1021 2123 credebat.
1055 2075 1315 2125 Boeclmaes.

343 2156 386 2202 ‘9
409 2153 566 2201 Modo
589 2152 783 2215 introii]
835 2152 954 2202 Hoc
987 2153 1205 2216 siguum,
1238 2165 1358 2217 per-

287 2230 568 2278 turbatum
632 2228 806 2277 induci
875 2228 940 2279 ob
987 2230 1356 2281 conscientiam

288 2306 525 2355 Davum.
559 2305 799 2354 Donatus.

293 2395 299 2404 ·
350 2384 512 2433 Modo
535 2383 726 2446 introii]
762 2383 1131 2434 Consternatus
1153 2386 1357 2449 Davus,

283 2469 341 2513 et
366 2477 480 2512 non
509 2461 561 2510 in
603 2467 844 2526 promptu
884 2461 1076 2511 habens
1114 2461 1237 2527 quid
1277 2467 1357 2512 re-‘

284 2538 573 2605 spondeat,
624 2536 822 2588 eadem*
852 2538 1159 2603 repetendo,
1217 2538 1357 2589 aliud

285 2628 448 2680 quam
497 2614 922 2679 interrogabatur
977 2615 1359 2680 respondendo,

285 2692 537 2754 vacillat3
558 2691 779 2756 denique
798 2698 854 2742 ut
869 2707 925 2741 se
948 2700 1180 2757 excuset,
1203 2693 1358 2742 Pam-

286 2770 488 2834 phiium
512 2777 742 2819 accusat.
780 2769 1060 2819 Furnabius.
1179 2778 1184 2783 ·

354 2850 424 2894 lo
461 2846 585 2894 Cum
607 2852 686 2894 tuo
704 2850 854 2907 gnato
873 2845 991 2908 una]
1026 2847 1173 2896 Servi
1197 2844 1356 2896 excuss

288 2922 446 2984 satio,
481 2920 577 2970 filii
600 2922 871 2971 accusatio
894 2927 995 2971 est.
1017 2929 1074 2971 et
1092 2922 1189 2970 boc
1210 2922 1356 2988 quasi

287 3008 319 3046 a
345 2996 657 3060 perturbato
679 2996 874 3048 dicitur
896 3012 1077 3048 servoz
1116 2998 1208 3048 sed
1237 3012 1357 3049 cou-

288 3074 407 3123 silio
451 3072 624 3137 poetae
664 3075 729 3123 ad
764 3076 963 3124 exitum
984 3075 1275 3128 festinantis
1300 3084 1356 3128 et

290 3152 664 3202 resolutionem
689 3151 902 3202 fabulae.
936 3149 1177 3205 Donatus.

299 3240 307 3259 '-
352 3230 500 3279 Anne
522 3234 592 3278 est
609 3229 739 3279 intus
752 3230 1053 3294 Pamphilus]
1077 3231 1355 3283 Causairae

291 3305 890 3355 vehementior'iuventa
912 3310 1010 3356 esti
1042 3306 1192 3357 Idem.
1245 3322 1250 3327 ·

356 3387 420 3431 11
447 3383 563 3431 Nem
584 3385 639 3431 tu
660 3382 811 3446 dixti,
827 3382 932 3446 εμπ]
952 3382 1122 3446 Supra
1141 3390 1246 3434 act.
1270 3394 1357 3436 ιη’.

294 3470 439 3510 scen.
463 3463 514 3508 2.
551 3456 834 3509 Famam.

358 3541 422 3587 12
445 3536 595 3602 Sunt]
630 3536 786 3587 Nulla
807 3537 1009 3588 ratione
1032 3537 1181 3600 dicit,
1212 3542 1354 3588 sunt:

290 3612 386 3663 sed
405 3620 408 3625 '
425 3624 494 3662 ne
532 3611 661 3662 nihil
683 3613 1016 3677 respondeat.
1037 3628 1157 3663 uam
1184 3615 1355 3664 turba·

292 3693 377 3738 tus
401 3695 506 3752 est,
524 3695 709 3753 utpote
731 3702 1026 3754 oppressus.
1062 3690 1302 3740 Donatus.

361 3766 654 3822 Quiafiuam
679 3765 857 3828 censes]
904 3768 1096 3829 Deest,
1126 3773 1355 3831 propter.-

291 3847 352 3890 ut
386 3843 475 3900 sit,
515 3847 736 3906 propter
770 3842 895 3908 quid
933 3843 1076 3892 iilum
1097 3859 1210 3895 esse
1234 3858 1354 3894 cen·

297 3919 409 3968 ses?
444 3919 596 3969 Idem.
915 3924 920 3933 ·
1089 3940 1101 3950 -
1283 3962 1288 3965 .

359 3996 482 4046 Cum
501 3996 590 4045 illa
612 3994 800 4058 litigat]
824 3995 1089 4046 Chremeti
1112 3998 1355 4048 convenit

293 4071 374 4122 bic
397 4087 571 4123 sermo
594 4087 609 4120 t
646 4072 743 4122 hoc
769 4075 905 4123 enim
930 4074 1113 4123 irridet
1131 4087 1155 4122 t·
1186 4077 1275 4139 qui
1297 4082 1356 4126 et

295 4154 447 4215 supra
464 4138 621 4214 dixit,
657 4149 674 4178 ‘
698 4148 1002 4199 Amantium
1031 4150 1143 4213 irae',
1163 4152 1352 4202 amoris

293 4227 574 4293 integratio
610 4223 725 4288 est,’
759 4231 815 4275 et
853 4225 930 4275 sic
966 4225 1078 4275 hoc·
1101 4225 1249 4290 dicit,
1294 4231 1356 4278 ut

294 4305 431 4369 alibi,
482 4306 499 4334 ‘
519 4302 711 4365 Credo,
765 4308 823 4351 ut
876 4300 968 4365 nt,
1006 4300 1188 4352 m'nera
1240 4317 1354 4367 pras

2330 378 2506 444 1147

1446 533 1627 587 amore'
1644 538 1862 589 exclusit
1884 538 2217 591 hunc'foras.'
2251 542 2400 592 Idm.
2428 555 2433 562 ·

1512 614 1632 663 Cum
1658 615 1952 680 illa‘litigat]
2004 617 2219 668 Irridet'
2239 620 2504 669 Simonem’

1445 691 1708 754 Chremes,
1725 693 1848 757 quia
1871 693 2102 746 dixerat:
2126 694 2352 744 Iraesunt
2374 697 2503 745 inter

1448 769 1723 832 Glycerium
1746 774 1793 819 et
1809 775 2025 832 gnatum.
2058 771 2254 824 Idem...

1509 841 1632 893 Cum
1681 845 1766 895 illo
1818 843 2007 910 litigat]
2052 846 2256 896 'Amara
2307 847 2497 898 Itonia.

1445 915 1727 972 Famabius.
2497 942 2511 954 ι

1467 1029 1470 1036 ·
1509 1002 1570 1047 18
1589 1000 1691 1047 Imo
1707 1014 1815 1048 vero
1827 1000 2092 1062 indignum,
2111 1000 2334 1063 Chreme]
2350 1002 2500 1051 Beue

1442 1072 1508 1122 ad
1543 1089 1657 1123 eum
1700 1076 1947 1140 loquitur,
1989 1077 2076 1141 qui
2114 1085 2193 1126 est
2235 1092 2265 1126 a
2299 1079 2498 1141 nuptiis

1442 1150 1812 1201 deterrendus:
1836 1154 1915 1203 vel
1941 1153 2028 1217 qni
2055 1153 2155 1201 non'
2179 1154 2499 1204 interturbet

1440 1228 1726 1277 orationem
1750 1243 1918 1289 suam,
1943 1229 2023 1278 vel
2046 1243 2198 1292 quem
2212 1230 2375 1279 etiam
2398 1230 2497 1280 sibi

1441 1310 1767 1367 precatorem
1812 1304 2059 1355 destinet.
2145 1305 2231 1356 Ita
2270 1306 2500 1371 loquitur

1440 1379 1585 1444 quasi
1602 1380 1712 1431 baec
1727 1380 1796 1430 sit
1812 1396 1985 1444 causa,
1999 1396 2093 1431 cur
2108 1381 2176 1431 sit
2198 1383 2502 1446 Pamphilus

1439 1456 1732 1520 ingressus:
1771 1457 1905 1522 quod
1931 1458 2077 1523 quasi
2100 1458 2234 1519 eiiis
2264 1459 2501 1508 intenda-

1440 1540 1527 1581 tur
1565 1548 1598 1582 a
1632 1533 1846 1584 Critone
1868 1534 2071 1598 hospite
2095 1534 2350 1584 duceudae
2374 1550 2501 1585 uxo·

1438 1608 1527 1668 ris,
1553 1622 1703 1672 quam
1743 1610 1910 1659 civem
1947 1609 2180 1662 Atticam
2219 1610 2497 1663 vitiaverit.

1439 1685 1684 1735 Donatus.
2398 1701 2401 1704 ’
2494 1723 2499 1726 -

1500 1761 1606 1810 Imo
1624 1777 1749 1825 vero,
1770 1761 1876 1825 ξω]
1910 1761 2135 1812 Causam
2171 1761 2364 1821 reddit,
2402 1777 2499 1816 cur

1437 1838 1745 1903 Pamphilus
1766 1840 1904 1889 intus
1927 1840 2012 1890 sit.
2048 1839 2335 1890 Farnobius.
2412 1889 2419 1894 .

1449 1953 1458 1960 .
1500 1918 1588 1964 14·
1624 1916 1793 1966 Nescio
1835 1916 1940 1979 quis
1982 1931 2126 1965 Μ
2165 1917 2497 1981 modoreuit]

1433 1991 1762 2053 Beue,neseio
1771 1992 1875 2055 quia
1883 2008 1902 2050 ,-
1914 1992 2107 2042 etenim
2121 1994 2162 2041 si
2174 1998 2326 2042 notus
2338 2001 2500 2053 esset,

1436 2068 1702 2118 videretur
1726 2067 2027 2132 gratificari,
2047 2069 2097 2118 id
2115 2075 2214 2126 est,
2237 2069 2496 2133 gratiosus

1440 2159 1554 2195 esse
1580 2145 1730 2195 testis
1752 2151 1809 2195 et
1825 2146 1992 2198 miuus
2010 2159 2177 2195 verus.
2210 2147 2448 2198 Donatum

1503 2222 1686 2285 Ellam]
1720 2219 1961 2286 Veteres,
1984 2221 2121 2287 quod
2145 2236 2245 2276 nos.
2259 2223 2397 2272 illum
2419 2223 2496 2273 di-

1433 2297 1614 2356 cimus,
1638 2299 1721 2349 vel
1751 2299 1908 2364 ellam,
1943 2301 2024 2349 vel
2053 2301 2197 2349 olium
2228 2299 2495 2351 dicebant.

1433 2375 1669 2439 quamvis
1725 2377 1865 2426 ellum
1929 2376 2136 2442 qnidam
2196 2389 2327 2425 ecoe·
2358 2377 2496 2427 illam

1432 2453 1596 2504 velint
1639 2454 1892 2519 intelligi:
1945 2460 2195 2519 tanquam
2242 2466 2336 2520 pro
2377 2454 2495 2519 ipso

1432 2529 1641 2581 domum
1665 2531 1898 2595 Glycerii
1919 2532 2165 2582 ostendat
2184 2532 2388 2594 Davus,
2415 2532 2499 2582 di-

1432 2618 1575 2664 cens,
1599 2608 1781 2672 Ellam,
1811 2609 1957 2675 qnasi
1977 2624 2037 2659 en
2066 2608 2220 2659 illum
2242 2614 2325 2660 est
2339 2609 2498 2673 enim,

1433 2690 1492 2733 ut
1526 2685 1615 2735 aiii
1635 2687 1835 2750 volunt,
1858 2699 2178 2751 pronomen:
2212 2685 2382 2739 tut-alii
2402 2685 2495 2735 ad·

1432 2761 1665 2811 verbium
1690 2762 2129 2815 demonstrantis:
2168 2774 2286 2811 nam
2309 2776 2496 2827 prono·

1428 2852 1549 2891 men
1593 2841 1886 2906 hujusmodi
1925 2849 2137 2892 veteres
2165 2842 2240 2891 sic
2261 2840 2495 2906 profere-

1433 2915 1576 2974 bant,
1608 2917 1707 2981 iue,
1722 2920 1866 2980 edlu,
1885 2921 2019 2978 oller,
2040 2919 2130 2969 sed
2146 2918 2231 2984 (ut
2248 2919 2496 2984 diximus)

1433 2993 1736 3045 adverbium
1753 2996 2172 3059 compositumex
2189 2996 2493 3058 pronomine

1433 3071 1599 3121 videri
1624 3077 1834 3135 potest:
1872 3079 1932 3122 ut
1964 3071 2053 3136 sit,
2084 3086 2163 3135 en,
2200 3073 2284 3122 vel
2313 3087 2414 3122 ecce
2433 3070 2494 3121 il-

1432 3147 1547 3197 lum.
1580 3147 1747 3197 Idem.

1501 3223 1778 3288 Confidens]
1803 3222 2237 3289 Confidentem-hic
2260 3237 2354 3286 pro
2376 3238 2495 3275 cou-

1434 3299 1595 3350 stanti
1613 3313 1714 3349 non
1738 3300 1873 3349 mala
1894 3299 2274 3364 significatione
2299 3300 2493 3365 posuit.

1433 3374 1589 3429 Idem.
1626 3396 1629 3403 ·

1501 3452 1674 3516 Cam]
1726 3451 1982 3516 Callidus,
2028 3452 2235 3510 doctus,
2287 3453 2493 3512 ardens,-

1430 3529 1557 3594 παρὰ
1577 3527 1637 3578 τὸ
1655 3527 1815 3579 καίειν.
1847 3528 1984 3580 unde
2018 3530 2152 3580 Cato
2187 3530 2382 3593 dictus,
2413 3531 2493 3580 in·

1431 3607 1694 3670 geniorum
1740 3606 1932 3656 etenim
1974 3605 2155 3670 igneus
2194 3606 2342 3670 vigor
2376 3622 2494 3658 esse

1432 3683 1655 3732 videtur.
1692 3682 1845 3733 Idan.
1874 3694 1877 3697 '

1437 3801 1444 3807 .
1500 3759 1674 3822 Catus]
1707 3758 1964 3820 Prudens,
1986 3757 2248 3809 cordatos.
2283 3759 2493 3810 Far-nab.

1495 3843 1559 3888 15
1597 3836 1850 3893 Quantiois
1883 3835 2057 3898 pretii]
2082 3835 2166 3886 Ad
2180 3837 2493 3900 magnitudi-

1430 3928 1551 3971 nem
1584 3910 1813 3971 refertur
1840 3912 2109 3974 quantivis,
2128 3925 2245 3960 uon-
2271 3912 2347 3961 'ad-
2375 3926 2494 3974 par-

1431 3991 1646 4039 vitatem
1688 3988 1862 4052 pretii.
1929 3988 2002 4036 Et
2036 3995 2200 4036 totum
2244 3987 2490 4037 oratorie.
2556 4036 2565 4045 .

1429 4068 1562 4119 scite
1581 4065 1717 4114 enim
1740 4066 1947 4114 loeutus
1963 4069 2071 4117 est.
2129 4062 2231 4131 Sed
2270 4062 2493 4115 interest

1431 4145 1569 4193 inter
1589 4142 1801 4207 quamvis
1821 4147 1877 4189 et
1914 4138 2167 4203 quantivis.
2195 4151 2316 4186 nam
2359 4139 2491 4188 alte·

1429 4238 1545 4285 rum
1582 4220 2004 4285 contemptionis,
2047 4218 2275 4268 aiterum·
2300 4216 2488 4267 laudis.

1429 4302 1670 4360 Donatus.
1706 4328 1711 4333 -
