3035 4941
466 362 833 412 TEREN'rn
877 361 1504 411 HEAUTON'rlMoR.
1551 362 1719 414 AG'r.
1765 365 1865 412 1v.
1912 365 2017 436 Sc..
2064 366 2174 416 111.

224 503 419 556 ‘meter
454 509 812 572 catalecticus,
843 515 902 559 nt
939 508 1125 571 ceteri,
1164 509 1209 559 si
1241 523 1308 558 ex

244 599 417 647 ment,
438 600 505 634 m.
525 577 770 647 elidatur,
795 586 1024 650 quamvis
1057 594 1308 650 sequente

245 668 603 722 consonante3
624 670 731 712 aut
766 664 948 727 utique
984 677 1047 712 ea
1068 662 1232 715 dictio
1256 663 1305 710 iu

244 738 671 802 ummsyllabam
694 739 1044 788 contrahatur.
1061 745 1238 801 potest
1253 745 1308 788 et

242 814 367 870 aliis
381 816 671 866 rationibus
704 830 883 866 versus
903 817 987 867 hic
1006 817 1308 867 sustentari.

244 889 529 942 Fabam-2.-
618 922 627 938 ι
794 915 805 928 ⁸

244 991 256 1018 a
308 972 378 1019 29
413 969 1096 1033 Satinsmueaetsobrias?
1127 972 1305 1035 ἐιιςιιί-

241 1046 351 1095 dem
369 1045 509 1095 illum
530 1048 675 1109 plane
692 1047 877 1111 prodis]
910 1048 1073 1099 Liber
1092 1049 1304 1099 Bembi-

240 1136 337 1171 nus
360 1126 634 1187 propr-odis
642 1125 1007 1190 habet-perdis.-
1024 1126 1179 1192 -quod
1196 1142 1304 1177 ma-

236 1199 318 1263 gis
342 1199 554 1251 videtur
589 1203 866 1252 convenire
899 1218 1016 1253 cnm
1052 1217 1133 1267 eo,
1164 1204 1305 1269 quod

237 1290 364 1325 mox
401 1277 670 1341 sequitur·
704 1278 855 1328 ‘nam
886 1279 975 1344 qui
997 1279 1086 1330 ille
1110 1280 1306 1343 poterit

239 1367 358 1403 esse
380 1353 436 1403 in
459 1353 610 1406 tuto!
648 1355 799 1406 Iden.
862 1391 865 1398 ·

246 1451 261 1473 ι
310 1391 1085 1499 stqnidemillmnpluneperdis]
1116 1432 1302 1498 'roper-

238 1508 317 1557 dis
346 1515 429 1558 est
457 1523 524 1558 ex
546 1509 680 1559 libro
704 1509 1001 1561 Bembino.
1028 1509 1181 1563 Quod
1206 1513 1302 1561 Fa-

239 1585 367 1635 erno
388 1586 627 1651 placet..
650 1586 897 1636 Debebat
932 1594 1103 1639 autem
1141 1588 1303 1639 editio

239 1671 426 1721 nostra
447 1665 670 1715 retinere
682 1664 749 1714 cb
779 1667 959 1730 prodis,
986 1667 1122 1732 quod
1145 1668 1302 1717 etiam

240 1741 375 1790 Mss.
398 1742 566 1791 nostri
598 1741 824 1793 habent:
856 1751 914 1793 et
944 1745 1193 1795 Terentio
1227 1743 1303 1793 fa-

239 1818 442 1868 miliare
461 1824 562 1875 ,est
603 1818 691 1868 illo
723 1820 969 1883 eleganti
989 1819 1305 1884 significatu,

242 1911 346 1960 quo
372 1895 512 1946 idem
536 1902 636 1958 est,
655 1910 717 1946 ac
735 1896 972 1959 perdere.
994 1898 1268 1948 Βωσῑενιισ.
1290 1909 1305 1939 ’-

240 1993 253 2007 ⁶
302 1978 369 2023 30
393 1974 510 2030 Qui
528 1965 622 2024 ‘ille
638 1976 819 2038 poterit
840 1990 942 2025 esse
963 1976 1014 2025 ia
1047 1975 1176 2039 tato]
1204 1977 1304 2026 -Vis

235 2055 319 2099 est
354 2049 407 2099 in
446 2050 756 2113 repetitione
792 2051 955 2114 verbi,
986 2052 1125 2117 qnod
1148 2058 1304 2103 antea

233 2126 453 2176 dixerat
495 2127 693 2189 Syrus:
750 2141 859 2176 rem
903 2127 1208 2193 Clitiphonis
1250 2125 1303 2179 ia

234 2199 347 2253 tute}
368 2199 839 2253 collocandumesse'.
875 2203 1028 2253 Idem.
1190 2203 1239 2242 ὐ

238 2297 249 2321 -·
302 2285 368 2331 31
433 2282 645 2331 Consilio
686 2282 896 2346 palmam
947 2280 1029 2344 do]
1083 2279 1149 2331 Id
1203 2290 1303 2345 est,

227 2359 516 2409 maximam
550 2359 819 2409 victoriam
854 2365 910 2409 et
943 2360 1156 2423 gloriam
1179 2360 1302 2409 mihi

231 2435 495 2501 concedo,
541 2444 600 2488 ut
648 2451 825 2488 verum
858 2434 1082 2487 dicendo
1124 2437 1303 2488 ambos

229 2513 434 2571 fallam.
496 2514 795 2569 Secundum
836 2514 934 2564 hoc
968 2512 1105 2578 quod
1144 2529 1303 2577 supra

230 2590 481 2653 diximus,
514 2597 572 2646 ut
605 2605 706 2639 non
726 2590 921 2649 ,credat
943 2604 1102 2645 senex
1121 2598 1304 2641 noster

231 2668 458 2718 amicam
479 2684 493 2705 ·-
514 2667 604 2717 filii
648 2668 729 2716 sui
781 2681 897 2716 esse
952 2667 1302 2730 meretricem,

227 2743 447 2795 etiamsi
483 2743 726 2794 audierit.
780 2743 933 2796 Quod
958 2743 1018 2792 fit
1044 2753 1138 2808 per
1171 2743 1300 2809 figu·
1350 2788 1353 2791 ,

231 2836 347 2871 ram
367 2819 636 2884 διασυρμὺν,
650 2835 763 2885 quae
780 2827 861 2870 est
880 2821 1124 2886 elevatio,
1142 2836 1304 2886 quan·

231 2897 303 2947 do
328 2896 625 2946 auditorem
662 2911 784 2946 vera
817 2896 1044 2955 dicendo
1076 2897 1128 2947 in
1161 2913 1303 2948 erro-

231 2989 348 3023 rem
370 2973 591 3024 inducit.
632 2974 956 3038 Eugraphius.
1065 3000 1075 3015 e

239 3076 253 3092 ι
300 3050 444 3100 Huic
488 3050 701 3113 equidem
729 3050 919 3099 consilio
959 3050 1134 3114 puina]
1182 3051 1301 3101 Non

231 3129 453 3179 frustra-
478 3126 875 3178 commendatur
918 3130 1073 3194 paulo
1116 3144 1300 3193 opero-

231 3209 347 3258 sius
381 3207 507 3256 novi
530 3221 593 3256 ac
616 3204 888 3270 singularis
912 3207 1302 3270 commenti-ge-

228 3299 355 3343 nus,
374 3298 479 3348 quo
495 3281 671 3332 fabula
683 3280 975 3332 intricanda
987 3280 1156 3331 denuo
1172 3288 1301 3333 erat.

231 3361 362 3411 Hoc
383 3374 466 3409 -ex
501 3358 743 3409 instituto
774 3358 997 3408 Poetae:
1032 3358 1168 3423 quod
1197 3373 1302 3408 non

231 3436 464 3487 dedecet
483 3428 951 3498 interimaespcepyla
969 3435 1171 3485 servilis
1185 3435 1301 3499 jac-

229 3513 443 3569 tantiae-
447 3513 502 3562 in
518 3511 595 3561 his
611 3512 864 3561 versibus.
885 3512 1157 3562 -Βωσέονιιε,

242 3613 245 3615 -
299 3590 529 3647 Palmam
567 3588 651 3651 do]
705 3589 967 3652 Tanquam
1002 3588 1302 3652 palmarium

231 3668 328 3731 sit,
365 3665 547 3715 vincat
585 3671 642 3714 et
683 3663 958 3729 magnifice
997 3664 1300 3773 triumphet.

233 3744 530 3795 quln‘us·
736 3776 742 3783 -

268 3823 464 3871 Istam
495 3819 695 3870 ωιιίωιιι
709 3818 896 3882 gnati]
926 3776 1116 3869 Narrct
1140 3776 1300 3868 Chre·

228 3914 347 3949 mes
364 3897 678 3948 Menedemo
695 3895 1037 3947 Bacchidem
1023 3904 1173 3945 istam
1189 3909 1302 3945 csse

233 3975 461 4025 amicam
485 3973 818 4037 Clitiphonis,
834 3987 985 4038 quam
1010 3973 1213 4022 domum
1235 3971 1301 4021 ad

233 4067 296 4101 se
320 4066 418 4116 per
440 4050 555 4101 dies
576 4049 772 4113 aliquot
801 4048 1039 4113 recipiat.
1093 4047 1304 4098 Interea

233 4127 435 4193 aliquid
458 4126 570 4176 fiet.
637 4126 773 4176 Vide
802 4126 1180 4189 Argumentum
1209 4126 1302 4174 hu·

166 4195 177 4259 .’
193 4234 205 4258 ·.
226 4206 325 4269 jus
346 4203 562 4266 fabulae,
581 4202 648 4252 ab
671 4201 900 4252 Antonio
916 4202 1126 4252 Mureto
1141 4201 1300 4265 scrip-

235 4292 369 4333 tum.
406 4279 565 4329 Idem.

370 4363 549 4426 Delph·
563 4367 613 4417 et
638 4361 752 4412 Var.
773 4362 901 4410 Clas.

1260 4359 1448 4410 Terent.

2271 316 2432 420 1361

1390 507 1400 551 ἰ
1445 514 1508 559 85
1543 510 1619 560 At
1637 510 1761 560 ειιὺιι
1784 510 1937 576 spera]
1969 509 2023 560 si
2045 510 2182 562 enim
2205 513 2439 566 credide-

1381 587 1452 638 rit
1485 591 1656 638 senex'
1678 589 1897 639 amicam
1923 588 2014 638 filii
2037 590 2116 639 sui
2138 605 2253 640 esse
2275 605 2440 645 mere-

1379 666 1583 732 tricem,
1614 665 1772 716 filiam
1812 679 1955 715 suam
1994 666 2116 716 mihi
2151 681 2255 717 non
2278 670 2438 721 dabit.

1380 745 1707 808 Eugrupkius.

1394 824 1510 869 36
1545 820 1676 869 Nam
1708 821 1819 868 dum
1856 820 2080 885 amicam]
2118 783 2221 874 Qui
2254 831 2438 886 potue-

1375 904 1503 946 runt
1557 912 1663 946 non
1738 896 2153 948 animadvertere
2209 901 2438 953 editores

1375 972 1618 1024 mendum
1664 973 1718 1023 in
1750 974 2086 1025 annotatione
2122 977 2439 1042 Eugraphii:

1378 1049 1456 1099 ‘Si
1476 1049 1613 1100 enlm
1629 1050 1914 1101 crediderit
1930 1065 2106 1113 senex,
2114 1054 2330 1104 amicam
2345 1054 2440 1105 filii

1375 1125 1456 1176 sni
1468 1140 1585 1176 esse
1612 1127 1963 1190 meretricem,
1982 1126 2141 1178 filiam
2157 1143 2300 1179 suam
2318 1132 2442 1181 mihi

1374 1215 1478 1252 non
1501 1201 1689 1254 dabit!
1750 1203 2087 1266 Legendum:
2133 1206 2180 1255 si
2199 1206 2326 1256 enim
2345 1223 2441 1258 non

1374 1279 1552 1330 credid·
1574 1280 1675 1331 sea.
1689 1294 1809 1330 nam
1832 1280 1954 1330 dum
1970 1281 2094 1331 illud
2113 1296 2216 1332 non
2240 1283 2442 1350 credet,

1375 1355 1603 1420 putabit,
1627 1370 1793 1407 meam
1810 1371 1924 1408 esse
1945 1359 2185 1409 amicam.
2218 1359 2353 1411 Boec.

1384 1461 1391 1464 -
1439 1438 1503 1483 37
1543 1433 1834 1500 Tafcrtusse
1854 1436 2163 1500 quidm-fiat
2184 1437 2439 1501 parvipen—

1373 1510 1466 1573 dis,
1486 1512 1599 1560 dum
1620 1512 1695 1560 illi
1714 1510 1943 1573 connais]
1976 1509 2176 1561 Versus
2216 1515 2460 1564 trochaiaev

1376 1599 1467 1646 cus
1483 1586 2005 1651 hypercatalecticus,
2016 1587 2101 1636 vel
2119 1588 2275 1637 etiam
2296 1596 2440 1640 cata-

1376 1663 1619 1727 lecticus,
1632 1671 1689 1714 ut
1705 1664 1893 1721 ceteri,
1911 1664 1956 1713 si
1973 1678 2039 1713 ex
2072 1665 2188 1728 quid
2221 1665 2257 1715 d
2290 1667 2441 1729 eliso,

1376 1753 1546 1803 eaque
1585 1740 1785 1804 syllaba
1819 1739 1965 1788 brevi
2002 1748 2326 1806 remanente,
2371 1745 2441 1793 slt

1376 1814 1618 1880 dactylus
1649 1817 1712 1865 {in
1747 1815 1995 1866 secunda.
2066 1816 2186 1866 Fiat
2219 1833 2342 1868 vero
2383 1821 2438 1868 in

1376 1906 1531 1942 unam
1553 1891 1802 1956 syllabam
1827 1891 2177 1943 contrahatur.
2202 1895 2439 1947 Fa'e‘rnas.

1384 1999 1397 2005 -
1441 1969 1596 2018 Parni
1617 1968 1778 2032 curus]
1819 1967 1902 2018 ΑΙ.
1930 1968 2070 2032 parvi
2086 1970 2275 2033 pendis.
2308 1973 2435 2021 Far-

1375 2042 1581 2094 nabius.

1441 2125 1505 2170 38
1564 2123 1716 2178 Quid:
1734 2121 1931 2185 malurn]
1984 2123 2167 2173 Credis
2210 2125 2308 2175 hoc
2352 2140 2436 2176 me

1377 2198 1513 2248 velle
1546 2199 1806 2250 simulare.
1870 2201 2059 2250 Malum
2079 2209 2254 2252 autem
2271 2202 2434 2256 inter·

1367 2275 1539 2339 jectio
1564 2276 1688 2325 nihil
1728 2276 2001 2341 significat,
2040 2278 2133 2327 sed
2174 2280 2435 2331 exclama-

1377 2353 1533 2403 tionis
1552 2355 1786 2405 continet
1808 2356 1993 2406 locum.
2062 2357 2334 2408 Quomodo
2350 2359 2438 2409 Ci-

1377 2448 1499 2485 cero
1531 2449 1626 2499 pro
1665 2436 1899 2487 Scauro:
1932 2436 2094 2488 ‘Quae
2131 2437 2322 2488 malum
2353 2444 2436 2488 est

1377 2514 1479 2561 ista
1502 2512 1672 2563 ratio.’
1714 2514 1959 2577 Eagmpk.

1387 2616 1395 2621 -
1439 2591 1836 2655 AEtatemlDiu,
1867 2592 1915 2639 in
1949 2590 2303 2656 longinquum,
2324 2592 2433 2641 sive

1375 2675 1707 2731 perpetuum.
1741 2668 2027 2719 Farnobium

1439 2748 1504 2792 39
1542 2745 1653 2794 Pax
1674 2743 1699 2794 J
1745 2744 1888 2806 nihil,
1922 2744 2030 2808 fisa]
2064 2746 2287 2796 Tantum
2331 2754 2433 2798 est.

1375 2826 1455 2870 sat
1508 2827 1607 2870 est.
1662 2820 1836 2870 bustc'
1883 2820 2118 2885 Hispan,
2151 2821 2270 2872 vide
2330 2830 2435 2873 act.

1373 2910 1441 2946 11.
1456 2911 1530 2946 sc.
1550 2901 1601 2945 2.
1637 2909 1812 2960 supra.
1851 2890 1992 2946 unde
2025 2897 2196 2947 Clinia
2219 2899 2432 2961 repetit.

1374 2973 1391 3000 ‘
1411 2970 1693 3021 Etiamne?
1725 2976 1923 3021 tantum
1961 2973 2073 3021 est?
2123 2978 2207 3022 sat
2238 2972 2437 3024 habes!

1377 3050 1531 3100 Idem·

1385 3148 1397 3170 ι
1438 3132 1504 3177 40
1543 3128 1748 3185 Tantum
1768 3132 1846 3177 sot
1860 3125 2025 3191 habas]
2063 3126 2345 3190 Repetitur
2365 3143 2433 3179 ex

1376 3205 1611 3254 oratione
1649 3204 1792 3268 Syri,
1832 3203 1918 3268 qui
1965 3202 2207 3253 dixerat:
2246 3208 2261 3232 ‘
2284 3205 2432 3256 Unus

1377 3281 1635 3331 estdies.
1679 3295 1801 3345 pax.
1846 3279 1975 3329 nihil
2013 3278 2267 3343 amplius)
2311 3296 2362 3347 q.
2382 3281 2434 3330 d.

1378 3364 1579 3407 tantum
1601 3363 1699 3406 est.
1733 3376 1736 3385 ·
1765 3355 1981 3418 Repetit
2012 3355 2211 3403 Clinia-2
2247 3360 2434 3407 tontum

1375 3439 1451 3483 sat
1471 3433 1613 3482 habes
1632 3438 1653 3480 ,Φ
1683 3430 1884 3481 Sufficit
1904 3445 1970 3480 ne
1994 3431 2091 3480 tibi
2116 3433 2211 3482 hoc
2234 3434 2254 3482 ?
2290 3434 2434 3483 Non·

1375 3509 1499 3558 dum
1547 3509 1696 3572 plane
1727 3509 1940 3557 annuitt
1978 3507 2071 3558 sed
2109 3523 2246 3559 nova
2288 3511 2435 3561 dubi·

1377 3585 1579 3635 tatione
1627 3597 1798 3634 moras
1849 3584 2040 3634 nectit:
2091 3584 2268 3638 ‘Quid
2323 3595 2433 3637 tum

1358 3666 1359 3677 ¹
1376 3675 1571 3726 quaeso,
1585 3661 1630 3710 si
1642 3660 1739 3710 hoc
1751 3667 1905 3724 -patcr
1919 3661 2190 3712 resciverit
2207 3661 2244 3711 ?'
2267 3662 2438 3714 Quam

1374 3738 1750 3789 solicitudinem
1767 3739 2023 3790 curiosam
2041 3740 2202 3804 Syrus
2224 3755 2439 3805 prover-

1377 3815 1467 3865 bio
1500 3815 1724 3865 irridet:
1760 3830 1982 3880 cumque
2019 3830 2086 3865 ne
2119 3816 2194 3866 sic
2227 3818 2432 3881 quidem

1379 3893 1560 3943 Cliniae
1617 3892 1742 3943 satis
1791 3893 2148 3956 persuaderet,
2202 3894 2436 3955 tandem,

1378 3968 1609 4018 ‘Metuis
1626 3968 1663 4016 θ’
1683 3968 1872 4033 inquit.
1897 3969 1931 4018 i.
1950 3982 2000 4017 e·
2021 3967 2250 4029 dubitas,
2269 3969 2435 4018 incer·

1379 4052 1463 4095 tus
1497 4044 1591 4093 es?
1656 4045 1818 4096 Quasi
1846 4057 1972 4095 vero
1995 4044 2153 4093 ullum
2179 4044 2277 4093 tibi
2297 4044 2435 4108 peri-

1378 4123 1580 4173 culum.
1622 4123 1729 4172 sitt
1797 4122 1882 4172 cui
1934 4120 2114 4171 licebit
2155 4122 2435 4172 simulatio-

1377 4213 1494 4250 nem
1507 4210 1719 4260 exuere‚
1733 4196 2142 4261 quandocunque
2154 4196 2432 4249 videbitur.

1379 4275 1661 4327 Cunctatio
1698 4275 1881 4325 Cliniae
1915 4273 2105 4338 partim
2133 4275 2436 4333 honestatis,

2190 4357 2302 4408 41³
