3035 4941
557 347 733 447 1404

559 543 652 594 ni!
721 544 810 594 De
830 540 1029 607 flagitio
1038 540 1149 606 jam
1174 541 1489 591 disseruerat
1511 555 1615 606 qno

561 622 715 672 modo
739 622 987 670 diximus:
1039 635 1174 669 nunc
1209 619 1275 669 de
1314 619 1500 667 damno
1540 632 1616 666 re·

558 698 798 762 spondet,
820 703 1127 760 argumento
1145 696 1211 745 ab
1225 695 1519 759 adoptionis
1530 694 1616 757 ju-

559 789 618 824 re
640 776 837 839 petito:
875 773 1012 837 quod
1034 773 1189 824 etiam
1220 778 1358 821 retro
1383 772 1525 820 valet
1563 771 1613 819 in

556 866 648 914 ea,
671 866 787 915 quae
810 848 1064 914 flagitium
1088 848 1420 912 spectabant.
1480 848 1496 876 ‘
1513 847 1616 896 Tu-

560 942 647 978 um
669 927 829 978 filium
853 926 1048 976 dedisti
1071 924 1424 988 adoptandum
1456 922 1576 971 mihi
1597 938 1612 971 ε

561 1003 607 1053 is
629 1018 771 1054 meus
791 1010 874 1053 est
896 1000 1101 1054 factus!
1124 1002 1159 1051 i.
1182 1015 1230 1051 c.
1254 1001 1417 1050 omnis
1450 999 1503 1048 in
1532 999 1613 1049 ΙΕ-

560 1079 793 1131 schinum
814 1086 1066 1144 potestas,
1078 1077 1370 1143 disciplina,
1384 1078 1615 1142 regimen

558 1157 628 1222 ad
651 1171 732 1205 me
757 1155 961 1205 transiit
993 1169 1025 1204 a
1048 1163 1120 1217 te,
1142 1169 1260 1204 cum
1292 1155 1344 1203 in
1378 1153 1616 1216 adoptio·

488 1221 495 1226 ¹
560 1248 678 1283 nem
721 1233 846 1282 mihi
898 1231 1088 1282 dedisti
1128 1231 1306 1282 filium.
1368 1231 1517 1282 Sicut
1561 1236 1619 1281 et

561 1309 752 1358 damna
774 1322 895 1377 mea*
909 1316 1048 1371 sunt,
1067 1317 1321 1374 quatenus
1342 1307 1616 1358 damnosus

558 1393 647 1435 ‘est
689 1386 796 1435 ille.
874 1387 1086 1450 Excipit
1133 1387 1357 1436 Demeat
1426 1388 1444 1417 ⁸
1462 1386 1614 1436 Cnrae

561 1470 643 1513 est
665 1462 822 1525 mihi,’
840 1478 892 1528 q.
914 1463 965 1513 d.
989 1471 1173 1513 natura
1201 1464 1276 1513 illi
1302 1469 1451 1527 pater
1473 1477 1616 1525 snm;

556 1552 662 1588 non
686 1553 893 1603 possum
916 1539 1140 1604 abjicere
1161 1554 1362 1590 omnem
1378 1541 1443 1589 de
1465 1539 1616 1589 mori-

558 1616 655 1664 bus
677 1616 790 1679 ejus
825 1622 882 1664 et
912 1617 1225 1667 educatione
1257 1631 1452 1667 curam.
1519 1616 1618 1666 Re·

560 1692 784 1756 spondet
821 1692 1017 1742 Micioz
1070 1688 1267 1743 habere
1307 1707 1424 1742 eum
1462 1692 1621 1755 domi,

560 1769 700 1834 quod
724 1777 889 1832 curet,
910 1771 1127 1820 alterum
1152 1785 1228 1821 sc.
1253 1770 1413 1819 filium
1446 1769 1615 1819 Ctesi·

557 1846 799 1910 phonem‚
853 1861 1004 1911 quem
1026 1871 1032 1877 ·
1069 1848 1361 1897 retinuerit.
1463 1837 1618 1909 Nam,

558 1928 807 1986 qnantum
842 1924 908 1972 ad
944 1923 1332 1987 AEschinum,et
1364 1923 1503 1984 milri,
1538 1923 1615 1973 in-

560 1999 694 2063 quit,
712 2014 839 2048 curoe
871 2005 962 2063 est,
984 2001 1179 2050 meliori
1209 2017 1284 2051 sc.
1308 2001 1448 2063 jure,
1475 2007 1617 2064 post·

558 2090 713 2140 quam
751 2077 862 2126 haec
889 2092 1018 2128 cura
1039 2078 1091 2127 in
1131 2093 1211 2127 me
1250 2093 1344 2142 per
1377 2077 1616 2140 adoptio·

555 2167 675 2203 nem
698 2162 779 2204 est
802 2157 1072 2206 translata.
1138 2156 1255 2206 Hoc
1278 2163 1358 2204 est
1381 2154 1519 2219 quod
1543 2153 1616 2202 di-

558 2231 631 2281 cit
652 2248 665 2281 z
690 2238 706 2261 ‘
726 2233 920 2283 Verum
940 2233 1136 2283 Demea
1157 2247 1394 2283 curemus
1417 2243 1616 2296 aeqnsm

558 2315 779 2373 uterque
805 2317 1006 2373 partem
1028 2326 1046 2372 ς
1095 2319 1154 2359 ιιι
1185 2311 1406 2360 alterum
1422 2309 1618 2373 (Ctesi-

557 2384 807 2449 phonem)
819 2399 914 2447 ego
928 2387 1052 2436 item
1072 2388 1310 2452 alterum,
1326 2387 1619 2438 AEschinum

554 2459 778 2512 scilicet.
844 2461 931 2512 Ita
962 2462 1097 2512 enim
1132 2464 1269 2515 inter
1298 2479 1393 2514 nos
1427 2479 1618 2514 conve-

555 2537 656 2599 nit,
700 2551 817 2587 cum
858 2538 1150 2589 AEschinum
1191 2542 1244 2589 in
1284 2540 1615 2603 adoptionem

555 2613 710 2662 dares
760 2615 902 2663 mihi.
970 2615 1156 2665 ‘Nam
1188 2617 1365 2666 ambos
1393 2629 1619 2683 feurare,

555 2690 928 2753 propemodum
984 2707 1253 2755 reposcere
1320 2694 1464 2744 illum
1536 2699 1620 2743 est

556 2780 710 2832 quem
732 2766 964 2818 dedisti!
980 2768 1016 2819 i.
1037 2784 1082 2818 e.
1103 2770 1145 2819 si
1170 2776 1223 2819 tu
1250 2770 1403 2820 rebus
1423 2771 1620 2820 AEschi-

555 2843 611 2892 ni
653 2851 707 2892 te
742 2842 818 2893 vis
858 2844 1165 2909 admiscere,
1187 2846 1239 2895 in
1274 2847 1496 2897 alienum
1524 2847 1615 2910 jus

448 2954 451 2959 -
555 2920 830 2984 involabis,
854 2922 955 2972 vim
991 2921 1154 2972 facies
1178 2923 1505 2973 conventioni
1541 2922 1616 2971 in·

558 3002 643 3054 ter
664 3010 755 3045 nos
778 2996 956 3055 factm,
992 2997 1229 3062 adeoque
1259 2998 1617 3062 adoptionem,

557 3073 707 3138 cujus
749 3082 804 3125 tu
844 3075 956 3139 ipse
981 3082 1163 3125 auctor
1184 3073 1345 3137 fuisti,
1376 3082 1613 3126 evertes:

555 3165 674 3200 cum
721 3165 788 3199 ex
827 3166 942 3201 meo
981 3151 1089 3201 filio
1125 3158 1265 3201 tuum
1301 3152 1378 3202 vis
1417 3150 1616 3212 facere,

554 3242 706 3293 quem
754 3227 968 3292 adoptio
1008 3244 1074 3277 ex
1125 3234 1217 3279 tuo
1255 3243 1425 3278 meum
1467 3227 1615 3278 fecit.

556 3306 744 3370 Hujus,
759 3305 894 3370 qnod
915 3300 1015 3370 pro⁴
1029 3320 1083 3354 se
1099 3304 1271 3355 adfert
1288 3305 1468 3366 Micio,
1479 3305 1616 3370 juris

553 3386 705 3431 tanta
727 3383 802 3430 vis
825 3380 943 3442 fuit,
967 3388 1111 3431 tanta
1135 3382 1529 3444 argumentatio,
1556 3387 1616 3429 ut

553 3458 753 3506 Demea
774 3472 872 3506 non
900 3458 1131 3521 potuerit
1149 3472 1204 3506 se
1227 3457 1380 3518 tueri,
1404 3456 1506 3505 nisi
1525 3470 1617 3506 ne·

554 3541 724 3595 garet,
761 3533 858 3582 sibi
899 3532 995 3583 hoc
1034 3535 1355 3597 propositum
1390 3547 1525 3590 esse,
1561 3540 1617 3583 et

554 3616 792 3673 paternae
848 3623 910 3658 ac
964 3611 1213 3659 naturalis
1268 3610 1614 3660 solicitudinis

558 3682 749 3734 affectu
804 3692 1007 3734 tantum
1072 3687 1307 3735 excusari
1363 3694 1611 3750 cuperete

551 3761 568 3789 ⁶
588 3758 824 3824 repeton'
847 3775 999 3823 quem
1031 3759 1150 3808 dedi
1172 3759 1209 3809 Ρ
1243 3775 1344 3810 ιιοιι
1380 3769 1487 3811 tam
1524 3763 1618 3811 ini-

554 3852 846 3904 quus-sum,
886 3842 945 3886 ut
980 3838 1141 3887 semel
1179 3838 1370 3900 placita
1403 3846 1459 3888 et
1492 3854 1612 3889 con·

556 3914 800 3964 ventione
837 3914 1104 3973 utriusque
1143 3923 1373 3964 nostrum
1412 3915 1619 3966 firmata

553 3992 864 4054 convellere,
881 3991 1040 4041 autin
1058 3997 1198 4040 tuum
1214 3992 1302 4055 jus
1326 4006 1406 4041 me
1423 3993 1613 4044 immit-

552 4080 667 4122 tere
689 4071 932 4135 cogitem.
967 4077 981 4100 ‘
998 4070 1215 4121 Dictum
1239 4072 1336 4122 hoo
1356 4074 1494 4123 inter
1516 4084 1611 4123 nos

553 4149 682 4199 fuit’
717 4149 820 4213 (ita
842 4148 956 4211 ipse
978 4148 1181 4198 Demea
1203 4146 1399 4199 fatetur
1433 4158 1537 4198 act.
1560 4164 1614 4199 v.

553 4240 629 4275 sc.
664 4230 713 4275 8.
747 4241 823 4274 vs.
845 4225 949 4286 10.)
976 4226 1073 4274 ‘ne
1097 4233 1154 4273 tu
1192 4239 1399 4274 curares
1422 4240 1612 4289 meum,

476 4351 483 4369 ,
552 4317 685 4356 neve
729 4317 829 4367 ego
870 4301 1054 4352 tuum.’
1118 4303 1279 4353 Tuum
1315 4304 1452 4354 enim
1491 4319 1611 4355 esse

1244 379 1459 444 norm
1506 393 1909 444 vitumnus«
1960 394 2040 443 m

1691 538 1882 590 factum
1927 539 2226 591 AEschinum
2270 540 2387 605 ipsa
2442 539 2751 605 adoptionis,

1692 618 1878 681 qua‘in
1912 623 2054 667 tuam
2086 618 2291 666 domum
2329 633 2448 667 enm
2481 619 2625 678 dedi,
2646 618 2748 668 for-

1691 696 1829 743 mula
1847 694 2008 758 probe
2019 696 2356 745 commemini.
2384 697 2575 761 Itaque
2593 712 2748 761 qnan-

1693 778 1802 820 tum
1835 765 1901 821 'ad
1928 772 2019 835 jns
2054 773 2261 834 attinet,
2286 781 2342 823 tu
2376 773 2453 823 illi
2487 783 2643 838 pater
2678 788 2750 836 es,

1690 861 1794 897 non
1815 862 1915 912 ego
1938 865 1949 896 ε
1973 845 2157 898 alicnus
2179 856 2353 899 tamen
2372 865 2469 899 non
2489 865 2622 899 sum:
2656 863 2749 900 nec

1691 938 1757 974 ex
1801 926 1971 975 animo
2012 923 2256 975 affectum
2299 937 2500 977 natnrae
2547 942 2751 991 possum

1691 1005 1959 1066 expellere
1978 1019 1994 1052 ι
2029 1018 2158 1065 oegre
2190 1009 2264 1053 est
2295 1018 2441 1067 ergo,
2464 1019 2566 1054 nec
2599 1005 2751 1055 aliter

1689 1078 1802 1129 fieri
1850 1086 2042 1145 potest.
2076 1095 2193 1129 cum
2241 1080 2305 1129 ad
2350 1095 2500 1129 omne
2547 1078 2751 1130 facinus

1690 1169 1808 1204 eum
1847 1155 2048 1219 prolabi
2084 1155 2256 1205 audio.
2319 1156 2373 1205 Si
2412 1163 2592 1207 tamen
2627 1158 2754 1208 hanc

1692 1246 1897 1296 quoqne
1940 1237 2140 1281 naturae
2184 1231 2569 1281 solicitudinem
2612 1231 2752 1284 ferre

1690 1322 1794 1357 non
1805 1315 1993 1371 -potes,
2020 1309 2304 1358 concedam
2315 1339 2320 1342 -
2333 1319 2440 1358 tuae
2464 1309 2719 1358 voluntati
2738 1324 2755 1370 3

1691 1382 1902 1433 verbum
1944 1384 2161 1447 posthac
2207 1400 2364 1434 unum
2402 1398 2511 1434 non
2552 1384 2755 1434 addam.

1661 1460 1862 1510 Poeta
1904 1460 2065 1524 igitur
2104 1461 2340 1512 studiose
2373 1455 2686 1512 custodivit·
2709 1462 2757 1514 in

1691 1537 1827 1586 omni
1851 1536 2044 1588 deinde
2067 1535 2263 1593 fabula,
2294 1547 2354 1586 ut
2379 1539 2605 1588 Demeas
2635 1550 2756 1588 eon·

1681 1620 1920 1676 ‚stantem
1944 1614 2204 1676 servandi,
2227 1629 2345 1680 qnae
2380 1622 2756 1677 convenerant,

1691 1691 2015 1740 voluntatem
2040 1690 2310 1742 tribueret.
2345 1693 2452 1742 -De
2477 1693 2755 1757 Ctesipho·

1692 1779 1780 1828 ne,
1803 1763 2025 1824 ‘lllnmss
2048 1765 2237 1830 inquit,
2258 1768 2414 1816 ‘curo
2437 1782 2600 1818 tinum
2622 1784 2640 1829 ς
2671 1767 2754 1818 ine

1690 1841 1757 1892 ad
1781 1855 1865 1890 me
1887 1841 2095 1892 attinet.
2117 1844 2320 1907 quando
2343 1844 2560 1895 ita.vult
2579 1844 2758 1901 frater.

1692 1917 1761 1967 de
1823 1917 1957 1968 istoc
2016 1918 2309 1984 (AEschino>
2364 1921 2478 1985 ipse
2537 1919 2760 1972 viderit?

1692 1994 1812 2044 Non
1853 1994 1962 2057 pati
2002 1996 2210 2060 quidem
2251 2004 2462 2058 poterat
2498 1998 2756 2048 severitas

1694 2071 1933 2133 Demeae‚
1976 2073 2098 2137 quin
2142 2073 2384 2123 Micionis
2427 2074 2758 2138 disciplinam

1691 2145 1911 2197 subinde
1932 2156 2226 2209 accusaret,
2247 2149 2517 2199 arbitrium
2545 2151 2648 2201 sibi
2684 2159 2759 2201 ta·

1690 2240 1808 2275 men
1833 2227 1884 2275 in
1907 2233 2020 2278 toto
2051 2229 2261 2291 negotio
2293 2229 2487 2278 nullum
2526 2229 2759 2281 vindica·

1692 2301 1814 2356 vit..
1852 2303 1959 2365 Ita,
1992 2318 2109 2353 cum
2148 2304 2320 2369 Hegio
2357 2306 2547 2355 vitium
2574 2307 2761 2372 virgini

1691 2377 1756 2428 ab
1775 2380 2018 2429 AEschino
2035 2381 2262 2430 oblatum
2283 2389 2763 2445 commemorasset,

1691 2456 1757 2508 sd
1775 2456 2059 2508 Micionem
2082 2458 2255 2509 omnia
2278 2456 2559 2510 referenda
2582 2459 2760 2511 decer·

1692 2536 1786 2585 nit.
1810 2535 1939 2600 (act.
1961 2549 2048 2586 ιιι.
2072 2551 2145 2586 sc.
2168 2537 2248 2600 4.)
2269 2536 2372 2586 imo
2393 2537 2560 2585 solius
2573 2537 2760 2587 Micio·

1690 2612 1769 2661 nis
1781 2611 2038 2661 arbitratu
2053 2612 2118 2661 ad
2135 2612 2344 2676 nuptias
2363 2625 2447 2661 res
2461 2611 2761 2676 deducitur,

1690 2689 1818 2756 (act.
1846 2704 1922 2741 lv.
1954 2705 2025 2740 sc.
2048 2695 2127 2756 ⁷.)
2149 2705 2263 2740 nam
2284 2705 2401 2756 quae
2427 2699 2558 2740 actu
2583 2692 2761 2757 quinto

1692 2768 1899 2816 videtur
1903 2767 2096 2831 jubere
2106 2768 2402 2831 Demea,ea
2414 2768 2625 2818 consilii
2644 2774 2761 2818 suat

1689 2844 1756 2893 ad
1789 2844 2052 2907 ingenium
2075 2851 2133 2895 et
2154 2845 2478 2896 voluntatem
2513 2846 2756 2899 Micionis

1690 2921 2084 2985 accommodati,
2099 2936 2162 2972 eo
2182 2921 2407 2987 εἰρωνείας
2430 2924 2677 2989 artificio,
2697 2924 2759 2973 de

1688 3015 1789 3065 quo
1811 3006 1951 3050 ante.
1997 3001 2167 3050 Paulo
2189 3001 2301 3051 lraec
2326 3001 2539 3050 uberius
2562 3001 2759 3065 consig-

1689 3077 1827 3138 navi,
1850 3076 1974 3141 quia
2007 3077 2223 3127 illustris
2258 3078 2491 3141 inprimis
2513 3079 2635 3129 haec
2660 3078 2758 3127 dis-

1688 3155 1895 3217 putatio
1918 3155 1971 3203 in
1996 3152 2252 3218 Adelphis
2275 3161 2374 3216 est,
2395 3154 2463 3204 de
2502 3155 2758 3205 translata

1688 3231 1826 3294 apud
1851 3230 2069 3283 Graecos
2092 3245 2190 3295 per
2218 3230 2557 3294 adoptionem
2587 3230 2756 3295 patria

1689 3313 1975 3371 potestate.
2007 3306 2072 3356 Id
2105 3307 2243 3371 quod
2269 3307 2321 3356 in
2338 3309 2461 3371 jure
2485 3308 2632 3358 civili
2657 3309 2757 3358 Ro-

1691 3396 1841 3432 mano
1878 3383 2033 3433 aliter
2077 3391 2265 3446 postea
2294 3382 2623 3435 Justinianus
2656 3384 2756 3433 Im-

1691 3465 1918 3522 perator,
1966 3458 2174 3523 egregia
2231 3459 2559 3524 philosophia
2616 3473 2754 3522 usus,

1688 3536 1984 3586 constitnit.
2017 3537 2278 3587 Boecknu.

1753 3616 1819 3662 34
1855 3613 2010 3662 'litum
2028 3612 2196 3678 βίαια
2224 3613 2406 3664 dedisti
2427 3616 2748 3678 adoptandus·

1687 3688 1829 3751 mihi]
1867 3688 2006 3737 Mira
2040 3690 2419 3751 argumentatio
2455 3704 2549 3753 per
2572 3691 2751 3752 ἐπαγω-
2822 3742 2826 3745 Α

1686 3765 1799 3828 γὴν,
1822 3780 1941 3831 quoe
1974 3763 2189 3817 inductio
2210 3766 2277 3815 ab
2297 3766 2598 3816 oratoribus
2620 3766 2748 3817 dici-

1686 3850 1796 3906 tur,
1818 3857 1975 3908 quum
2011 3855 2107 3905 per
2144 3841 2606 3905 interrogationem
2636 3855 2749 3904 per-

1687 3921 1917 3969 venimus
1935 3919 1999 3968 ad
2025 3918 2099 3980 ld,
2116 3918 2254 3982 qnod
2273 3918 2526 3980 volumus,
2547 3917 2748 3968 conclu-

1686 3996 1930 4047 dendum.
1979 3996 2219 4046 Donatus.

1752 4075 2090 4138 Adoptondum
2142 4071 2285 4134 milri]
2321 4110 2328 4115 .
2380 4068 2747 4134 Adoptationis

1685 4151 1959 4202 formulam
1983 4149 2101 4200 vide
2125 4147 2265 4213 apud
2287 4146 2461 4212 Agell.
2480 4146 2515 4195 1.
2536 4160 2585 4196 v.
2605 4160 2652 4195 c.
2667 4147 2746 4195 19.

1689 4228 1971 4278 Farnobius.

1750 4308 1813 4356 85
1851 4304 1903 4357 Is
1922 4318 2055 4356 meus
2075 4298 2347 4364 estfactum]
2376 4298 2465 4350 Sic
2483 4295 2743 4365 progredi·
