3035 4941
437 327 613 400 1184

498 491 533 537 2
561 484 833 548 wjuhm
848 485 1049 552 acensi]
1071 486 1238 538 Recte
1257 485 1451 547 ,iubeam
1470 502 1489 536 .-

351 597 356 601 -
436 564 558 628 quie
596 577 791 613 summa
827 567 1059 627 potestas
1101 564 1398 627 nuptiarum
1431 564 1486 613 in

1473 667 1478 674 ·
1563 656 1661 707 que
1696 643 1809 706 ipse
1841 641 2081 704 technam
2099 640 2311 691 indicat.
2331 641 2384 689 in
2408 640 2616 690 theatro

431 647 598 703 patre
599 640 795 703 puellae
816 647 910 691 est.
938 639 1176 690 Donatus.

506 716 777 778 UtJ‘ubeom
810 716 1007 779 accersi]
1045 716 1131 765 Sc.
1168 725 1406 780 sponsam
1430 724 1486 766 et

435 800 686 856 cognatos
707 793 761 841 in
782 791 990 842 domum
1008 791 1246 842 Simonis.
1301 792 1483 843 Boecle-

428 883 532 919 rus.
1442 888 1448 894 ·

483 946 598 996 Sed
637 945 749 1008 quid
784 943 892 1007 hoc]
931 943 1052 993 Non
1095 944 1484 1009 interrogantis,

431 1024 525 1074 sed
547 1023 781 1074 mirantis
804 1030 860 1072 et
883 1037 979 1072 non
1015 1022 1351 1085 intelligentis
1384 1028 1482 1071 est.

430 1107 488 1151 et
530 1105 749 1163 apparet
800 1114 914 1150 eum
964 1113 1064 1149 nou
1111 1100 1273 1150 oculis
1324 1100 1483 1163 prius,

432 1190 583 1240 qnam
618 1176 850 1238 corporis
886 1172 1087 1225 offensu
1118 1190 1337 1240 puerum
1368 1189 1486 1225 sen·-

428 1254 563 1302 sisse
579 1252 845 1302 latentem.
877 1252 1115 1304 Donatus.

495 1332 527 1377 3
562 1329 693 1392 Puer
712 1329 865 1379 hercle
899 1330 992 1393 est]
1032 1330 1291 1381 Ornativa
1323 1329 1483 1394 parti-

430 1406 550 1456 cule
568 1413 650 1455 est
671 1398 864 1462 Hercle.
899 1406 1066 1457 Idem.

493 1481 700 1545 Mulier]
722 1482 891 1545 Magis
915 1496 1064 1546 quam
1088 1481 1274 1545 Mysis.
1310 1482 1478 1533 Idem.

493 1557 692 1609 Mulier.
730 1556 832 1607 tun’
864 1558 1147 1622 opposuisti]
1188 1556 1485 1608 Annotatur

428 1634 565 1699 apud
590 1635 857 1688 Donatum
874 1652 889 1683 ε
913 1636 929 1664 ‘
944 1635 1135 1686 Mulier
1156 1635 1318 1697 magis
1330 1650 1483 1700 quam

429 1714 633 1779 Mysis.’
712 1715 819 1773 Sed
862 1715 1115 1780 quomodo
1164 1721 1343 1779 potest
1366 1716 1483 1765 vhoc

429 1791 552 1855 dici,
570 1807 687 1842 cum
711 1793 958 1844 Chremes
980 1792 1316 1857 ignoraverit,
1336 1793 1483 1857 cujus

429 1875 570 1920 esset
602 1869 951 1932 hac-ancilla,
989 1868 1179 1919 nedum
1205 1883 1307 1933 quo
1330 1884 1480 1922 voca·

429 1950 571 1995 retur
592 1945 833 1994 nomine?
866 1945 1044 2009 itaque
1064 1953 1249 2008 postea
1270 1945 1480 1998 demum

427 2022 660 2085 agnoscit
693 2021 925 2085 Glycerii
963 2022 1202 2071 ancilium
1237 2036 1369 2071 esse.
1406 2037 1481 2074 vs.

423 2103 509 2150 1⁷.
568 2100 584 2127 ‘
617 2098 700 2150 Ab
745 2098 941 2149 Andria
995 2106 1077 2148 est
1122 2098 1313 2149 ancilla
1351 2099 1482 2162 haec,

425 2185 672 2241 quantum
697 2174 964 2240 intelligo?
998 2176 1255 2225 Boeclerus.

498 2254 593 2302 Ubi
626 2254 727 2306 iaie
761 2255 853 2326 est]
889 2255 1096 2302 Davum
1142 2252 1347 2316 quaerit,
1394 2221 1481 2314 qui

426 2343 580 2380 nunc.
595 2330 879 2391 abscessit,
912 2335 973 2378 ut
1007 2335 1063 2377 et
1098 2329 1212 2391 ipse
1257 2328 1323 2377 de
1366 2325 1479 2377 foro

427 2406 604 2456 venire
626 2405 877 2456 videatur.
909 2405 1147 2455 Donatus.

489 2486 523 2532 4
558 2483 669 2533 Non
711 2483 828 2537 milii
871 2484 1143 2546 respondes]
1185 2483 1345 2544 Bene,
1387 2497 1481 2532 non

422 2561 684 2621 respondes.
747 2560 816 2609 Se
848 2561 985 2608 enim
1022 2574 1217 2609 memor
1250 2567 1330 2609 est
1352 2559 1481 2609 veti-

426 2643 532 2685 tam
555 2636 833 2700 quidquam
850 2635 1048 2699 dicere,
1068 2636 1167 2685 nisi
1188 2635 1482 2686 subserviat

426 2712 648 2765 orationi
674 2713 825 2761 Davi.
864 2713 1010 2763 Idem.

488 2793 518 2836 5
554 2788 769 2851 Reliquit
788 2787 920 2837 homo
940 2789 1037 2852 me]
1072 2789 1208 2838 Mire
1228 2791 1479 2853 hominem,

423 2877 526 2915 non
550 2864 742 2913 Davum
763 2864 927 2915 dixit:
964 2873 1023 2915 ut
1052 2866 1207 2915 etiam
1232 2867 1275 2915 si
1300 2865 1479 2916 audiat

425 2939 689 3002 Chremes,
728 2941 979 2992 incertam
1021 2955 1290 3004 personam
1318 2943 1476 2992 homi·

422 3015 503 3067 nis
515 3015 718 3086 audiat,
738 3031 841 3067 non
863 3019 1089 3068 Davum.
1125 3019 1275 3070 Idem.

485 3093 668 3157 Homo]
690 3096 889 3159 Davus,
902 3096 988 3160 qui
1013 3104 1316 3159 recesserat,
1338 3103 1397 3146 ut
1411 3097 1477 3146 de

420 3166 772 3221 foro.venisse
804 3172 1078 3234 videatur;
1112 3187 1333 3237 namque
1377 3175 1473 3223 hoc

388 3263 405 3272 ·
423 3247 553 3310 agit,
587 3254 646 3299 ut
676 3249 787 3312 ipse
807 3249 1062 3309 *videatur
1083 3250 1301 3315 simplex
1325 3257 1380 3299 et
1402 3251 1474 3314 ig-

420 3336 594 3385 narus,
626 3332 784 3389 atque
814 3331 874 3374 ut
895 3325 1156 3389 Pamphili
1192 3340 1335 3375 amor
1357 3341 1475 3390 pro·

421 3398 575 3449 datur
598 3399 878 3453 Chremeti.
914 3401 1198 3451 Farnobius.

484 3477 560 3525 Di
578 3482 784 3527 vostrum
805 3477 959 3542 fidem
971 3476 1019 3541 l]
1044 3475 1361 3527 Adverbium
1386 3476 1475 3525 ad-

416 3551 649 3602 mirantis
672 3567 790 3601 cum
812 3553 1202 3615 exclamatione.
1222 3553 1460 3605 Donatus.

484 3632 518 3677 6
544 3628 673 3684 Quid
693 3628 843 3678 turbae
863 3634 932 3680 est
964 3630 1088 3694 opud
1112 3628 1303 3692 sorum]
1344 3628 1475 3678 Haec

420 3703 579 3753 verba
600 3712 721 3755 sunt
748 3705 998 3755 venientis
1024 3705 1089 3755 de
1114 3705 1245 3756 foro.
1280 3707 1430 3756 Idem.

488 3779 617 3836 Quid
636 3781 736 3830 illic
757 3783 993 3832 hominum
1014 3782 1237 3846 litigant]
1257 3783 1475 3847 Legitur

422 3862 479 3907 et
498 3856 679 3918 litigat.
713 3858 880 3907 Idem.

485 3936 516 3984 7
544 3933 663 3982 Tum
692 3949 876 3984 annona
895 3949 1007 3984 cora
1041 3934 1136 3997 est]
1169 3933 1473 3985 Comminis-

425 4008 593 4059 centis
634 4016 716 4063 est
758 4012 946 4074 potius,
980 4026 1134 4077 quam
1163 4011 1317 4062 alicui
1338 4007 1472 4061 refe·

419 4087 598 4138 rentis.
633 4090 781 4142 Idem.

488 4164 617 4223 Quid
638 4167 791 4222 dicam
810 4169 966 4233 aliud]
989 4168 1105 4223 Hoc
1128 4174 1245 4232 post
1268 4172 1472 4233 specta·

421 4245 579 4296 tores.
618 4242 765 4295 Idem.

1154 341 1375 392 No'rAE
1421 340 1822 393 VAalonuM
1850 341 1957 392 ‘m‘
2003 379 2009 386 .

1637 488 1769 543 Quid
1797 475 2118 552 ‹12⁶me
2152 483 2511 549 ποόίοῙἨιιε
2546 482 2615 536 sd

1566 571 1888 626 spectatores
1932 577 2206 612 conversus
2260 562 2405 613 dicit.
2450 560 2617 612 sunni-

1561 719 1697 769 enim
1740 733 1915 769 ornnes
1950 718 2122 768 omnia
2164 717 2491 767 resciscuntx
2538 716 2617 765 ita

1561 803 1638 858 ut,
1665 810 1780 859 quae
1803 809 2038 859 personae
2070 795 2423 858 colloquentes
2448 807 2503 842 se
2536 791 2618 841 in·

1561 872 1724 921 vicem
1768 867 1961 932 celant,
2002 870 2388 936 spectatoribus
2429 873 2616 933 patere

1560 947 1800 999 debeant.
1844 949 2099 998 Boeclens.
2600 965 2607 972 “

1624 1030 1655 1075 8
1693 1026 1791 1074 Cur
1812 1031 1865 1075 tu
1883 1025 2064 1076 obsecro
2083 1025 2160 1074 liic
2179 1039 2254 1074 me
2271 1022 2442 1086 solum]
2475 1021 2619 1071 ‘Aro-

1559 1102 1784 1161 σιῶπησις
1804 1104 1977 1153 tertia.
2009 1102 2248 1152 Donatus.

1627 1183 1726 1229 Gur
1737 1186 1786 1230 te
1800 1181 2001 1243 obsecro,
2016 1180 2123 1243 isc-J
2147 1176 2621 1243 Apmiopessub-

1559 1262 1793 1305 struente
1816 1257 1969 1305 illios
2002 1258 2154 1305 Davo
2190 1263 2247 1305 et
2278 1254 2441 1303 multa
2460 1252 2620 1303 simul

1558 1330 1936 1394 interrogante.
1972 1331 2256 1381 Farnobiu-

1623 1409 1828 1473 Fabula]
1856 1409 2135 1460 Fabulam
2150 1423 2209 1457 se
2249 1406 2382 1457 dicit
2414 1405 2620 1471 audire,

1561 1485 1663 1555 qni
1673 1486 1748 1535 rei
1766 1486 2075 1551 principium
2093 1485 2446 1549 rationemque
2468 1484 2617 1576 igno-

1560 1568 1660 1611 rat.
1698 1563 1936 1613 Donatus.

1623 1643 1656 1688 9
1699 1639 1831 1703 Eho]
1887 1638 1993 1689 Eho
2044 1637 2345 1701 interjectio
2397 1643 2503 1687 est
2527 1636 2615 1687 vel

1559 1715 1867 1779 principium
1910 1714 2417 1765 animadversionem
2452 1714 2505 1765 in
2550 1728 2614 1764 se

1559 1792 1838 1856 poscentis,
1863 1800 1954 1841 aut
1977 1800 2192 1857 repente
2215 1791 2497 1842 cernentis.
2529 1791 2615 1842 Ia.

1622 1875 1685 1920 10
1711 1870 1860 1926 Quem
1891 1870 2048 1933 igitur
2083 1869 2269 1933 rogem]
2304 1870 2440 1920 Post
2459 1883 2614 1932 quem,

1558 1962 1606 1997 o.
1647 1948 1685 1997 l.
1726 1963 1768 1997 s.
1804 1947 1997 1997 habent
2021 1961 2300 2012 pronomen
2324 1962 2441 2008 ego.
2430 1961 2445 1976 ·
2473 1946 2616 2011 quod

1555 2024 1608 2074 in
1631 2025 1897 2076 scansione
1936 2025 1989 2074 in
2027 2040 2178 2074 unam
2214 2024 2467 2088 syllabam
2491 2036 2614 2073 con-

1557 2103 1881 2164 trahendum,
1915 2110 1969 2154 et
1997 2115 2095 2167 per
2110 2102 2463 2168 synaloepham
2483 2100 2616 2165 abji-

1557 2181 1791 2229 ciendum
1815 2187 1913 2230 est.
1947 2180 2180 2230 Fu'e‘rnus.

1621 2262 1681 2307 11
1737 2257 1843 2313 Qui
1873 2258 1952 2307 liic
1991 2257 2224 2307 neminem
2265 2223 2410 2304 olium
2434 2254 2610 2318 ¹video]

1558 2333 1755 2384 Callicle
1778 2332 2002 2384 affirmat
2023 2348 2125 2384 non
2138 2334 2246 2383 sibi
2266 2332 2432 2382 visum
2458 2332 2617 2382 Chre·

1555 2424 1708 2468 mem,
1728 2425 1844 2460 cum
1858 2418 1934 2461 et
1964 2410 2268 2475 praeviderit
2290 2409 2609 2472 venientem,

1556 2495 1611 2538 et
1633 2495 1944 2552 praesentem
1968 2488 2163 2538 videat.
2196 2489 2431 2539 Donatus.

1625 2566 1722 2622 Qui
1734 2565 1812 2614 hic
1831 2566 2064 2615 neminem
2083 2566 2231 2614 ulium
2249 2564 2408 2627 uideo]
2442 2562 2532 2612 Ita
2553 2571 2612 2613 et

1553 2644 1829 2703 Donatus3
1854 2642 1945 2693 sed
1969 2656 2016 2693 o.
2038 2642 2072 2692 l.
2094 2656 2135 2690 s.
2156 2639 2389 2691 Terentii
2407 2640 2612 2690 videam

1554 2719 1805 2768 Faernus.

1621 2782 1718 2841 Qui
1738 2783 1815 2832 hic
1833 2782 2065 2832 neminem
2085 2762 2230 2832 olium
2250 2780 2407 2844 video]
2439 2779 2616 2831 Dissi-

1552 2862 1712 2911 mulat
1729 2859 1828 2909 sibi
1849 2860 2007 2909 visum
2028 2860 2377 2909 Chremetem.
2376 2857 2615 2913 Εαηωῦι

1618 2938 1778 2987 Miror
1798 2939 1920 2986 unde
1940 2935 2029 2998 sit]
2066 2937 2228 2984 Miror
2259 2942 2468 2985 veteres
2491 2948 2615 2984 cum

1549 3017 1689 3077 unde,
1752 3029 1849 3078 pro
1910 3015 2083 3063 neseio
2152 3014 2429 3078 ponebant.
2491 3026 2614 3062 nam
2675 3044 2679 3048 »

1550 3091 1826 3142 admiratio
1871 3091 1940 3140 ab
1983 3090 2279 3154 ignorantia.
2323 3089 2612 3139 descendit.

1551 3171 1788 3230 Plautus,
1823 3170 1945 3219 ‘Ne
1980 3170 2094 3234 quis
2130 3170 2348 3219 miretur
2386 3167 2612 3269 quisim,

1551 3249 1729 3312 paucis
1751 3245 2003 3311 eloquar?
2027 3247 2263 3300 Donatus.

1616 3326 1777 3374 Miror
1797 3326 1919 3374 unde
1939 3322 2030 3385 sit]
2053 3323 2288 3375 Dilutnm
2316 3320 2467 3372 nimis
2490 3334 2609 3370 esse
2678 3328 2683 3329 ’

1553 3401 1758 3451 videtur
1787 3399 1987 3450 Donati
2020 3397 2080 3447 τὸ
2110 3398 2284 3461 nescio,
2324 3411 2425 3461 quo
2459 3397 2610 3451 miror

1550 3479 1672 3527 unde
1709 3475 1957 3539 explicat.
2023 3477 2206 3528 Davus
2258 3473 2394 3524 enim
2448 3473 2611 3523 admi-

1551 3552 1812 3603 rabundus
1833 3554 2033 3603 vultum
2067 3550 2348 3615 cogitantis
2371 3547 2614 3614 proefert,

1551 3637 1608 3680 et
1629 3632 1892 3695 inquirere
1913 3644 1970 3679 se
2001 3628 2253 3692 ostendit,
2272 3628 2410 3678 unde
2435 3628 2505 3678 sit
2523 3627 2611 3677 bic

1550 3721 1699 3772 puer.
1733 3708 1992 3756 Boeclerus.

1616 3787 1679 3837 12
1700 3780 1943 3835 Die-turon
1975 3784 2095 3846 quod
2126 3782 2264 3847 rog-o]
2302 3781 2463 3832 Liber
2485 3781 2611 3849 Vic

1552 3859 1804 3921 torianus,
1855 3859 2074 3909 dicturan
2126 3875 2214 3911 es.-
2272 3859 2360 3908 aiii
2408 3872 2610 3920 omnes,

1549 3936 1739 3986 dictura
1759 3951 1817 3986 ne
1852 3951 1920 3998 es,
1953 3937 2130 4000 itaque
2153 3936 2451 3987 Priscianus
2474 3934 2609 3984 eitat

1548 4014 1663 4064 ibro
1683 4027 1778 4065 xit.
1797 4028 1977 4064 versus
1998 4020 2171 4063 autem
2185 4019 2506 4065 sustentatur
2521 4013 2606 4062 vel

1549 4091 1844 4154 abjectione
1886 4105 1908 4139 s
1945 4104 2012 4139 ex
2047 4105 2115 4154 es,
2152 4091 2236 4140 vel
2277 4090 2310 4140 d
2365 4104 2431 4139 ex
2461 4090 2604 4152 quod.

1547 4168 1715 4232 primo
1738 4165 1910 4228 modo,
1933 4166 2186 4216 secundus
2221 4180 2316 4230 pes
2353 4164 2455 4215 erit
2486 4178 2606 4213 ana-

1549 4249 1764 4306 paestus,
1786 4241 1968 4293 tertius
1993 4241 2221 4307 iambus3
2243 4242 2408 4293 altero
2422 4253 2604 4294 secuu-
