3035 4941
540 385 716 454 1334

1166 383 1169 386 ’
1244 394 1461 445 No'rAE
1510 389 2047 441 vAR1ouuM·1N

544 537 1602 607 Bembinimargineadscriptahaecinter·
1682 509 1977 586 vaoism‘ou
2018 547 2076 582 en
2108 529 2382 592 somme:
2427 522 2753 577 Ver-tendum

541 622 793 692 prelatio,
829 624 843 651 ‘
870 623 940 673 H.
967 614 1014 671 e..
1037 621 1223 669 durum
1248 634 1303 666 se
1327 617 1604 681 praebebit,

542 706 628 754 vel
652 702 907 761 absolute,
943 699 1116 759 dunas,
1149 703 1209 745 ut
1233 696 1424 745 dicitur
1445 695 1606 743 bonas

540 782 592 829 ei
617 779 785 841 dedit,
819 778 904 825 vel
934 775 1081 825 dabit
1111 772 1320 838 poenas!
1387 773 1570 822 Cicero
1591 788 1607 820 ι

538 862 556 888 ‘
583 860 751 911 Quam
794 856 1017 919 primum
1054 852 1333 901 adveniens
1382 849 1609 899 dedisti.’

541 937 665 986 etin
679 932 939 983 Verrinis:
965 932 980 958 ‘
1000 930 1194 979 Verum
1211 929 1301 977 illa
1319 936 1401 977 est
1422 926 1608 990 μεθ’

546 1012 782 1062 Faernus.

610 1089 716 1138 Diu
744 1088 888 1136 etiam
925 1086 1070 1134 duras
1099 1083 1256 1146 dabit]
1286 1082 1393 1132 Sub
1416 1082 1609 1145 'plagas

543 1168 580 1216 i.
599 1183 643 1216 e.
667 1166 756 1215 diu
782 1171 835 1214 te
855 1163 978 1212 satis
999 1162 1275 1223 cruciabit,
1305 1168 1356 1210 te
1379 1158 1610 1220 differet,

546 1253 955 1306 suspensumque
1001 1239 1156 1288 animi
1198 1238 1420 1300 tenebit,
1462 1242 1608 1284 ante-

545 1333 700 1381 quam
743 1315 1073 1364 matrimonio
1118 1312 1400 1375 Antiphilae
1446 1310 1607 1374 potiri

534 1407 722 1457 queas.
777 1390 1122 1454 calphurnius
1149 1389 1312 1437 voluit
1335 1386 1606 1437 subaudiri

540 1474 703 1532 partes
745 1474 859 1516 aut’
887 1468 1011 1525 lites,
1048 1465 1183 1529 quod
1226 1465 1415 1514 merito
1461 1463 1603 1528 equi-

547 1545 664 1593 dem
691 1543 1026 1607 reprehendit
1054 1543 1379 1602 Palnierius;
1411 1541 1506 1591 sed
1529 1540 1603 1590 in-

546 1621 848 1672 felicissime
865 1636 1007 1684 purus
1020 1619 1314 1669 substituit.
1346 1618 1608 1666 Boeclerus.

535 1725 545 1746 .·
603 1703 666 1748 23
683 1699 781 1758 Qui
796 1697 1009 1746 intuetur
1021 1696 1129 1757 uos]
1151 1696 1376 1744 Multum
1393 1693 1539 1754 fecit,
1555 1695 1608 1742 iu
1631 1715 1634 1720 ·

547 1774 887 1838 exprimendo
908 1772 1099 1823 affectu
1122 1772 1325 1823 Cliniae.
1347 1786 1484 1821 nunc
1503 1770 1610 1820 An-

536 1852 752 1915 .tiphilae
777 1852 1002 1900 animum
1032 1851 1370 1900 concursione
1405 1862 1614 1912 magno-

548 1947 662 1981 rum
700 1936 933 1981 motuum
971 1932 1345 1995 liquescentem
1379 1930 1615 1991 inducit;

548 2019 677 2074 apta
691 2010 838 2059 sexui
854 2013 911 2058 et
928 2008 1135 2071 negotio
1153 2013 1614 2070 commentu8,quae

547 2089 637 2138 vix
659 2088 909 2151 explicari
934 2087 1104 2136 verbis
1130 2096 1364 2149 possunt.
1421 2086 1615 2148 Estque

546 2167 630 2216 hic
643 2167 785 2215 locus
805 2172 946 2214 totus
963 2171 1223 2213 actuosuS.
1237 2168 1462 2227 aguntur
1477 2160 1613 2210 enim

548 2243 701 2306 plura
733 2250 789 2290 et
827 2241 1263 2301 demonstrantur,
1297 2252 1450 2302 quam
1473 2236 1615 2286 exiii-

550 2319 761 2369 bentur.
799 2319 947 2368 Idem.

614 2397 790 2445 Retine
810 2410 883 2443 me
904 2393 1115 2455 obsecro]
1143 2391 1342 2442 Deficit
1365 2391 1618 2440 exanimis

551 2474 660 2537 prae
687 2472 873 2520 laetitia
896 2470 1144 2534 deliquio.
1181 2469 1469 2519 Famabius.

582 2576 586 2588 ι
615 2553 680 2598 24
718 2547 823 2597 ΑΝ.
856 2547 1092 2609 Disperii.
1161 2547 1260 2595 ΒΑ.
1296 2546 1423 2608 perii
1451 2547 1623 2596 misera

547 2627 662 2690 quid
680 2623 863 2688 stupes]
883 2625 1032 2673 Sicut
1045 2624 1285 2686 Guyetus
1306 2623 1622 2685 corrigit,ita

551 2717 684 2751 unus
722 2701 879 2749 habet
915 2714 1149 2748 meorum
1189 2699 1320 2746 Mss.
1358 2696 1618 2747 codicum.

551 2780 690 2828 alter
712 2777 894 2826 eodem
936 2776 1107 2825 tendit
1131 2776 1183 2823 in
1207 2774 1341 2823 hunc
1375 2774 1616 2824 modum:

544 2854 633 2904 A.
663 2854 859 2916 disperii
897 2853 1089 2902 misera.
1171 2851 1253 2899 Β.
1274 2851 1390 2915 quid
1426 2847 1621 2915 stupes?

484 2951 498 2963 ·
553 2931 842 2980 Boeclerus.

622 3008 752 3063 Quid
769 3006 952 3070 stupes]
989 3005 1106 3055 Hoc
1140 3005 1274 3066 loco,
1301 3010 1508 3067 stupere,
1534 3008 1618 3052 est

551 3085 781 3151 deliquio
803 3084 961 3137 animi
983 3083 1197 3148 tentari,
1230 3083 1405 3134 tomher
1427 3094 1485 3130 en
1502 3095 1614 3144 pas-

1686 613 1845 678 igitur
1862 618 1961 675 est,
1974 610 2086 659 ἀόΐι
2100 623 2215 658 vous
2228 608 2360 655 vient
2375 602 2761 672 cettefoiblene?

1690 690 1790 747 vel,
1826 692 1926 738 διο.
1996 688 2116 736 Nou
2158 690 2353 745 autem,
2381 680 2614 744 pour-quoi
2645 691 2760 727 vous

1690 762 2081 817 estanores-vous?
2159 762 2313 811 Prius
2358 760 2568 809 dixerat
2602 754 2758 806 Anti-

1669 844 1855 911 phila,
1898 842 1999 903 Ali,
2040 839 2192 891 retine
2227 853 2321 887 me.
2389 827 2529 886 Gall.
2575 831 2760 891 Ahsje

1689 920 1799 969 n'en
1815 920 1925 983 puis
1942 921 2069 982 plus,
2086 922 2326 966 sowenez
2343 914 2439 963 moi
2450 930 2469 971 ;
2501 911 2632 977 quia
2643 911 2759 973 jam

1692 998 2158 1057 labebatur3'nam
2189 992 2458 1043 labi-idem
2491 1003 2640 1052 saepe
2681 992 2762 1036 est

1690 1074 1827 1140 quod
1865 1073 2148 1138 deliquium
2182 1071 2337 1132 animi
2364 1067 2496 1132 pati.
2567 1065 2761 1128 virgil.

1694 1158 1708 1180 ‘
1732 1151 1968 1206 Labitur,
2005 1157 2061 1198 et
2092 1150 2247 1210 longo
2269 1146 2358 1195 vix
2382 1142 2598 1194 tandem
2630 1148 2763 1192 tem·
2826 1183 2835 1194 .

1694 1242 1822 1292 pore
1848 1225 2034 1277 faturss
2059 1225 2235 1274 Faber.

1754 1311 1820 1357 25
1857 1306 2084 1366 Cliniam,
2113 1303 2218 1368 esa]
2252 1302 2426 1353 Etiam
2451 1314 2563 1364 prae
2587 1296 2765 1360 inopi·

1688 1391 1811 1433 nato
1835 1381 2026 1446 gaudio
2048 1380 2275 1430 dubitat.
2326 1378 2343 1405 ‘
2367 1377 2575 1426 Verane
2586 1380 2663 1423 ie
2690 1370 2765 1422 fa-

1688 1462 1814 1520 cies,
1848 1474 2000 1508 verus
2023 1457 2145 1506 mihi
2170 1454 2383 1506 nuntius
2407 1449 2626 1507 adfers?
2668 1452 2767 1498 διε.

1686 1538 2080 1588 Andromache.·
2108 1535 2259 1599 Virg.
2284 1534 2514 1584 AEn.‘11r.
2551 1529 2769 1580 Farnob-

1754 1623 1820 1667 28
1852 1617 2106 1681 Antiphila
2124 1614 2770 1673 maneatis-nem

1689 1695 1815 1759 meo]
1849 1695 2069 1759 Optime
2103 1699 2271 1743 staret
2303 1691 2559 1749 senarius,
2595 1688 2651 1736 si
2685 1701 2767 1736 ex·

1692 1778 1902 1835 optatam
1944 1772 2323 1835 legen-etunet
2365 1768 2443 1817 ita
2490 1764 2770 1827 scripsisse

1694 1849 2000 1897 Terentium
2028 1846 2285 1896 existimo.
2314 1844 2450 1910 quod
2475 1848 2536 1891 ut
2557 1839 2771 1892 facilius

1696 1925 1922 1989 credam,
1956 1925 2086 1974 facit
2107 1923 2230 1973 alibi
2253 1936 2458 1987 quoque
2482 1930 2772 1984 perversus

1695 2019 1824 2066 mos,
1866 2009 2130 2068 errorque
2158 2001 2488 2050 librariorum
2539 2012 2572 2045 a
2617 1994 2772 2044 uobis

1698 2081 2027 2142 observatus,
2050 2079 2138 2144 qui
2159 2077 2379 2127 finiente
2404 2075 2637 2139 priorem
2665 2072 2772 2121 die-

1697 2157 1893 2206 tiouem
1932 2171 2038 2205 una
2074 2154 2273 2212 littera,
2312 2168 2345 2201 a
2375 2166 2481 2216 qua
2501 2150 2775 2213 posterior

1695 2233 1859 2284 dictio
1883 2233 2161 2297 inciperet,
2182 2230 2398 2280 alteram
2423 2242 2603 2276 earum
2632 2226 2775 2274 litte-

1697 2326 1869 2360 rarum
1895 2325 2037 2375 saepe
2060 2308 2392 2358 omittebant.
2422 2305 2582 2368 idque
2611 2303 2776 2351 etiam

1696 2390 1750 2438 in
1765 2388 2004 2451 -syllabis,
2043 2393 2200 2452 atque
2233 2381 2513 2448 aliquando
2548 2380 2602 2428 in
2642 2379 2774 2427 iute-

1702 2462 2148 2529 gris'dictionibus
2173 2460 2373 2511 factum
2407 2465 2506 2509 est.
2540 2455 2778 2507 Faernus.

1755 2546 1838 2591 r28
1863 2542 2041 2591 Animo
2083 2544 2331 2605 expectata
2365 2535 2490 2598 iuteo]
2529 2535 2618 2583 Ita
2643 2534 2774 2584 Mss.

1700 2636 1933 2672 meorum
1972 2636 2124 2671 unus.
2160 2620 2244 2669 adi
2279 2617 2467 2668 Faern.
2491 2623 2552 2664 et
2573 2615 2776 2678 Guyet.

1700 2699 1807 2748 Sed
1831 2699 1922 2763 qui
1946 2698 2165 2760 addunt,
2203 2711 2269 2746 sc.
2305 2697 2369 2743 ad
2398 2707 2594 2748 coenmu,
2623 2704 2776 2740 ener-

1701 2784 1827 2826 vant
1860 2776 2195 2835 sententiam,
2234 2780 2290 2823 et
2320 2770 2380 2820 τὸ
2409 2769 2522 2829 ἦθος
2555 2782 2663 2818 non
2701 2769 2778 2817 in-

1702 2854 1969 2916 telligunt.
2001 2852 2264 2900 Boeclems.

1765 2934 1831 2978 29
1849 2918 1999 2977 ‘Nam
2019 2943 2100 2976 vos
2126 2926 2412 2986 jmndudum
2444 2928 2672 2986 expectat
2704 2937 2776 2972 se-

1697 3007 1817 3070 nex]
1851 3005 1957 3055 Hic
1979 3018 2155 3053 versus
2187 3001 2375 3051 dividit
2409 2999 2647 3048 fabulam
2667 3017 2684 3048 ε
2722 3007 2778 3048 et

1696 3083 1880 3134 eadem
1920 3082 2179 3132 rationem
2204 3094 2361 3130 morae
2384 3077 2582 3128 reddit.
2619 3077 2774 3126 Idm.

1382 3319 1692 3387 ACTUS
1784 3320 1926 3385 III.

562 3529 566 3533 '
623 3522 807 3572 Scmu
839 3538 878 3573 1.
935 3524 1164 3573 Senariis
1197 3529 1419 3574 constat.
1455 3537 1534 3573 νε.
1574 3527 1621 3574 1.

556 3599 688 3649 Μεε.
714 3596 881 3650 n‘ostri
906 3617 1117 3652 omnes:
1149 3605 1356 3652 lucescit.
1391 3602 1495 3650 duo
1533 3603 1622 3651 ad-

557 3675 689 3725 dunt
711 3691 826 3726 cur.-
857 3693 943 3727 cur
963 3678 1071 3739 J'am
1090 3694 1232 3732 cesso.
1253 3679 1360 3740 jam
1379 3693 1465 3727 cur
1483 3693 1623 3728 cesso.

556 3767 632 3803 νε.
653 3756 702 3803 7.
728 3768 937 3804 omnes:
972 3770 1083 3803 nam
1099 3762 1324 3819 quantum
1337 3757 1623 3819 potero‚-ad-

541 3827 722 3890 juvabo
767 3846 940 3881 senem.
987 3847 1063 3881 νε.
1102 3837 1180 3881 11.
1215 3833 1348 3880 duo:
1385 3834 1446 3880 ad
1481 3831 1621 3880 mise-

554 3906 693 3955 riam.
726 3921 804 3958 vs.
827 3912 910 3957 21.
949 3923 1156 3958 omnes:
1191 3908 1267 3957 hic
1286 3910 1414 3971 apud
1444 3909 1618 3956 medo-

555 3984 640 4035 mi.
694 4000 770 4035 vs.
812 3988 893 4034 37.
936 3985 1067 4034 duo:
1120 3985 1443 4050 per-terruisti.
1485 3999 1617 4033 unus

553 4058 730 4124 etiam,
752 4062 892 4111 hunc.
917 4070 973 4110 et
994 4077 1116 4111 mox
1137 4063 1240 4111 duo
1262 4078 1275 4111 x
1309 4077 1364 4110 ea
1384 4076 1437 4109 re
1456 4066 1615 4109 coacta

551 4136 734 4198 ingrat.
770 4153 844 4187 vs.
877 4142 958 4188 43.
1001 4153 1207 4187 omnes:
1241 4140 1450 4186 vestefet
1475 4153 1610 4186 auro.

552 4227 634 4262 vs.
656 4218 740 4263 47.
761 4229 924 4263 unusz
960 4217 1082 4278 quod
1117 4217 1164 4263 si
1191 4215 1365 4264 iterum
1392 4215 1460 4262 sit
1487 4216 1607 4263 dan-

550 4288 693 4365 dum.
716 4305 792 4340 νε.
833 4294 915 4340 53.
958 4291 1090 4341 duo=
1127 4292 1392 4350 sucturum.
1425 4296 1607 4365 vas-554.

1707 3521 1926 3584 Argent.
1960 3522 2032 3569 sic
2051 3536 2125 3569 me
2146 3520 2218 3569 dii
2237 3523 2411 3568 ament.
2449 3529 2524 3564 νε.
2555 3515 2639 3562 64.
2664 3523 2774 3560 om-

1707 3612 1827 3645 nes:
1862 3603 2213 3647 consusurrant.
2251 3611 2327 3645 vs.
2350 3598 2434 3644 67.
2471 3598 2532 3641 ut
2569 3588 2655 3639 ed.
2696 3601 2773 3637 νε.

1707 3678 1788 3722 89.
1836 3689 2047 3724 omnes:
2097 3673 2531 3740 apprehendendus.
2583 3682 2659 3716 νε.
2690 3667 2773 3713 92.

1705 3765 1913 3800 munes:
1946 3753 2076 3814 paul.
2098 3753 2184 3800 hoc
2210 3750 2412 3812 negotii.
2456 3762 2531 3796 vs.
2552 3749 2635 3794 98.
2662 3756 2770 3793 om·

1703 3840 1826 3876 nes:
1852 3826 2092 3886 judicent.
2125 3828 2414 3877 Boeclerus.

1773 3908 1799 3952 1
1836 3903 2054 3972 Luciscit
2090 3904 2326 3967 110ch]
2362 3897 2665 3951 Notandum
2703 3907 2770 3942 ex

1704 3980 1799 4030 bac
1823 3981 2096 4043 comoedia,
2118 3981 2258 4044 quod
2284 3981 2337 4029 in
2361 3977 2501 4026 nulla
2522 3973 2625 4024 alia
2643 3971 2773 4020 licet

1705 4058 1943 4120 reperiri,
1967 4067 2025 4106 ut
2049 4056 2262 4107 biduum
2284 4064 2490 4118 tempus
2509 4052 2563 4101 iu
2581 4061 2768 4098 comoe-

1703 4135 1790 4184 dia
1811 4134 1896 4183 sit.
1967 4135 2164 4184 Omnes
2185 4133 2323 4182 enim
2361 4145 2465 4180 uno
2504 4129 2587 4176 die
2620 4129 2767 4173 actus

1704 4227 1822 4261 suos
1840 4211 2126 4275 explicant,
2145 4226 2211 4259 ex
2234 4225 2299 4260 eo
2322 4209 2436 4272 ipso
2456 4218 2559 4270 quo
2579 4204 2768 4251 cuncta

1702 4287 1841 4339 effici
1880 4290 2118 4355 possunt,
2160 4295 2221 4338 ut
2260 4294 2353 4337 aut
2391 4281 2589 4347 nuptiae
2628 4274 2764 4327 cele-
