3035 4941
538 382 713 452 1326

543 548 667 610 fuit,
700 548 929 608 maneat,
951 539 1321 594 declarandum
1353 545 1454 589 est.
1487 537 1603 588 Βω-

552 741 559 752 .
610 705 675 751 64
700 698 884 749 Mulier
902 698 1048 747 telam
1066 692 1264 755 deserit]
1288 692 1409 741 Nou
1429 690 1607 754 displi-

545 784 634 827 cet
655 776 778 825 mibi
800 773 992 829 deserit,
1015 770 1108 820 sed
1130 769 1267 834 quod
1292 774 1376 818 est
1399 767 1452 816 in
1472 766 1607 816 libro

546 853 804 904 Bembino
844 848 1016 912 magis
1061 847 1328 911 antiquum
1386 842 1611 906 videtur,

547 931 689 980 telum
705 928 897 978 desiuit.
921 932 981 975 ut
1003 923 1242 984 dicimus,
1262 919 1502 970 desinere
1525 934 1605 969 ar·

547 1013 670 1056 tem.
704 1004 937 1054 fotinus.
1248 1049 1251 1052 ,

612 1082 795 1132 Mulier
815 1080 959 1129 telam
978 1075 1175 1138 deserit]
1208 1075 1283 1124 Ut
1305 1071 1447 1137 apud
1471 1086 1609 1121 sum·

547 1175 685 1209 mum
720 1156 926 1221 poetam
961 1154 1012 1203 in
1040 1153 1248 1202 diverso
1278 1149 1496 1201 affectus
1522 1164 1610 1213 ge-

546 1249 676 1285 nere
698 1234 841 1299 (Il-En.
857 1229 984 1296 ιι),
1007 1227 1256 1281 ‘Excussi
1275 1226 1507 1277 manibus
1528 1240 1610 1275 ra-

547 1311 643 1373 dii,
662 1309 1002 1372 revolutaque
1024 1304 1217 1371 pensa.'
1251 1304 1510 1353 Boeolerus.

613 1390 681 1436 68
714 1387 867 1437 Οιιτ.
897 1384 971 1434 At
1000 1398 1086 1445 ego
1120 1383 1243 1433 nihil
1271 1396 1368 1431 esse
1408 1378 1610 1429 sciebam

552 1462 737 1526 Clinia]
773 1461 947 1511 Verbo
985 1460 1185 1510 sciebam
1214 1460 1326 1508 haec
1359 1457 1411 1507 in
1444 1472 1507 1506 eo
1548 1456 1607 1505 li-

549 1540 645 1589 bro
663 1537 1031 1602 interpretatio
1053 1533 1263 1601 adjecta
1285 1541 1387 1598 est,
1417 1534 1435 1563 ‘
1453 1533 1610 1586 Quod

551 1614 807 1666 timebas:
839 1614 1071 1664 Faernus.
1513 1652 1517 1656 .

563 1727 571 1733 -
615 1698 682 1743 69
703 1694 922 1755 Agedum
938 1689 1166 1751 uicissirn,
1181 1688 1322 1753 Syre,
1335 1688 1438 1753 dio]
1455 1687 1609 1737 Nunc

550 1769 617 1819 ad
640 1770 856 1819 alteram
884 1766 1175 1831 argumenti
1208 1763 1405 1831 partem
1444 1772 1612 1813 traus-

553 1845 598 1895 it
629 1844 891 1896 narratio:
933 1849 1007 1906 et,
1044 1857 1146 1908 quo
1187 1848 1344 1907 pacto
1366 1856 1515 1891 error
1534 1840 1610 1891 fa-

551 1922 687 1972 bulae
718 1927 1025 1972 conseratur
1061 1919 1310 1984 deinceps
1367 1918 1614 1975 ostendit.

549 1998 609 2048 τὸ
662 1999 874 2050 uicissim
916 1997 1051 2050 bene
1088 1996 1316 2062 explicat
1355 1995 1613 2061 Guyetus.

553 2077 816 2126 Boeclerus.

614 2157 681 2203 70
713 2152 1008 2203 Adducimus
1048 2148 1201 2214 tum]
1244 2149 1362 2201 Quo
1403 2146 1611 2199 facilius

553 2228 778 2281 blandiri
809 2229 1130 2280 adolescenti
1169 2226 1378 2293 possin*
1412 2227 1607 2288 Euem-

546 2304 704 2367 phau.

620 2385 687 2431 71
741 2382 847 2438 Quo
899 2382 1036 2432 illam
1087 2378 1306 2442 adducis]
1359 2378 1426 2429 In
1475 2377 1610 2428 libro

552 2457 809 2509 Bembino
850 2464 906 2510 et
950 2458 1149 2524 aliquot
1179 2456 1291 2507 aliis
1324 2461 1428 2520 est,
1459 2456 1610 2507 ducis.

552 2534 723 2588 Idem.

617 2614 682 2659 73
720 2612 832 2661 Non
853 2611 926 2676 fit
951 2611 1055 2660 sins
1084 2610 1318 2675 periculo]
1351 2607 1611 2661 Quoniam

550 2686 899 2749 iuterrogatus
917 2701 1116 2751 servus,
1130 2702 1234 2752 quo
1252 2686 1470 2737 duceret
1481 2686 1614 2736 Bac-

549 2761 775 2825 chidem,
791 2763 1082 2826 respondit,
1103 2765 1167 2814 ad
1191 2769 1412 2828 patrem.
1454 2762 1611 2814 Quod

553 2852 695 2902 aegre
719 2837 889 2889 ferens
908 2839 1227 2903 adolescens,
1240 2854 1359 2890 cum
1377 2839 1612 2904 indigna·

551 2915 695 2966 tione
712 2917 961 2967 audacem
994 2932 1195 2968 servum
1231 2918 1610 2983 pronunciavit.

551 2992 799 3044 continuo
821 2993 910 3044 ille
932 2994 1217 3059 respondit,
1245 2994 1448 3045 facinus
1467 3008 1611 3057 mag·

551 3083 673 3118 num
717 3075 773 3125 ,et
811 3071 1142 3120 memorabile
1190 3069 1303 3120 fieri
1348 3083 1610 3133 uunquam

1226 394 1445 443 No‘rAE
1488 389 1893 440 VARIORUM
1945 381 2026 437 IN

1681 534 1923 586 facinus!
1972 530 2312 598 praemittitur
2347 530 2749 594 reprehensioni

1683 613 1981 674 admiratio,
2006 612 2051 660 vi
2074 609 2445 674 exaggerandi.
2479 609 2750 658 Boeczem.

1651 691 1654 694 ’
1748 693 1810 744 Iu
1830 707 1934 741 mea
1951 690 2078 755 vita]
2109 690 2184 739 Ut
2213 688 2356 748 alibi,
2387 688 2519 748 vita,
2537 692 2652 736 mou
2673 703 2752 736 re-

1677 783 1782 833 pes,
1801 784 1899 818 mes
1918 769 2134 828 inter-ets,
2150 782 2227 816 ma
2239 765 2457 827 fortune.
2487 763 2688 815 Faber.

1689 871 1694 876 ·
1745 854 1811 901 75
1837 849 1993 899 ·Modo
2013 845 2351 912 quidfagerit]
2369 845 2434 895 In
2455 858 2560 909 quo
2581 858 2752 909 nego·

1686 926 1760 976 tio
1783 926 1826 975 si
1848 932 1901 975 te
1919 924 2168 974 fefellerit
2192 923 2360 986 aliqua
2377 919 2582 971 consilii
2606 934 2757 983 pars,

1684 1015 1785 1067 ego
1808 1002 2052 1052 continuo
2077 997 2338 1064 perierim.
2383 995 2725 1058 Bag-ruphinus.

1747 1083 1815 1129 76
1849 1079 1980 1135 Quid
2019 1078 2102 1127 illo
2126 1073 2314 1137 facias]
2365 1072 2506 1124 Quid
2553 1070 2756 1120 deinde

1685 1156 1915 1207 facturus
1940 1169 2012 1204 es.
2063 1152 2137 1203 At
2158 1153 2291 1201 enim
2318 1149 2556 1214 pendens
2577 1149 2759 1198 oratio

1684 1234 1781 1282 hac
1805 1231 2173 1282 intercessione
2197 1227 2422 1278 efficitur
2442 1225 2759 1275 adolescen-

1686 1309 1772 1373 tis,
1795 1309 1884 1373 qui
1914 1321 2022 1358 non
2064 1306 2266 1370 patitur
2290 1317 2406 1353 eum
2439 1301 2761 1366 ambagibus

1686 1387 1924 1448 circuire.
1994 1384 2125 1434 Ideo
2180 1383 2316 1433 enim
2367 1380 2520 1443 dicit,
2565 1382 2586 1412 ‘
2608 1378 2761 1432 Quid

1688 1463 1824 1514 enim
1844 1464 1863 1512 i
1883 1461 1897 1485 ⁹
1930 1462 2081 1511 Idem.

1751 1544 1816 1590 77
1851 1540 1930 1589 Ita
1950 1553 2028 1587 res
2041 1536 2138 1600 est]
2177 1534 2280 1585 Hic
2300 1546 2436 1583 nnnc
2452 1531 2631 1582 voluit
2650 1547 2764 1582 ser·

1688 1632 1781 1666 vus
1838 1616 1986 1682 quasi
2043 1613 2301 1679 quandam
2356 1609 2764 1661 similitudinem

1685 1693 1833 1756 dare,
1867 1697 1926 1742 ut
1955 1692 2032 1741 sic
2061 1689 2382 1749 ostenderet,
2416 1686 2573 1751 quale
2597 1686 2680 1735 sit
2702 1685 2768 1733 il·
2815 1743 2820 1750 ί

1685 1768 1776 1818 lud
1817 1767 2087 1818 consilium
2133 1764 2273 1830 quod
2317 1764 2429 1828 ipse
2470 1762 2766 1826 disposuit.

1683 1844 1787 1895 Sed
1831 1843 2075 1908 queniam
2112 1839 2396 1891 similitudo
2429 1854 2550 1889 cum
2582 1839 2770 1902 datur,

1686 1920 1893 1987 quidam
1918 1926 2002 1970 est
2024 1920 2076 1968 in
2099 1918 2335 1967 oratione
2366 1915 2653 1977 circuitus,
2687 1916 2769 1966 id-

1685 1998 1827 2049 cireo
1869 1996 2082 2060 adjecit,
2134 1996 2335 2055 ‘Quas,
2373 1994 2585 2055 malum,
2637 1992 2769 2043 mibi

1685 2074 1929 2139 ambages
1951 2087 2167 2122 narrare
2191 2069 2387 2133 occipit
2404 2068 2448 2117 l'
2505 2068 2770 2134 Denique

1684 2157 1740 2201 et
1780 2152 1916 2201 alter
1965 2149 2271 2199 adolescens
2315 2147 2415 2195 hoc
2466 2144 2774 2208 intellexit,

1685 2228 1824 2279 unde
1860 2227 2085 2291 adjecit:
2118 2225 2134 2253 ‘
2155 2226 2309 2288 Syre,
2341 2236 2521 2271 verum
2556 2221 2654 2272 bic
2693 2222 2771 2271 ‹li-
2851 2281 2858 2288 ..

1686 2305 1795 2368 cit3
1827 2304 1981 2354 mitte
2004 2302 2108 2353 ista
2139 2298 2347 2367 quaeso.'
2411 2298 2646 2349 Scilicet
2684 2314 2774 2348 ex-

1685 2389 1839 2433 terna
1858 2387 1914 2431 et
1937 2394 2035 2445 per
2062 2377 2451 2429 similitudinem
2475 2377 2773 2429 translata.

1684 2459 1825 2510 unde
1849 2457 2115 2508 admonuit
2138 2472 2255 2506 enm
2277 2453 2415 2520 quod
2447 2451 2611 2518 dixit,
2656 2454 2677 2483 ‘
2695 2458 2773 2504 at·

1687 2550 1787 2602 que
1811 2535 1877 2585 ad
1902 2548 2010 2585 rem
2032 2533 2181 2584 redi!
2214 2533 2366 2583 Ideni.

1754 2613 1904 2670 Quas,
1936 2611 2041 2675 ξω]
2076 2607 2432 2674 Aposiopesis,
2462 2607 2647 2658 oratio
2672 2609 2773 2659 im-

1686 2687 1941 2754 perfecta,
1976 2702 2043 2736 ex
2080 2685 2388 2751 Clitiphonis
2420 2685 2773 2747 impatientia

1686 2763 1948 2826 audiendi,
1963 2763 2084 2813 dum
2108 2761 2444 2824 interrumpit
2457 2760 2579 2825 Syri
2598 2763 2771 2825 quasi.

1685 2841 1868 2892 confer
1904 2840 2182 2890 Thrasonis
2214 2838 2351 2903 quusi
2377 2837 2626 2887 Eunucb.
2660 2845 2770 2890 act.

1691 2930 1782 2968 111.
1800 2932 1875 2969 sc.
1894 2922 1941 2967 1.
1977 2914 2264 2967 Fur-nabitu.

1747 2998 1815 3045 79
1849 2995 2107 3043 Enimvero
2135 2993 2334 3042 reticere
2356 2990 2557 3056 nequeo]
2617 2994 2772 3043 Mul-

1687 3069 1896 3120 timodis
1919 3069 2199 3133 injuriosus
2221 3067 2450 3132 Clitipho
2479 3081 2571 3117 es:
2619 3071 2772 3120 unde

550 3160 707 3209 posse
749 3146 861 3196 sine
903 3146 1073 3212 aliquo
1112 3147 1361 3210 periculo.
1429 3144 1517 3195 Ita
1554 3145 1608 3194 in
1675 3148 1786 3212 jam
1811 3153 1985 3197 tacere
2006 3160 2111 3196 non
2131 3160 2358 3210 possum.
2413 3145 2564 3194 Bene
2585 3145 2774 3212 indig-

548 3221 648 3271 bnc
682 3236 886 3288 quoque
926 3222 1212 3286 periculum
1246 3228 1347 3287 est,
1376 3237 1494 3272 cum
1519 3237 1610 3287 pa·

552 3306 634 3348 tre
671 3305 932 3362 praesente
953 3299 1006 3349 in
1036 3299 1189 3350 domo
1212 3298 1393 3351 futura
1412 3299 1482 3349 sit
1504 3314 1609 3349 me-

551 3373 734 3426 netrix.
799 3375 996 3424 Tamen
1036 3374 1231 3438 studet,
1262 3383 1320 3426 ut
1352 3375 1609 3425 nihilomi-

454 3521 461 3531 ο
551 3462 650 3498 nus
669 3449 848 3499 coelari
872 3449 1054 3513 possit.
1089 3451 1414 3514 Eugraphius.

616 3524 731 3571 Non
757 3524 848 3588 fit,
886 3525 991 3589 ξω]
1039 3523 1178 3587 Μέγα
1211 3526 1290 3576 καὶ
1331 3526 1612 3592 περιβόητον

550 3597 709 3664 ἔργον.
760 3601 1070 3666 Menander,
1118 3606 1313 3658 Plotio.
1346 3608 1445 3658 Cui
1488 3622 1611 3659 cou-

550 3673 767 3735 trarium
812 3676 942 3727 illud
989 3679 1259 3730 Juvenalis
1313 3696 1432 3734 x1v.
1498 3684 1609 3740 Sat.

547 3749 565 3778 ‘
587 3750 774 3800 Nullus
812 3753 947 3802 enim
986 3757 1157 3818 magni
1182 3759 1394 3810 sceleris
1426 3761 1611 3812 labor!

551 3826 616 3875 ad
643 3841 796 3892 quem
816 3829 1129 3883 Scholiastes
1150 3834 1328 3886 laudat
1346 3836 1485 3889 hunc
1505 3839 1609 3888 Te-

456 3951 460 3954 <
549 3903 709 3953 rentii
730 3905 919 3956 locum.
954 3907 1240 3961 Fumubius.

615 3982 680 4028 74
714 3980 823 4029 Hoc
855 3981 996 4042 uide3
1032 3985 1084 4033 in
1117 4001 1220 4038 meu
1249 3987 1371 4051 vitu]
1402 3956 1608 4062 Scelus,

549 4069 703 4119 quam
726 4064 932 4108 astutus
965 4060 1032 4109 ad
1063 4063 1307 4124 gloriam!
1341 4065 1607 4130 Siquidem

548 4145 667 4185 meo
700 4134 932 4198 periculo
969 4143 1026 4187 tu
1059 4139 1156 4189 tibi
1190 4155 1495 4206 comparare
1532 4143 1609 4197 vis

548 4207 771 4263 laudem.
802 4214 1125 4279 Eum-ophitis.

574 4285 727 4343 ,Hoc
759 4289 898 4354 eide]
949 4292 1085 4347 Vide
1127 4293 1226 4345 boc
1264 4292 1493 4347 factum!
1540 4310 1609 4347 en

1683 3227 1949 3274 nationem
1994 3238 2138 3273 suam
2175 3237 2353 3273 servus
2398 3222 2614 3280 extulit,
2661 3239 2771 3289 qno

1684 3301 1890 3352 facilius
1920 3300 2019 3351 sibi
2056 3302 2443 3351 adolescentem
2479 3314 2580 3362 per
2611 3317 2770 3352 suam

1684 3377 2000 3429 iracundiam
2026 3382 2369 3441 praepararet.
2422 3377 2771 3441 Eugruphias.

1749 3456 1929 3506 Multis
1967 3455 2115 3505 modis
2155 3453 2389 3518 iniurius]
2424 3454 2507 3502 Ex
2545 3454 2770 3505 ratione

1684 3546 1862 3582 versus
1905 3531 2184 3595 legendnm
2227 3529 2554 3579 multimodis.-
2599 3538 2670 3580 nt
2713 3531 2771 3579 in

1682 3607 1884 3661 Andria
1927 3606 2335 3671 emendavimus,
2377 3620 2445 3654 ex
2476 3603 2585 3655 fide
2631 3606 2766 3656 libri

1683 3684 1941 3735 Bembini.
1978 3683 2216 3734 Faiae'rnas.

1747 3766 1813 3812 8⁰
1846 3762 2145 3813 Audiendum
2165 3761 2320 3811 hercle
2339 3764 2430 3824 est,
2452 3758 2584 3823 tuce]
2630 3761 2765 3811 Non

1682 3836 1934 3902 cogitavit
1973 3838 2308 3901 negligenter
2346 3838 2509 3890 Janus
2553 3837 2765 3889 Guliel-

1680 3918 1833 3979 mius,
1868 3930 1984 3967 cum
2026 3918 2354 3982 suspectavit
2384 3918 2520 3968 hunc
2545 3933 2765 3969 versum

1682 3994 1966 4059 Clitiphoni
2019 4008 2123 4044 non
2176 3995 2547 4060 interloquenti
2593 3995 2763 4045 silen-

1681 4071 1810 4121 tium
1834 4071 2205 4135 imponentem.
2241 4071 2441 4121 nlsi‘ita
2463 4071 2763 4121 velisacci-

1679 4161 1805 4212 pere
1823 4163 1840 4196 :
1865 4147 2008 4212 quasi
2025 4147 2197 4198 Clinia
2212 4147 2333 4212 Syri
2346 4148 2759 4211 incusationem,

1677 4224 1868 4288 (maltis
1910 4223 2064 4274 modis
2100 4223 2311 4286 Murius
2351 4236 2582 4288 es‘neqae
2611 4223 2762 4284 ferri

1672 4300 1803 4364 potis
1823 4304 1898 4365 es)
1934 4299 2000 4349 ad
2037 4299 2262 4364 priorem
2300 4299 2618 4365 Clitiphonisr
2645 4301 2758 4350 ira-
