3035 4941
817 396 1181 444 TEREN'ru
1233 395 1468 447 ANDR.
1513 394 1681 444 AGT.
1713 397 1760 443 1.
1808 395 2026 444 SG.11.

317 556 382 594 ne
401 542 619 593 verbum
647 541 879 608 quidem.
912 543 1063 592 Iden.
1282 580 1288 586 .

378 622 544 685 Neque
563 620 619 669 id
639 634 775 682 «egre
793 619 931 682 tulit]
953 619 1071 669 Hoc
1093 625 1174 669 est
1192 627 1375 683 semper

314 698 497 748 leuitas.
531 697 705 747 Idem.

375 778 408 823 8
441 772 639 836 Faciet]
686 772 1115 822 subaudiendum
1153 770 1375 821 nubam.-

316 856 372 900 et
382 856 460 900 est
471 849 630 910 faciet
650 863 872 914 persona
889 849 1064 911 tertia,
1078 863 1172 913 pro
1191 850 1376 911 prima.

317 929 463 978 Idm.

379 1003 572 1067 Faciet]
593 1004 659 1053 1d
682 1012 783 1064 est,
801 1004 1072 1067 irascetur,
1095 1002 1375 1053 denuncia-

313 1080 406 1144 bit,
425 1082 690 1145 loquetur.
724 1081 879 1130 Idem.

326 1154 331 1157 ’
376 1156 497 1206 Sine
518 1161 601 1205 tuo
633 1171 808 1219 mog-no
837 1155 980 1218 malo]
1014 1155 1078 1205 Id
1102 1162 1203 1216 est,
1235 1169 1373 1205 com-

312 1234 592 1284 minabitur
628 1234 747 1296 tibi,
778 1240 835 1283 et
867 1234 1032 1281 minas
1056 1238 1375 1294 contemnes,

311 1317 372 1359 ut
393 1310 458 1358 ad
482 1324 663 1373 poenas
683 1309 971 1373 pervenias.
1007 1308 1159 1357 Idem.

373 1389 407 1434 9
439 1384 505 1433 la
524 1383 698 1447 coluit]
729 1384 840 1434 Aut
863 1383 1099 1434 absolute
1122 1383 1374 1447 accipien-

311 1460 433 1510 dum
458 1462 561 1510 sia.-
605 1467 692 1510 aut
737 1461 808 1522 ia,
847 1459 1103 1525 quomodo
1145 1462 1235 1522 sic,
1283 1461 1373 1510 de—

313 1536 620 1586 monstratio
641 1544 744 1600 est,
765 1543 822 1585 ut
846 1537 1007 1600 magis
1038 1543 1185 1597 gestu
1220 1551 1371 1601 quam

314 1628 468 1663 sensu
492 1614 834 1679 intelligatur,
864 1621 923 1663 ut
955 1628 1112 1677 supra
1133 1614 1371 1665 diximus.

316 1689 467 1740 Idem.

376 1768 770 1832 Nec-opinantes]
789 1765 949 1830 Ὓφέν.
980 1767 1131 1817 Idem,

375 1845 534 1909 Daoi]
553 1847 741 1896 Ducere
754 1853 835 1895 est
851 1845 1217 1908 expectatione
1230 1843 1373 1908 longi

311 1924 560 1986 temporis
578 1924 765 1972 malum
780 1922 1072 1987 proletare:
1099 1921 1181 1970 vel
1195 1920 1372 1985 induci,

310 2007 372 2049 ιιι
392 1999 523 2051 ferae
538 2000 589 2050 in
611 2002 764 2051 retia.
801 2000 951 2048 Idem.

376 2078 525 2129 Falso
543 2076 746 2140 gaudio]
767 2076 932 2125 Velut
953 2090 1022 2125 ex
1045 2074 1144 2137 ira,
1166 2082 1222 2126 et
1245 2075 1371 2126 vitae

310 2154 450 2204 senis
475 2154 757 2204 iracundia.
790 2153 938 2202 Idem.

375 2232 522 2281 Falso
552 2230 754 2294 guadio]
792 2229 897 2279 Adi
933 2230 1181 2279 Senecam
1207 2229 1373 2293 Epist.

313 2319 432 2357 ux.
455 2307 545 2356 nbi
582 2308 708 2356 mala
731 2307 912 2367 gaudia
951 2314 1009 2356 et
1031 2308 1168 2367 salsa
1191 2309 1373 2369 gaudia

309 2384 665 2433 excutiuntur.
700 2382 986 2432 Farnobius.

312 2503 317 2507 .
364 2466 440 2512 10
473 2460 647 2511 Amoto
667 2459 816 2523 metu]
847 2460 955 2511 Ista
987 2459 1186 2522 singula
1222 2466 1371 2511 sunt:

312 2545 367 2587 et
387 2543 547 2587 amoto
583 2543 711 2587 metu
745 2539 818 2586 sic
855 2536 1005 2592 dixit,
1036 2536 1371 2600 quasimetus

314 2616 384 2666 sit
418 2630 611 2678 corpus
651 2614 876 2674 brutum,
911 2612 1045 2677 quod
1082 2626 1198 2666 cum
1228 2612 1372 2661 moli-

315 2693 455 2741 mine
479 2699 739 2741 movetur.
772 2690 1010 2742 Donatus.

381 2766 678 2829 Oscitantes]
698 2765 930 2815 oscitatio
945 2771 1022 2813 est
1039 2764 1195 2813 animi
1211 2765 1372 2814 otium

317 2851 373 2894 et
402 2843 676 2907 securitas,
705 2841 903 2891 dictum
927 2840 994 2889 ab
1016 2855 1093 2888 ore
1113 2840 1295 2897 ciendo,
1320 2841 1372 2890 id

312 2928 417 2979 est,
439 2919 832 2972 commonendo.
902 2919 1197 2980 oscitantes,
1229 2933 1376 2969 secu-

316 2999 381 3062 ri,
397 2998 451 3047 id
474 3004 573 3061 est,
595 2997 717 3047 nihil
742 2995 1094 3061 providentes.
1129 2994 1286 3046 Idem.

383 3076 659 3124 Oscitantes
678 3071 902 3137 opprimi]
918 3072 1002 3122 Al.
1022 3072 1151 3120 inter
1172 3073 1374 3121 oscitan-

314 3159 413 3203 tes.-
443 3154 544 3203 hoc
566 3159 665 3215 est,
697 3164 905 3201 securos
939 3163 1001 3198 ac
1032 3147 1372 3211 negligentes.

315 3228 712 3282 “Deliberatum
750 3228 870 3291 est,'
913 3227 1080 3292 inquit
1122 3226 1377 3290 Agellius,

316 3309 416 3359 ‘de
457 3316 582 3359 nota
622 3308 750 3372 ejus,
790 3304 879 3370 qui
924 3304 988 3353 ad
1032 3309 1273 3352 censores
1308 3303 1374 3353 ab

314 3388 480 3437 amico
504 3386 785 3439 advocatus
808 3389 910 3444 est,
929 3388 986 3430 et
1009 3381 1058 3429 in
1082 3381 1205 3444 jure
1229 3386 1374 3429 stans

313 3465 454 3514 clare
472 3463 625 3513 nimis
651 3477 712 3512 ae
735 3474 918 3511 sonore
952 3458 1213 3508 oscitavit.
1278 3457 1375 3508 Αι-

315 3555 416 3606 que
439 3541 585 3604 mihi,
607 3554 766 3604 prope
790 3545 849 3586 ιιι
888 3536 1210 3600 plecteretur
1243 3534 1373 3596 fuit3

310 3626 564 3685 tanquam
606 3615 733 3667 illud
769 3614 1015 3666 indicium
1058 3613 1174 3675 vagi
1218 3613 1376 3662 animi

312 3696 455 3748 foret
474 3704 534 3747 et
554 3692 935 3751 hallucinantis‚
955 3699 1112 3755 atque
1145 3687 1298 3740 fluxae
1322 3697 1377 3741 et

310 3782 516 3838 apertae
550 3768 880 3831 securitatis,’
914 3771 1014 3818 διε.
1052 3781 1131 3817 ιν.
1166 3768 1203 3817 l.
1225 3771 1304 3818 20.
1328 3782 1374 3819 e.

317 3851 606 3900 Far-asabias.

379 3932 441 3977 ll
461 3925 723 3990 cogitandi
735 3926 797 3973 ad
812 3920 1166 3984 disturbandas]
1185 3920 1377 3971 Miran-

314 4003 385 4052 da
422 4004 650 4053 locutioz
697 4008 756 4051 ut
797 4001 840 4049 si
879 3998 1042 4062 dicas,
1084 3996 1283 4059 Cogitat
1313 3999 1378 4047 ad

315 4080 576 4129 dicendam.
615 4079 871 4127 Donatus.

378 4161 443 4207 12
472 4153 676 4218 Aetate]
714 4154 831 4203 Hoc
860 4157 916 4202 ει
951 4155 1122 4214 gestu,
1157 4156 1213 4199 et
1236 4151 1377 4204 vultu

316 4234 510 4299 servili,
523 4241 579 4285 et
593 4247 709 4284 cum
725 4229 1012 4294 agitatione
1027 4225 1216 4291 capitis
1229 4227 1377 4281 dixit.

314 4310 464 4365 Idem-

2337 379 2508 451 1066

1523 540 1778 605 Carnifex]
1816 539 1926 590 Aut
1957 536 2329 591 excarnificans
2352 538 2513 588 domi·

1450 633 1593 679 num,
1631 628 1721 668 aut
1765 618 1877 682 ipse
1920 616 2102 681 dignus
2146 614 2406 677 carnifice,
2450 621 2511 665 ιιι

1452 712 1573 748 caro
1594 698 1706 760 fiat,
1728 698 1782 747 id
1807 703 1905 760 est,
1934 697 2172 747 lanietur.
2237 696 2468 746 Lucilius
2489 711 2506 746 z

1448 775 1463 802 ‘
1481 776 1676 825 Carcer
1699 776 1783 824 vix
1804 788 2017 824 carcere
2042 771 2260 838 dignus?
2291 773 2443 823 Idea.

1516 852 1679 914 Neque
1697 850 2018 914 provideram]
2041 849 2383 899 Providentia
2413 848 2509 899 du·

1448 927 1571 991 plex
1603 933 1720 989 est,
1706 943 1719 956 ·
1756 935 1844 975 aut
1863 928 1999 975 enim
2021 926 2210 989 animo,
2231 934 2320 975 aut
2344 925 2507 977 oeulis

1453 1005 1803 1068 providemus.
1839 1004 1992 1054 Idem.

1514 1081 1678 1131 Herus
1700 1087 1790 1145 est,
1808 1096 1954 1144 neque
1972 1080 2288 1144 provideram]
2311 1080 2506 1132 Omnes

1446 1157 1563 1208 fere
1610 1159 1728 1208 libri
1775 1160 2119 1223 provideram.-
2175 1160 2299 1208 lieet
2349 1159 2505 1209 aliter

1448 1238 1737 1286 Donatus.
1793 1235 2118 1299 provideram
2174 1243 2347 1284 autem
2406 1248 2504 1298 pro

1448 1327 1607 1376 porro
1645 1313 1894 1364 videram.
1959 1312 2184 1362 Plautus
2229 1312 2283 1360 in
2322 1310 2506 1361 Asina-

1448 1391 1560 1438 ria:
1611 1391 1626 1418 ‘
1652 1390 1774 1440 Non
1825 1390 2001 1438 hercle
2048 1396 2102 1438 te
2146 1385 2507 1452 provideram?

1449 1466 1679 1516 Faernus.

1513 1549 1574 1593 13
1619 1542 1771 1605 Ηειιι]
1824 1540 1989 1594 Quasi
2041 1540 2308 1604 correptio
2346 1539 2504 1593 totius

1449 1621 1697 1684 corporis.
1732 1621 1968 1669 Donatus.

1515 1697 1755 1760 Ehodum]
1804 1698 1976 1747 Nutus
2021 1701 2122 1756 est,
2164 1691 2506 1743 intentionem

1448 1775 2047 1836 animadversionemque
2071 1771 2356 1833 deposcens
2373 1768 2506 1831 ejus,

1449 1865 1570 1899 cum
1589 1865 1689 1914 quo
1707 1851 1816 1899 vult
1840 1849 1996 1912 loqui.
2034 1847 2185 1895 Idem.

1513 1928 1755 1991 Ehodum]
1803 1929 1936 1978 Dum
2000 1920 2237 1988 παρέλκειν
2277 1927 2361 1971 εει
2407 1919 2507 1972 hoe

1449 2006 1581 2054 loco.
1614 2005 1765 2055 Idem.

1517 2082 1649 2138 Quid
1670 2082 1748 2130 Ιιὶε
1767 2078 1885 2142 volt]
1911 2079 2061 2128 More
2081 2075 2275 2137 servili,
2304 2080 2362 2124 et
2393 2087 2509 2123 ver·

1449 2158 1543 2207 nili
1577 2163 1747 2221 gestu,
1785 2157 1859 2205 sic
1882 2155 2017 2203 enim
2043 2153 2212 2202 vocati
2237 2167 2268 2201 a
2289 2150 2507 2201 dominis

1450 2235 1587 2284 servi
1609 2234 1843 2282 vultuose
1867 2238 2043 2295 agunt.
2077 2230 2228 2278 Idem.

1519 2310 1628 2366 Qua
1649 2312 1705 2359 de
1726 2308 1801 2371 re]
1823 2307 2076 2370 Negantis
2101 2307 2200 2354 vim
2222 2303 2381 2354 habet
2392 2302 2508 2357 hoeo

1449 2387 1823 2450 interrogatio:
1852 2386 1967 2449 plus
1990 2390 2070 2433 est
2089 2382 2226 2432 enim
2249 2396 2344 2445 qua
2359 2382 2419 2430 ds
2438 2394 2510 2443 re,

1451 2481 1600 2533 quam
1622 2464 1762 2516 nihil.
1798 2463 1961 2514 Idem.
2493 2495 2498 2502 ·

1514 2541 1705 2605 Rogas]
1728 2541 1846 2592 I-Ioe
1862 2553 1979 2590 eum
2000 2535 2411 2600 interrogatione
2429 2535 2506 2588 in·

1449 2620 1725 2685 dignantis.
1760 2618 1911 2669 Idem.

1496 2698 1642 2748 Hem
1663 2697 1776 2761 quiri
1795 2701 1901 2748 est?
1921 2696 2004 2757 ξε.
2035 2693 2148 2757 quid
2168 2692 2244 2741 hic
2266 2691 2398 2740 nult?
2417 2661 2510 2754 qua

1446 2778 1506 2825 de
1527 2775 1600 2839 re]
1623 2776 1794 2839 Digna
1816 2779 1937 2822 sunt
1958 2772 2087 2833 haec,
2111 2784 2224 2835 quae
2249 2768 2509 2832 explicen-

1450 2860 1568 2901 tur:
1604 2866 1719 2902 cum
1745 2850 1921 2899 Davus
1945 2852 2227 2911 conspecto
2248 2845 2371 2894 hero
2394 2859 2510 2908 per·

1449 2929 1690 2979 turbatus
1714 2927 1779 2977 ad
1814 2932 2139 2991 spectatores
2160 2922 2400 2986 dixisset,
2431 2923 2509 2972 hs·

1447 3020 1533 3055 rus
1554 3011 1627 3055 est
1654 3018 1799 3068 neque
1829 3002 2143 3067 provideram,
2174 2999 2341 3049 adhuc
2362 2998 2509 3047 dissi·

1448 3082 1630 3146 mulat,
1650 3081 1813 3131 visum
1837 3078 1936 3127 sibi
1972 3091 2088 3127 esse
2116 3076 2316 3137 herum,
2338 3073 2506 3125 donee

1450 3157 1516 3206 ad
1542 3171 1723 3207 vocem
1742 3155 1976 3205 vocantis
2014 3153 2421 3214 circumspectat
2453 3160 2511 3202 et

1450 3234 1598 3297 quasi
1620 3233 1841 3293 nescius,
1875 3246 1907 3280 a
1941 3243 2043 3295 quo
2074 3235 2363 3286 vocaretur,
2384 3228 2508 3291 hem,

1450 3311 1567 3374 quid
1587 3315 1688 3361 est?
1724 3309 1926 3374 inquit:
1962 3306 2100 3355 unde
2120 3307 2277 3354 herus
2306 3305 2509 3367 denu03

1450 3387 1649 3436 ehodum
1665 3387 1727 3435 ad
1744 3400 1843 3435 me.-
1869 3384 2013 3449 quasi
2035 3383 2176 3433 dicat
2189 3384 2290 3434 hue
2306 3391 2510 3448 specta,

1450 3479 1548 3528 ego
1588 3472 1641 3514 te
1684 3463 1898 3513 vocavi:
1934 3469 2044 3511 tum
2082 3463 2282 3523 Davus,
2306 3462 2510 3512 demur-

1451 3548 1622 3592 murat
1656 3555 1860 3591 seeum:
1893 3540 2008 3603 qaid
2045 3540 2124 3589 hio
2154 3541 2289 3589 vult?
2330 3539 2507 3604 itaque

1450 3620 1603 3669 herus
1626 3619 1846 3672 iterum:
1881 3613 2130 3681 quiduis?
2162 3616 2214 3665 id
2249 3621 2348 3678 est,
2383 3616 2508 3682 quid

1450 3702 1508 3746 tu
1545 3709 1835 3745 murmuras
1860 3695 1879 3742 ?
1919 3692 2201 3757 respondet
2244 3692 2332 3742 ille
2353 3710 2367 3744 ι
2418 3707 2509 3755 qua

1448 3775 1506 3823 de
1527 3777 1613 3822 re?
1649 3771 1700 3820 id
1725 3776 1829 3834 est,
1845 3770 1974 3820 nihil
1997 3769 2236 3833 equidem
2254 3784 2272 3817 ε
2295 3774 2354 3817 ιιι
2373 3769 2510 3818 aeci·

1448 3851 1532 3914 pit
1549 3847 1789 3899 Donatus
1808 3864 1821 3897 ι
1850 3849 1923 3898 ita
1942 3848 2021 3895 vis
2046 3845 2315 3895 verborum
2334 3852 2510 3908 negat,

1449 3925 1622 3976 forma
1643 3924 1948 3986 interrogat,
1970 3929 2031 3972 ut
2048 3921 2213 3985 possit
2228 3921 2372 3970 loeus
2393 3935 2509 3968 esse

1449 4002 1673 4053 Simonis
1706 4000 2000 4052 instantiae:
2038 4002 2212 4060 rogas?
2257 3996 2370 4045 sub.
2404 4009 2509 4058 qua

1448 4080 1519 4129 de
1543 4093 1600 4129 re
1629 4083 1685 4128 te
1716 4078 1859 4142 loqui
1884 4083 2099 4140 putemz
2141 4081 2196 4123 et
2220 4073 2332 4135 jam
2364 4071 2509 4119 velut

1450 4170 1517 4205 ex
1536 4155 1779 4218 abrupto,
1797 4153 1919 4218 quid
1942 4152 2056 4216 ipse
2077 4164 2191 4201 eum
2208 4148 2360 4196 Davo
2384 4147 2510 4197 velit

1452 4246 1631 4296 agere,
1673 4228 1867 4280 infert:
1909 4243 2063 4277 meam
2102 4230 2306 4289 gnatam
2346 4238 2508 4275 rumor

1450 4314 1522 4361 est
1558 4322 1751 4361 amare:
1783 4304 1874 4380 ,qui
1906 4318 2066 4360 rumor
2094 4302 2217 4369 quia
2239 4302 2290 4353 in
2313 4301 2507 4368 populo
