3035 4941
562 460 741 530 1528

570 623 673 673 tius
697 621 900 672 dixerat
921 618 1121 668 bonum·
1157 620 1174 644 ’
1189 610 1624 678 Quandoquidem

569 700 684 763 ipse
705 705 786 748 est
807 695 1013 761 ingenio
1030 694 1185 753 hono,
1207 693 1482 753 Quumque
1505 685 1626 735 huic

570 775 765 825 veritus
782 780 862 824 est
879 772 1091 837 optimoe
1108 765 1424 819 adolescenti
1447 762 1626 814 facere

565 850 836 916 iujuriam!
899 849 1020 899 Non
1064 846 1166 895 alia
1214 845 1300 893 hic
1343 839 1627 892 sententia.

1265 462 1478 519 No'TAE
1527 461 1927 515 vammum
1976 459 2055 509 IN

1739 609 1827 657 ’84
1860 596 2278 665 Maligna-uuo]
2306 594 2556 658 Maligna,
2574 589 2766 642 diffici-⁴

1700 683 1762 733 lis
1783 696 1845 732 ac
1868 679 2113 745 superba.
2152 676 2404 739 Maligna
2421 678 2527 733 est,
2549 669 2637 735 qui
2660 665 2755 716 dis·

1699 759 1985 808 fieultatem
2007 756 2087 805 sui
2109 752 2360 805 ostendit.
2391 750 2546 798 Idem.

1764 835 1982 897 Procax]
2001 827 2339 896 Dispoliatrix
2359 832 2417 875 et
2441 829 2619 887 petax.
2640 819 2757 868 Pro-

569 929 792 992 pudicum
837 933 1028 986 autem,
1079 921 1439 972 verecundiam
1484 920 1626 968 illam
1697 928 1807 963 cure
1829 912 1984 973 enim,
2007 918 2089 960 est
2129 914 2330 972 petere.
2372 901 2562 965 virgil.
2603 897 2761 946 ‘Pro-

571 1009 740 1066 notat,
762 1017 913 1068 quam
947 998 1251 1062 Pamphilus
1286 996 1398 1060 ipse
1420 995 1517 1044 sibi
1539 995 1628 1042 de-

571 1080 707 1142 buit,
741 1078 1003 1142 indiguum
1035 1089 1091 1124 se
1115 1073 1240 1122 illud
1263 1069 1632 1132 existimando,

573 1156 712 1221 quod
759 1154 825 1204 ab
873 1155 1147 1202 honestate
1191 1157 1393 1199 tantum
1439 1148 1629 1199 abiret.

573 1233 661 1299 qui
698 1232 835 1281 enim
883 1229 1023 1279 abuti
1073 1229 1286 1277 honesta
1318 1225 1528 1276 foemina
1574 1230 1633 1273 et

575 1316 759 1373 postea
795 1307 1056 1363 dimittere
1086 1319 1200 1354 eam
1235 1304 1288 1353 iu
1318 1304 1537 1352 animum
1560 1300 1633 1349 iu·

577 1386 812 1446 duceret,
834 1382 1073 1446 iujuriam
1109 1388 1339 1431 atrocem
1374 1379 1429 1426 in
1473 1378 1634 1434 illam,

577 1459 953 1524 turpitudinem
979 1460 1030 1508 iu
1059 1473 1114 1506 se
1148 1457 1450 1506 admitteret
1471 1454 1632 1504 maxi-

574 1551 728 1585 mam.
769 1534 1160 1598 iujurioepietas
1182 1533 1375 1595 obstat,
1407 1529 1633 1593 turpitu-

577 1611 686 1660 dini
706 1611 889 1675 pudor.
923 1611 1182 1661 Boeclerus.

644 1693 710 1738 78
744 1688 853 1737 Hoc
884 1702 970 1749 ego
1006 1684 1247 1748 proferre]
1281 1684 1455 1733 Verba
1476 1684 1634 1732 Pam-

578 1765 710 1829 phili
749 1771 900 1813 suut:
948 1777 1050 1812 uon
1093 1768 1151 1810 ut
1183 1760 1394 1825 quidam
1429 1766 1636 1823 putant,

581 1841 646 1890 ad
671 1852 938 1909 personam
961 1833 1297 1887 Parmenonis
1330 1835 1637 1886 referentes.

578 1912 853 1967 Donatum·
909 1936 915 1949 ·

646 1995 757 2044 Hoc
777 1992 864 2056 'ego
882 1990 1119 2056 proferre]
1153 1990 1396 2040 Amorem
1429 1987 1638 2036 scilicet

580 2069 893 2120 meretricis.
928 2069 1078 2117 Idem.

648 2146 999 2197 Incommodum
1069 2159 1166 2194 esse
1233 2142 1352 2193 mihi
1407 2141 1642 2204 arbitror]

579 2223 810 2286 Propter
832 2223 1001 2286 patris
1034 2221 1183 2283 iram,
1210 2221 1298 2284 qui
1334 2227 1485 2269 autor
1520 2221 1639 2269 ista·

581 2312 696 2347 rum
712 2299 1024 2362 nuptiarum.
1062 2299 1188 2348 Mer.
1212 2296 1534 2346 Casuubonus.
1581 2328 1586 2335 ·

606 2414 613 2421 .
645 2380 712 2426 79
747 2376 915 2438 Patri]
955 2376 1178 2439 Proprio
1202 2374 1338 2438 patri
1359 2374 1638 2438 Phidippo.

585 2454 737 2503 Idem.

655 2530 751 2579 Cui
792 2529 916 2577 nihil
959 2530 1089 2578 dicos
1129 2528 1263 2593 vitii]
1320 2529 1476 2579 Nunc
1508 2527 1644 2591 vitii,

585 2606 752 2667 culpae
778 2605 999 2653 uxoria-..-
1029 2605 1265 2653 Donatus.
1647 2637 1676 2655 ,-

605 2698 611 2704 ’
652 2682 796 2731 Nihil
816 2680 946 2729 dicas
975 2677 1112 2743 vitii]
1160 2680 1284 2729 Siue
1310 2681 1473 2743 justoe
1496 2695 1644 2730 caus-

582 2766 655 2806 soe
675 2757 1002 2819 allegatione.
1034 2758 1163 2805 Mer.
1191 2756 1509 2805 Canaubonus.

651 2836 711 2884 81
751 2834 942 2882 Mecum
983 2832 1103 2894 csse]
1146 2831 1339 2881 Uxoris
1382 2833 1534 2882 loco:
1586 2839 1647 2883 ut

589 2910 726 2973 apud
750 2909 996 2958 Plautum
1021 2924 1182 2972 saepe.
1218 2909 1369 2960 Idem.

653 2986 906 3036 Abiturum
925 2985 1148 3049 denique]
1193 2987 1427 3049 Denique,
1447 3001 1644 3036 moram

585 3060 864 3125 siguificat,
888 3060 941 3110 'et
972 3070 1285 3125 postremam
1320 3063 1645 3114 tarditatem.

586 3138 765 3202 itaque
806 3143 1090 3201 postremo,
1115 3138 1197 3188 vel
1238 3154 1350 3188 sero
1387 3139 1654 3189 abituram-

585 3212 800 3263 iudicat.
837 3214 1065 3262 Donatus.

520 3347 523 3352 ,
654 3294 718 3339 82
756 3291 887 3345 Quid
907 3289 1112 3352 intereo]
1157 3290 1454 3341 Exultantis
1471 3298 1572 3355 est,
1592 3296 1650 3341 et

592 3366 865 3430 gestientis
886 3366 1085 3415 audire.
1119 3367 1272 3417 Idan.

653 3446 870 3509 Interea]
900 3447 1049 3496 Inter
1069 3462 1159 3498 eos
1183 3446 1313 3496 dies.
1346 3448 1496 3497 Idem.

655 3531 719 3575 83
775 3527 1035 3588 Postquam
1072 3527 1194 3575 leuno
1226 3526 1428 3574 alienum
1448 3525 1521 3575 ub
1549 3541 1651 3577 sese

590 3602 741 3665 videt]
759 3602 867 3650 Pro
886 3602 1145 3650 alienatum
1165 3601 1318 3650 dixit.
1340 3603 1468 3651 utin
1487 3602 1652 3652 Phor·

592 3678 784 3738 mione,
808 3676 981 3729 ‘Quid
1019 3690 1117 3741 ego
1146 3677 1309 3737 vobis,
1341 3677 1654 3740 Geta-,mlie-

595 3767 692 3801 nus
718 3767 827 3801 sum
848 3750 882 3800 ?'
921 3753 1055 3801 Nam
1079 3751 1336 3816 quomodo
1366 3754 1589 3818 alienum,
1611 3755 1654 3804 si

594 3829 823 3891 amabat,
845 3826 1092 3877 dixisset?
1126 3827 1277 3875 Ident.

660 3908 920 3968 Postquam
955 3904 1076 3951 hunc
1113 3902 1342 3965 alienum]
1389 3903 1657 3966 Oratorie,

593 3996 696 4032 nou
712 3984 818 4046 jam
845 3979 1160 4029 Bacchidem
1191 3985 1423 4041 excusat,
1444 3994 1597 4044 quam
1623 3996 1655 4031 a

594 4057 857 4109 verisimili
892 4071 1050 4105 causa
1085 4056 1196 4105 vult
1230 4055 1494 4119 inducere,
1514 4057 1653 4121 quod

595 4135 710 4199 ipsa
733 4135 800 4183 sit
823 4133 874 4182 iu
898 4132 1225 4196 Pamphilum
1244 4133 1434 4181 durior.
1476 4133 1622 4182 Idem.

662 4208 886 4261 Alienum
909 4207 969 4257 ab
988 4221 1086 4257 sese
1107 4208 1261 4271 videt]
1310 4207 1477 4257 Idest
1500 4210 1654 4262 mari-

598 4291 711 4338 tum
732 4305 745 4335 :
777 4295 894 4333 nam
916 4284 1017 4333 hoc
1035 4295 1221 4335 nomen
1238 4299 1285 4332 a·
1296 4284 1655 4340 meretricibus

602 4360 944 4410 alienumest.
977 4358 1127 4407 Idem.
1292 4395 1299 4416 ς
1371 4359 1489 4402 >·,ῙῙ
1555 4375 1560 4404 :
1603 4397 1608 4402 .
1645 4359 1652 4400 ζ

1701 993 1909 1043 cacibus
1928 986 2151 1049 austris,’
2168 985 2221 1035 id
2243 988 2348 1044 est,
2363 975 2764 1044 impudentibus·

1701 1082 1822 1117 uam
1845 1066 1935 1131 qui
1957 1065 2177 1113 multum
2207 1057 2368 1123 petit,
2390 1052 2664 1118 impudens
2686 1056 2763 1097 est

1705 1151 1761 1194 et
1783 1156 2013 1207 procax.
2032 1139 2188 1189 Unde
2210 1143 2266 1186 et
2293 1135 2433 1199 proci
2466 1129 2598 1179 dicti
2630 1133 2766 1187 sunt,

1706 1219 1796 1285 qui
1816 1218 1949 1267 filias
1978 1216 2172 1265 alienas
2199 1213 2253 1262 in
2275 1206 2661 1261 matrimonium
2685 1217 2765 1266 pe·

1706 1298 1922 1346 tieruut.
1955 1293 2108 1341 Idem.

1771 1377 1832 1421 85
1892 1372 2005 1420 Non
2046 1368 2225 1431 «edepol
2249 1363 2465 1426 mirum]
2524 1355 2767 1408 obtinuit

1707 1449 1845 1514 quod
1871 1447 2077 1497 volebat
2096 1446 2370 1494 Parmeno.
2407 1454 2528 1488 nam
2551 1432 2771 1485 credidit

1707 1524 1929 1575 Philotis
1970 1522 2213 1587 injuriam
2245 1517 2446 1568 factam
2481 1509 2770 1576 Pamphilo.

1775 1676 2068 1739 Non,edepol
2088 1670 2285 1734 mirum]
2320 1671 2566 1719 Donatus
2580 1664 2668 1717 hic
2695 1674 2775 1710 an·

1708 1760 1886 1804 notat:
1917 1755 1933 1781 ‘
1955 1747 2233 1809 Obtinuit,’
2272 1749 2373 1795 διο.
2407 1740 2661 1802 credidit,
2703 1737 2774 1786 in-

1709 1829 2018 1896 quam,dum
2041 1830 2261 1876 excusat
2278 1840 2294 1873 2
2318 1836 2419 1872 nec
2442 1819 2631 1869 mirum
2649 1829 2776 1878 esse,

1710 1909 1804 1968 ait,
1819 1908 1862 1956 si
1883 1904 2009 1971 quid
2028 1908 2079 1953 iu
2097 1900 2426 1964 Pamphilum
2451 1894 2638 1946 durius
2660 1906 2774 1942 con·

1710 1980 1955 2032 suluisset
1980 1978 2221 2031 Bacchis.
2253 1975 2520 2024 Boeclerns.
2653 2012 2658 2019 .

1775 2059 1931 2122 Atqui
1952 2073 2010 2106 eo
2038 2070 2116 2105 res
2134 2055 2279 2104 multo
2300 2048 2534 2111 maximo]
2567 2047 2774 2112 Oppor-

1713 2142 1839 2184 tune
1862 2132 2174 2184 concitatius
2195 2127 2527 2190 Pamphilum
2544 2120 2777 2173 defendit

1715 2211 1995 2267 Parmeno,
2018 2215 2293 2273 postquam
2315 2201 2546 2253 Philotis
2569 2200 2777 2252 inducta

1714 2295 1816 2350 est,
1833 2295 1892 2338 ut
1913 2287 2174 2337 fateretur
2191 2282 2427 2347 iujuriam
2441 2277 2661 2329 factam.
2683 2274 2777 2328 Do·

1713 2369 1868 2414 natus.
2351 2400 2356 2405 .

1778 2439 1933 2504 Atqui
1954 2454 2012 2490 eo
2031 2436 2130 2501 res]
2176 2433 2351 2500 Atqui,
2381 2431 2503 2492 imo.
2572 2427 2782 2494 Legitur

1716 2525 1772 2569 et
1793 2524 1948 2582 atque.
1980 2516 2158 2566 Idem.
2473 2557 2480 2568 ,

1782 2600 1845 2645 87
1880 2596 1949 2645 Et
1990 2592 2149 2655 illm]
2205 2587 2550 2640 Meretricem
2588 2583 2785 2636 malm

1718 2673 1871 2723 Idem.

1741 2787 1746 2792 -
1784 2753 1855 2799 Et
1896 2751 2036 2812 hono,
2065 2762 2170 2812 (με
2207 2744 2334 2796 domi
2372 2741 2505 2805 erat]
2556 2739 2782 2789 Uxorem

1720 2827 2024 2877 modestam.
2063 2825 2217 2874 Idem.
2599 2843 2602 2846 ·

1739 2933 1742 2938 -
1782 2904 1855 2952 Et
1874 2902 2027 2963 mom,
2049 2904 2095 2949 et
2117 2899 2239 2948 hauc
2258 2910 2364 2960 quoe
2383 2894 2515 2944 domi
2536 2890 2692 2954 erat]
2719 2888 2782 2937 11-

1718 2980 1816 3029 la'm
1831 2992 1947 3043 quae
1970 2974 2217 3025 meretrix
2239 2978 2416 3023 esset:
2450 2971 2597 3032 hanc,
2619 2968 2672 3017 id
2695 2971 2785 3025 est,

1717 3068 1945 3104 uxorem.
1979 3052 2129 3101 Idem.

1787 3127 2049 3192 Cognovit]
2101 3124 2421 3190 Diligentius
2455 3131 2514 3174 et
2536 3120 2781 3174 attentius

1721 3205 2092 3257 consideravit.
2119 3219 2241 3253 nam
2274 3215 2575 3264 cognoscere,
2603 3207 2687 3252 est
2716 3197 2784 3247 di·

1721 3287 1947 3351 ligeuter
1967 3290 2024 3333 et
2045 3289 2250 3341 attente
2265 3280 2627 3331 considerare.
2644 3279 2784 3328 Iden.

1793 3360 2030 3423 Cognovit
2051 3358 2195 3421 sotis]
2217 3359 2363 3407 Beue
2384 3357 2527 3418 sotis,
2542 3371 2615 3406 ex
2636 3353 2784 3420 ipsius

1722 3439 1970 3499 moribus,
1989 3444 2044 3487 et
2062 3451 2129 3486 ex
2153 3433 2465 3484 meretricis.
2502 3434 2658 3482 Iden.
2705 3441 2708 3446 ’

1789 3519 1855 3564 88
1885 3514 1968 3564 Aa
1989 3511 2278 3576 exemplum]
2324 3511 2486 3562 Quasi
2511 3509 2581 3559 ad
2619 3506 2784 3570 imagi·

1724 3605 1863 3653 nem,
1881 3598 1935 3640 et
1954 3590 2308 3650 collationem,
2325 3594 2382 3636 et
2403 3586 2644 3650 speciem
2659 3597 2786 3635 eom-

1725 3666 2023 3732 paratiouis.
2056 3665 2211 3713 Idem.
2567 3709 2572 3713 .
2615 3711 2618 3714 ,

1790 3743 1874 3793 Διί
1896 3742 2160 3806 exemplum
2183 3740 2430 3791 ambarum
2455 3756 2614 3789 mores
2639 3752 2793 3791 eum

1725 3813 2031 3881 existimus]
2092 3819 2367 3867 Donatus:
2426 3819 2442 3845 ‘
2460 3815 2666 3880 Quasi,’
2703 3818 2801 3864 &m

1731 3897 1876 3947 Nihil
1905 3943 1908 3946 ,
1934 3895 2059 3943 satis
2115 3892 2409 3957 expedivit.
2477 3893 2587 3941 Res
2636 3891 2796 3941 mira:

1728 3986 1906 4021 omnes
1949 3970 2199 4019 videntur
2241 3970 2343 4019 sibi
2387 3969 2703 4032 intelligere,
2744 3974 2798 4017 et

1725 4046 2061 4112 interpretari
2093 4047 2229 4096 huuc
2251 4060 2482 4107 versum,
2516 4045 2643 4094 dum
2681 4041 2800 4093 nihil

1728 4133 1890 4189 agunt
1912 4123 2140 4173 interim.
2164 4137 2265 4172 nou
2285 4124 2428 4172 enim
2443 4119 2643 4172 sufficit
2663 4121 2797 4170 dice-

1729 4218 1786 4251 re
1807 4218 1822 4253 :
1876 4202 1893 4229 ‘
1912 4202 2093 4251 Mores
2138 4214 2317 4252 earum
2374 4199 2701 4264 comparavit
2723 4210 2795 4248 ‚ec

1729 4274 2023 4340 contendit,
2060 4277 2118 4326 et
2157 4276 2225 4326 de
2264 4276 2540 4342 utriusque
2578 4274 2794 4326 moribus

1731 4369 1797 4404 ex
1818 4354 1917 4405 hac
1939 4352 2645 4419 comparatiouejudicavit.’
2675 4364 2790 4402 nou·
