3035 4941
598 358 961 407 TERENTn
1010 356 1645 405 HEAUTON'HMOR.
1690 358 1856 405 Aor-
1903 360 1971 406 V.
2014 358 2120 407 Sc·
2165 359 2266 407 lv.

335 514 422 552 me
445 500 496 549 in
522 505 576 549 te
593 502 659 558 sit
674 499 848 551 facere
870 501 1096 564 dignum,
1112 499 1395 550 invenero)

335 576 403 629 Id
427 585 529 641 eat,
544 591 647 626 non
663 576 763 627 eris
783 577 907 626 mihi
926 576 1143 640 amplius
1166 590 1257 638 pro
1273 574 1398 634 filio,

333 655 773 705 exhaeredaberis.
826 653 1002 719 Atque
1023 653 1170 716 hujus
1186 661 1394 702 senten·

335 728 425 782 tiae
467 731 568 778 vim
611 744 728 779 mox
765 729 918 779 etiam
958 727 1268 793 proverbiali
1308 741 1395 792 ge·

333 818 465 854 nere
510 803 743 867 αὐξήσεως
787 804 1067 868 amplificat
1120 805 1393 856 Chremes:

221 907 239 912 >
332 883 351 914 ‘
371 896 479 931 non
501 882 546 931 si
565 898 628 931 ex
647 884 820 947 capite
844 883 912 932 sis
932 897 1044 932 meo
1067 891 1235 943 natus,
1252 882 1397 943 item,

335 966 398 1009 ut
436 959 605 1022 aiunt,
636 961 925 1011 Minervam
960 974 1073 1009 esse
1115 973 1182 1009 ex
1225 959 1397 1022 Jove,’

334 1036 571 1102 adeoque
614 1037 859 1101 singulari
904 1037 1059 1086 modo
1104 1037 1198 1086 tibi
1243 1044 1397 1100 pater

335 1113 453 1173 aim,
473 1126 569 1175 pro
589 1111 693 1161 filio
715 1118 767 1161 te
792 1111 1007 1162 habeam
1040 1112 1117 1161 bis
1152 1111 1396 1164 moribus,

336 1196 498 1253 atque
528 1190 544 1217 ‘
568 1204 632 1238 ea
663 1204 821 1244 causa
853 1189 1011 1253 magis
1047 1189 1216 1251 patiar
1249 1187 1396 1252 flagi·

335 1266 428 1315 tiis
471 1266 578 1315 tuis
618 1280 703 1316 me
746 1265 986 1315 infamem
1028 1263 1180 1315 fieri!
1253 1267 1394 1318 Quo-

334 1342 492 1393 modo
544 1343 779 1406 Guyetus
834 1344 1111 1396 emendare
1159 1352 1395 1408 conetur,

336 1418 478 1467 vide.
512 1419 773 1470 Boeclemae.

406 1497 470 1545 12
506 1496 615 1545 Neu
644 1503 755 1547 sunt
771 1497 878 1557 jam
913 1498 1011 1547 lunc
1044 1499 1173 1548 dicta
1187 1498 1396 1561 parenti,

334 1570 448 1634 εἷα]
498 1570 689 1628 Versus
733 1588 844 1622 esse
884 1575 1175 1624 trochaicus
1220 1574 1397 1625 debet.

339 1645 692 1696 Quamobrem
711 1648 985 1712 legendum
1009 1658 1067 1699 ut
1088 1650 1225 1713 apud
1248 1650 1399 1699 Fae'r-

338 1737 464 1771 num
511 1729 626 1772 est:
691 1725 802 1774 Noa
842 1727 1201 1789 cuntrpureatis
1253 1728 1396 1777 dicta.

338 1797 597 1850 Profecto
617 1800 843 1851 arbitror
867 1805 1052 1853 multos
1076 1803 1397 1853 Christianos

335 1877 583 1940 ignorare
631 1878 755 1940 quid
810 1878 1000 1928 doceat
1056 1879 1398 1943 Hephaestion

338 1954 728 2006 Alexandrinus
750 1956 800 2005 in
825 1957 1004 2007 libello
1024 1956 1312 2006 admirabili
1332 1956 1398 2006 du

338 2031 544 2090 metris,
578 2038 668 2081 aut
705 2032 824 2094 quid
861 2032 1129 2095 scripserit
1167 2033 1398 2095 Maurus,

341 2108 727 2158 Grammaticus
763 2108 935 2173 poeta,
968 2115 1025 2158 et
1061 2108 1137 2157 vir
1156 2108 1398 2158 Illustris.

341 2185 524 2237 Faber.

408 2261 528 2314 Non
558 2265 672 2310 aaut
713 2261 813 2309 hoec
840 2259 949 2322 jam
986 2260 1202 2324 pareatis
1243 2259 1398 2325 dicta]

336 2336 457 2385 Jnm
480 2351 581 2385 non
606 2343 689 2387 est
711 2337 774 2385 in·
787 2338 890 2388 ullo
913 2339 948 2385 l.
973 2352 1014 2386 s.
1036 2335 1170 2401 quod
1192 2342 1244 2385 et
1270 2336 1399 2385 ratio

341 2413 595 2464 trochaici
622 2412 840 2478 respuit.
872 2414 1101 2463 Fuimus.

408 2491 472 2541 Sa·
488 2507 550 2541 ex
569 2491 723 2555 cum‘te
739 2491 809 2540 sia
828 2491 953 2554 meo]
985 2491 1039 2539 Si
1063 2505 1209 2554 aeque
1225 2497 1400 2540 certus

340 2582 513 2618 essem
549 2565 615 2616 de
656 2573 808 2631 partu
844 2581 904 2615 ac
936 2574 1126 2615 matres
1159 2572 1280 2616 sunt
1313 2574 1404 2616 aut

338 2643 577 2708 Jupiter,
604 2643 754 2707 cujus
786 2657 818 2693 e
852 2642 1069 2692 cerebro
1093 2649 1403 2692 natamaesse

342 2722 633 2772 Minervam
674 2721 853 2781 aiunt3
885 2734 985 2768 non
1021 2725 1193 2770 tamen
1226 2735 1307 2768 me
1328 2720 1405 2769 in·

342 2797 536 2850 famem
558 2794 768 2861 flagitiis
793 2796 892 2845 tuis
927 2794 1042 2845 fieri
1064 2796 1249 2858 patiar.
1281 2795 1404 2844 Far-

334 2873 533 2931 stabius.

351 3004 359 3009 ,
412 2955 473 3000 13
512 2951 783 3000 Minervam
803 2963 901 2998 esse
931 2964 994 2998 esc
1023 2948 1169 3012 Jove]
1205 2948 1408 3014 Poetae,

346 3026 670 3081 Stesichorus
694 3027 909 3090 primus,
942 3040 1059 3075 mox
1084 3023 1407 3088 Apollonius,

345 3102 539 3153 deinde
558 3103 659 3152 alii.
707 3102 962 3152 Lucianus
997 3102 1048 3149 in
1080 3101 1282 3164 dialogo
1313 3101 1406 3152 Jo-

344 3180 425 3230 vis
444 3187 502 3229 et
518 3179 756 3230 Vulcani.
782 3177 883 3227 Adi
900 3177 1242 3240 Mythologos.
1258 3177 1405 3227 Idem.
1456 3171 1463 3177 ’
1487 3168 1492 3174 ’

415 3260 477 3306 15
519 3257 605 3305 Dii
627 3256 790 3305 isthoec
808 3253 1098 3318 prohibeant.
1149 3254 1254 3302 Cn.
1278 3254 1410 3302 Deos

345 3333 529 3397 acacio]
566 3334 805 3394 Plautus,
839 3331 894 3380 ἐκ
929 3328 1259 3394 παραλλήλου,
1300 3331 1408 3380 Cis·

346 3411 557 3461 tellaria
595 3425 635 3461 1.
675 3415 721 3459 1.
756 3413 839 3458 53.
897 3410 913 3437 ‘
941 3409 1050 3458 GY.
1091 3408 1182 3458 Dii
1222 3405 1408 3456 faxint.

346 3488 448 3538 La.
482 3487 595 3537 sine
629 3501 788 3549 opera
824 3492 913 3535 tua
951 3485 1072 3533 nihil
1109 3483 1181 3533 dii
1218 3484 1410 3532 horunc

350 3563 529 3615 facere
548 3563 794 3629 possunt.’
819 3563 990 3613 Nescio
1010 3564 1136 3624 deos,
1155 3560 1268 3610 sub.
1286 3560 1411 3625 quid

350 3641 546 3697 facturi
585 3642 708 3704 sint,
750 3656 814 3690 an
855 3640 1162 3704 prohibituri
1200 3640 1321 3700 sint,
1353 3646 1414 3688 ut

352 3726 501 3770 recte
544 3718 798 3784 Guyetus.
858 3716 963 3767 Alii
999 3731 1098 3766 nou
1138 3723 1411 3780 ceperunt.

354 3797 617 3847 Boeclerus.

421 3870 598 3922 Nescio
630 3868 763 3932 deos]
796 3867 1072 3931 Dionysius
1117 3867 1414 3930 Lambinus,

356 3949 433 3996 vir
455 3960 655 3995 summe
679 3944 932 4004 eruditus,
953 3952 1010 3992 ut
1031 3944 1096 3993 de
1119 3944 1205 3993 illo
1224 3944 1413 3994 alicubi

355 4023 565 4072 censuit
603 4020 856 4083 Scaliger,
898 4018 1013 4084 (qui
1061 4027 1231 4068 tamen
1276 4020 1412 4070 haud

350 4099 510 4151 facile
533 4110 837 4163 quemquam
860 4093 1146 4158 laudabat,)
1169 4097 1249 4146 bic
1263 4096 1413 4146 valde

353 4174 570 4226 erravit.
623 4172 711 4222 Sic
744 4172 880 4221 enim
913 4170 965 4219 in
1000 4171 1209 4234 egregia
1243 4172 1328 4221 illa
1349 4171 1414 4221 ad

355 4253 601 4304 Carolum
632 4262 719 4301 tx.
743 4247 978 4313 Epistola
1011 4247 1258 4313 loquitur,
1289 4251 1416 4315 (qua

2352 343 2522 409 1387

1465 498 1704 562 Epistola
1743 500 1865 549 nihil
1898 499 1965 550 ab
1999 500 2112 564 ipso
2144 501 2329 551 melius
2360 502 2525 566 scrip·

1468 575 1719 639 tumest‚)
1737 577 1753 604 ‘
1772 577 1857 626 Ne
1878 577 2157 626 Terentius
2179 578 2425 642 quidem,’
2447 580 2523 628 in-

1466 652 1598 715 quit,
1635 653 1651 679 ‘
1684 668 1834 717 quem
1871 665 2046 702 omnes
2078 653 2268 702 eruditi
2302 656 2524 720 omnium

1465 728 1779 778 comicorum
1819 729 2240 791 pudentissimum
2287 738 2342 780 et
2383 747 2530 781 vere-

1465 804 1830 856 cundissimum
1853 804 2086 855 fatentur
2109 821 2240 871 esse,
2254 811 2355 858 dcc.
2406 809 2524 860 Jam
2623 871 2626 874 Ι

1464 879 1592 930 illud
1639 881 1704 934 ab
1745 882 1880 931 irato
1918 897 2043 932 aene
2088 884 2245 948 impie
2295 883 2525 935 dictum=

1465 958 1605 1009 Deos
1629 958 1840 1008 nescio!
1894 959 2079 1023 Vides,
2109 960 2321 1022 Lector,
2334 962 2528 1011 Teren-

1465 1034 1596 1085 tium
1627 1036 1910 1100 impietatis
1943 1044 2170 1087 accusat.
2208 1052 2239 1087 o
2274 1039 2320 1087 si
2342 1040 2526 1088 vellem

1465 1128 1566 1177 ego
1601 1114 1902 1164 Lambinum
1943 1115 2207 1179 arripere!
2265 1115 2370 1165 Sed
2411 1118 2525 1180 ejus

1463 1191 1647 1240 virtuti
1669 1190 1893 1241 debetur
1923 1200 1981 1241 ut
2012 1193 2202 1257 nequid
2229 1194 2336 1242 tale
2365 1193 2527 1244 facia·

1464 1280 1591 1316 mus.
1615 1267 1781 1317 dicam
1819 1267 1984 1331 igitur
2007 1269 2333 1332 simpliciter,
2351 1277 2406 1319 et
2441 1286 2526 1319 ve-

1466 1341 1599 1391 niam
1636 1341 1904 1405 praefatus,
1940 1343 2038 1393 hoc
2079 1346 2196 1395 loco
2226 1345 2402 1409 lapsus
2446 1351 2530 1395 est

1466 1418 1545 1467 vir
1580 1417 1937 1469 Doctissimus.
1991 1419 2151 1480 Illud,
2193 1421 2366 1471 Nescio
2401 1423 2531 1484 deos,

1465 1494 1590 1544 nihil
1610 1503 1690 1544 est
1714 1495 1874 1557 aliud,
1895 1496 2014 1558 nisi,
2034 1503 2049 1525 ‘
2070 1496 2209 1548 Quid
2240 1496 2414 1547 facere
2437 1499 2528 1548 de·

1465 1572 1726 1626 creverint
1757 1572 1870 1629 Dii,
1903 1572 1955 1623 id
1990 1574 2229 1638 equidem
2271 1581 2352 1624 est
2391 1575 2528 1640 quod

1466 1649 1674 1708 nescio;
1720 1649 1843 1712 qnid
1882 1648 1997 1711 ipse
2041 1648 2275 1699 facturus
2317 1650 2431 1712 sim,
2474 1651 2529 1700 id

1469 1739 1591 1774 vero
1629 1730 1708 1773 est
1746 1725 1883 1787 quod
1913 1726 2059 1775 scio?
2109 1726 2199 1776 Sic
2232 1728 2375 1790 alibi,
2407 1742 2528 1778 cum

1467 1800 1687 1852 dixisset
1727 1800 1953 1851 Bacchis
1975 1817 1991 1850 ε
2039 1803 2056 1831 ‘
2079 1803 2240 1852 Vobis
2270 1817 2387 1852 cum
2424 1817 2532 1853 uno

1466 1874 1661 1931 semel,’
1716 1878 1816 1925 ὅτε.
1879 1876 2160 1939 respondet
2213 1876 2486 1942 Antiphila
2512 1896 2527 1925 ε

1465 1953 1482 1981 ‘
1509 1951 1702 2003 Nescio
1739 1952 1899 2001 alias:
1959 1966 2043 2001 me
2082 1952 2289 2017 quidem
2323 1967 2530 2016 semper

1468 2029 1577 2077 scio
1611 2026 1802 2077 fecisse
1822 2027 2000 2077 sedulo
2025 2028 2099 2077 Ut
2133 2043 2199 2077 ex
2231 2029 2368 2078 illius
2391 2039 2530 2079 com·

1469 2105 1621 2153 modo
1673 2118 1841 2154 meum
1898 2118 2256 2167 compararem
2305 2120 2530 2155 commo·

1468 2179 1626 2229 dum.’
1686 2182 1702 2208 ‘
1726 2179 1922 2229 Nescio
1968 2177 2127 2242 alias,’
2168 2179 2221 2228 id
2255 2190 2354 2243 est,
2386 2180 2529 2231 Quid

1468 2255 1585 2305 alim
1610 2256 1848 2305 mulieres
1870 2253 2087 2317 faciant,
2105 2264 2163 2306 ut
2182 2270 2295 2305 sese
2315 2257 2369 2306 in
2395 2256 2531 2306 viros

1469 2339 1674 2396 gerant,
1721 2333 1927 2381 nescio:
1959 2339 2038 2393 ‚at
2085 2346 2203 2395 ego,
2243 2347 2359 2397 quaa
2405 2331 2531 2381 mihi

1470 2409 1681 2460 conscia
1715 2422 1847 2469 sum,
1885 2408 1983 2458 hoc
2018 2423 2138 2457 vere
2172 2423 2376 2472 possum
2399 2406 2535 2458 affir-

1470 2501 1630 2549 mare,
1651 2501 1737 2536 me
1772 2501 1978 2549 semper
2007 2501 2175 2536 meum
2208 2486 2533 2537 commodum

1476 2579 1565 2690 2:1-
1564 2565 1722 2628 ipsius
1744 2565 2009 2615 commodo
2041 2578 2394 2629 comparasse.
2434 2565 2534 2616 Fu·

1543 2718 1654 2769 Cn.
1692 2717 1865 2768 Nescio
1906 2715 2065 2779 Deos]
2117 2715 2333 2779 Supple,
2374 2716 2536 2780 prohi-

1478 2794 1633 2844 beant.
1659 2792 1764 2843 Sed
1799 2807 1977 2842 vocem
2009 2794 2144 2842 hanc
2167 2793 2436 2843 intercidit
2458 2792 2536 2840 ira

1479 2871 1788 2929 Chremetis,
1807 2870 1891 2919 cui
1913 2868 2059 2918 dolor
2078 2870 2281 2931 impiam
2300 2870 2430 2918 hanc
2450 2883 2537 2917 vo·

1479 2960 1590 2999 cem
1615 2947 1888 3009 expressit.
1927 2944 2211 2994 Famam.

1546 3026 1607 3070 16
1644 3021 1834 3078 Quaeris
1851 3021 1972 3083 quod
1991 3018 2157 3082 habes]
2189 3018 2408 3069 Scilicet
2450 3033 2537 3083 pa·

1479 3104 1671 3149 rentes.
1709 3096 2035 3159 Eugraphius.

1548 3174 1686 3230 Quod
1721 3174 1853 3222 abest
1892 3187 1985 3221 m
2020 3169 2220 3235 qua-ris]
2276 3170 2395 3219 Hoc
2441 3178 2543 3233 est,

1482 3251 1908 3318 quemadmodum
1931 3249 2069 3314 patri
2088 3248 2404 3314 obsequaris.
2469 3250 2540 3299 Et

1482 3339 1561 3378 eat
1602 3328 1945 3390 compositum
1983 3340 2051 3376 ex
2087 3325 2384 3389 contrariis,
2420 3339 2539 3390 quae

1484 3405 1646 3471 figura
1679 3406 1874 3454 dicitur
1910 3403 2171 3466 ἀντίθετον,
2209 3404 2289 3452 vel
2325 3400 2544 3478 πάρισον,

1485 3483 1538 3532 id
1556 3491 1658 3544 est,
1681 3481 1902 3547 aequatio
1925 3482 2218 3533 sententiae.
2267 3480 2410 3531 Idem.

1553 3565 1614 3610 18
1649 3558 1827 3621 Pudet]
1862 3558 2197 3622 Aposiopesis
2231 3573 2295 3607 ex
2321 3558 2538 3622 pudore.

1486 3638 1789 3700 Quanquam
1807 3636 1987 3696 iratus,
2007 3649 2177 3685 coram
2199 3649 2358 3684 uxore
2372 3642 2543 3685 tamen

1486 3714 1774 3762 meretricem
1791 3711 1965 3761 dicere
1984 3711 2079 3761 sibi
2098 3711 2384 3762 interdicit.
2419 3712 2545 3760 Fur-

1486 3789 1673 3840 stabius.

1554 3873 1615 3917 19
1646 3866 1717 3916 At
1739 3872 1785 3915 te
1816 3866 1936 3915 illud
1965 3867 2093 3914 num
2127 3865 2438 3926 madefacere
2460 3869 2539 3930 pi·

1480 3944 1611 4006 gaii.
1668 3944 1762 3992 Cr..
1786 3942 1900 3991 eheu
1919 3957 2055 4005 quam
2087 3957 2174 4002 ego
2205 3942 2352 4005 nunc]
2385 3943 2543 3992 Bem-

1487 4021 1635 4070 binus
1658 4028 1712 4069 et
1736 4019 1931 4082 aliquot
1961 4019 2048 4068 alii
2083 4018 2200 4067 libri
2226 4021 2300 4068 ita
2316 4020 2511 4069 habent
2528 4036 2544 4069 :

1486 4100 1558 4149 At
1590 4103 1638 4148 te
1667 4098 1720 4147 id
1739 4098 1866 4145 nullo
1887 4096 2197 4153 madefacere
2213 4098 2404 4160 puduit.
2456 4098 2546 4147 Ita

1487 4175 1685 4238 optime
1726 4180 1835 4222 stat
1871 4171 2179 4221 trochaicus.
2252 4173 2381 4223 Qum
2423 4170 2550 4225 v'ero

1489 4254 1772 4315 sequuntur
1794 4247 1847 4297 in
1871 4245 2148 4311 Bembino‚
2165 4254 2286 4298 sunt
2307 4247 2417 4300 siue
2434 4264 2551 4314 pro·
