3035 4941
712 453 1080 506 'rnnmwu
1128 451 1409 500 nuent.
1456 449 1622 498 Ac'r.
1671 448 1718 497 1.
1764 447 1867 497 SC.
1920 449 2003 496 11.

275 600 386 650 dum
407 600 538 650 enim
558 614 656 652 nec
683 600 750 651 de
780 598 969 664 φράσει,
991 612 1089 648 nec
1108 596 1175 646 de
1197 611 1308 645 συν-

272 675 626 738 τάξειοοιιεὶειῐ.
647 676 702 726 in
725 692 827 742 qua
857 691 913 725 re
944 689 1060 724 cum
1092 688 1194 723 uon
1218 688 1310 738 pa·

272 769 375 803 rum
416 755 718 804 incommodi
762 753 962 803 videret
1005 750 1310 800 Franciscus

272 830 515 894 Guyetus,
532 844 737 881 versum
760 836 924 881 totum
944 826 1156 877 delevit.
1194 826 1310 875 Ma-

261 906 384 969 joris
424 908 476 957 id
508 922 621 958 esse
658 906 896 957 candoris
932 903 1144 965 dixeris,
1172 901 1310 967 quod

268 980 415 1032 fateri
448 984 522 1033 ita
548 984 727 1040 voluit,
748 996 851 1032 non
884 981 1012 1030 satis
1045 979 1311 1029 commode

269 1059 505 1121 explicari
526 1074 716 1123 posse3
765 1067 826 1108 ut
854 1073 970 1108 cum
1000 1057 1312 1107 Terentiana

267 1133 457 1185 scilicet
488 1137 593 1186 stili
627 1135 877 1185 civilitate
909 1132 1200 1183 consentiat
1219 1146 1309 1180 ex-

166 1252 167 1255 ,
266 1210 483 1275 plicatio,
498 1227 558 1262 ac
589 1211 804 1263 eruditis
835 1209 1112 1274 approbari
1134 1213 1312 1272 queat,

269 1286 379 1336 Sive
397 1290 528 1338 enim
545 1289 720 1338 dicas:
751 1303 914 1338 earum
940 1286 1180 1337 ambarum
1208 1301 1307 1334 mo-

263 1375 348 1425 res,
367 1366 426 1412 ad
456 1367 718 1428 exensplma
744 1363 1040 1414 existimavit
1052 1379 1073 1422 ,-
1115 1362 1307 1412 satisne

266 1438 495 1493 Latinum
516 1443 636 1505 erit,
653 1444 717 1491 ad
735 1441 996 1504 exemplum
1015 1438 1310 1501 existimare,

266 1523 322 1565 at
350 1516 539 1569 efficiat
570 1533 797 1576 sensum,
817 1532 970 1583 quem
1004 1518 1118 1566 vis?
1184 1517 1307 1566 Sive

263 1590 333 1640 ita
351 1592 668 1660 distinguas:
691 1597 755 1645 cd
769 1597 1030 1659 exemplum
1051 1596 1310 1661 umber-mu,

261 1681 402 1719 mres
419 1672 895 1735 eumueoeistinuns,
908 1673 1031 1737 quid
1051 1673 1190 1722 uliud
1217 1690 1310 1739 po·

263 1746 380 1795 teris
423 1747 614 1799 afferre
656 1750 837 1799 melius
869 1764 1019 1815 quam
1053 1757 1115 1801 ut
1147 1752 1312 1816 dicas,

259 1827 527 1890 mamam,
553 1827 854 1877 cottidiana
889 1828 1014 1878 vitae
1036 1835 1309 1880 consuetu-

263 1897 425 1952 dinem
446 1918 583 1967 esse,
595 1919 746 1953 mores
761 1904 826 1953 ad
845 1905 1106 1968 ingenium
1129 1913 1309 1957 notan·

261 1973 372 2025 dum
416 1981 718 2043 pertinere?
772 1998 823 2046 q.
867 1981 919 2032 d.
961 1984 1217 2047 exigendo
1253 1993 1310 2036 et

258 2057 600 2118 comparando
609 2058 761 2122 hujus
777 2059 1222 2123 consuetudinem,
1240 2060 1307 2110 ad

256 2129 382 2181 illius
393 2135 1310 2201 consuetudinem,quoiugenioutra·

260 2222 352 2272 que
367 2221 523 2276 esset,
536 2213 695 2263 facile
707 2214 946 2277 judicare
965 2215 1136 2279 potuit
1152 2230 1212 2265 ac
1225 2214 1310 2265 de·

258 2285 592 2345 prehendere.
602 2299 718 2338 nam
728 2292 742 2318 ‘
755 2288 1045 2340 Cotidianae
1060 2290 1178 2340 vitae
1189 2294 1319 2343 cou·'

257 2365 484 2429 suetudo,
496 2374 556 2416 ut
571 2367 821 2430 quusque
839 2367 1101 2430 ingenium
1118 2367 1204 2432 sit,
1220 2366 1311 2418 de·

258 2436 415 2492 clarat
428 2443 691 2495 maxime!
725 2444 998 2496 Heaut.u.
1016 2449 1166 2496 ΒΑΕ.
1194 2447 1311 2498 Nec

257 2513 590 2570 dubitandum
609 2527 688 2571 est
706 2520 772 2570 de
787 2536 864 2583 re,
878 2522 1001 2586 quin
1018 2522 1086 2572 de
1106 2537 1312 2587 compa·

225 2612 229 2616 ·
257 2592 447 2645 ratione
460 2597 692 2647 liberalis
707 2598 760 2646 in
777 2597 1080 2650 Philumena
1095 2599 1311 2664 ingenii,

256 2672 536 2722 meretricis
578 2673 838 2735 ingenium
874 2689 1053 2738 parum
1091 2676 1311 2728 liberale

254 2751 578 2812 perspexerit
589 2750 911 2814 Pamphilus.
928 2751 980 2801 id
991 2752 1130 2817 quod
1147 2767 1220 2802 vs.
1229 2758 1311 2804 89.

255 2829 309 2871 et
336 2837 443 2890 seq.
471 2826 605 2876 satis
641 2827 951 2878 ostenditur.
985 2828 1075 2879 sed
1108 2830 1231 2895 quid
1254 2831 1311 2881 in

253 2900 419 2952 verbis
442 2902 744 2954 desiderare
766 2911 957 2968 queant
981 2906 1196 2957 eruditae
1220 2922 1309 2957 au-

254 2988 353 3035 res,
363 2988 577 3043 norunt,
586 2980 674 3044 qui
682 2988 881 3031 castum
892 2981 1191 3032 Terentiaui
1202 2998 1310 3033 ser·

252 3055 409 3104 monis
432 3058 640 3120 genium
663 3056 976 3120 intelligunt.
1008 3059 1269 3109 Boeclerus.

311 3131 641 3195 Existimas]
682 3134 1007 3197 Intelligens.
1039 3135 1279 3187 Donatus.

274 3223 279 3230 ·
311 3209 477 3260 Mores
507 3225 676 3260 aarum
705 3210 967 3275 oeuimans]
1009 3213 1189 3262 Mores
1223 3228 1309 3264 ea-

253 3297 360 3334 rum
404 3301 711 3352 comparans
749 3302 810 3336 ac
844 3288 1201 3351 contendens3
1252 3296 1309 3341 et

253 3358 317 3410 de
347 3363 618 3429 utriusque
640 3362 867 3413 moribus
890 3379 957 3415 ex
986 3365 1082 3414 hac
1102 3379 1309 3431 compa·

251 3438 446 3490 ratione
456 3441 724 3505 judicans.
758 3442 886 3492 Mer.
913 3442 1232 3493 canamus.

313 3520 377 3565 89
411 3518 558 3578 Hoec,
580 3517 653 3566 ita
681 3522 735 3579 με
768 3518 955 3568 liberali
985 3534 1083 3568 esse
1115 3519 1309 3581 ingenio

200 3637 203 3640 ,
249 3590 402 3657 decet]
444 3594 692 3647 Qualitas
725 3596 1095 3660 comparativa.
1145 3596 1310 3646 Donu-

248 3671 338 3719 ωε.
566 3709 569 3714 .
1150 3705 1153 3708 =

314 3749 441 3799 Hoec
484 3750 561 3801 itu
589 3750 663 3800 uti
701 3749 889 3800 liberali
927 3764 1027 3799 esse
1061 3750 1166 3812 ing.
1201 3749 1308 3813 ξω]

250 3821 480 3891 Egregie
501 3826 707 3877 induxit
730 3827 865 3876 hauc
885 3824 1098 3891 figuram
1122 3825 1310 3882 Poeta.

251 3908 309 3951 ut
330 3912 584 3968 quantum
624 3908 904 3969 praestaret
935 3910 1183 3953 matronas
1207 3902 1309 3953 vir-

250 3984 333 4027 tus
385 3981 699 4032 meretriciis
750 3978 980 4029 moribus
1018 3978 1308 4044 intelligen-

249 4054 370 4107 dum
392 4058 578 4109 daret:
602 4058 720 4106 dum
749 4056 888 4106 enim
904 4055 1205 4106 adolescens
1221 4058 1309 4107 uni

249 4132 462 4184 deditus
516 4134 793 4185 meretrici*
823 4131 941 4196 fuit,
985 4147 1087 4183 non
1131 4134 1307 4184 statim

249 4210 598 4276 deprehendit
635 4211 841 4261 fucatos
875 4224 1063 4272 mores,
1094 4217 1149 4279 et
1184 4211 1310 4261 nihil

250 4302 316 4337 ex
347 4289 557 4339 siucero
590 4289 872 4339 trabentes.
940 4285 1137 4335 Verum
1170 4293 1329 4350 post-¹

249 4378 404 4429 quam
426 4363 939 4431 comparaudicopia
952 4361 1071 4425 fuit,
1093 4377 1193 4414 nou
1218 4378 1309 4430 po·

2270 428 2442 493 1529
2455 424 2462 427 ’

1385 593 1489 644 tnit
1525 588 1742 644 liberali
1763 589 2026 656 Pamphili
2060 585 2270 652 iugenio
2307 585 2442 650 (tale

1383 668 1519 719 enim
1544 667 1675 719 facit
1706 667 1890 731 poeta)
1913 666 2121 716 dubium
2158 677 2289 724 esse,
2319 661 2442 727 quid

1383 744 1561 806 amari,
1581 745 1706 809 quid
1731 743 1964 807 praeferri
1986 741 2219 791 deberet.
2285 739 2442 801 Inge-

1386 821 1475 871 nia
1496 821 1634 870 euim
1658 819 1993 870 similitudine
2031 816 2129 866 sibi
2169 815 2446 865 concilian-

1385 903 1472 947 tur
1490 890 1730 946 in'vicem.
1764 902 1917 960 atque
1942 901 2001 943 ut
2024 892 2168 957 pravi
2187 889 2343 940 facile
2367 890 2444 938 in-

1386 981 1469 1023 ter
1509 989 1566 1022 se
1593 973 1940 1038 ‚conspirant3
1997 971 2072 1019 ita
2127 973 2440 1034 praestautes

1383 1065 1483 1101 nec
1506 1050 1754 1099 distortas
1777 1058 1985 1098 naturas
2007 1061 2197 1096 arcano
2220 1044 2442 1109 quodam

1386 1135 1442 1178 et
1461 1120 1703 1192 elegante
1726 1118 2032 1176 commercio
2053 1117 2344 1173 consentire
2371 1121 2444 1169 vi·

1383 1203 1584 1254 demus.
1628 1204 1778 1268 cujus
1819 1201 2093 1252 sententiae
2129 1199 2255 1260 vim,
2294 1197 2444 1262 quasi

1382 1280 1572 1342 obiter,
1592 1278 1682 1327 sed
1706 1277 2012 1341 penetrabili
2030 1273 2278 1331 efficacia,
2295 1280 2445 1321 extu-

1384 1356 1446 1407 lit
1487 1366 1667 1406 noster
1710 1357 1764 1405 in
1804 1355 1940 1403 illisa
1983 1352 2138 1402 ‘Huc
2179 1348 2463 1399 transtulit*

1383 1434 1651 1496 Amorem,
1705 1440 1976 1497 postquam
2032 1443 2126 1494 per
2180 1427 2447 1492 ingenium

1384 1519 1572 1561 nactus
1595 1509 1708 1559 est.’
1741 1509 2004 1558 Boeclerus.

1455 1587 1547 1637 Uti
1572 1587 1759 1636 liberali
1792 1600 1895 1635 esse
1932 1581 2126 1645 ingenio
2162 1579 2321 1643 decet]
2369 1577 2448 1629 Ut

1384 1677 1499 1713 eam
1532 1662 1710 1725 decet,
1732 1676 1850 1726 quae
1883 1659 2084 1709 liberali
2122 1658 2192 1708 sit
2224 1656 2448 1721 ingenio.

1385 1736 1671 1804 Caeterum,
1692 1738 1953 1803 posterius
1987 1728 2274 1786 membrum
2305 1748 2447 1784 com-

1384 1820 1671 1885 parationis
1700 1818 1935 1869 censuim
1954 1815 2168 1872 omittit,
2193 1830 2259 1864 ne
2280 1828 2449 1863 mere·

1384 1903 1569 1953 tricem
1598 1902 1870 1951 absentem
1887 1893 2196 1947 insectando
2214 1906 2443 1957 praesen·
2461 1904 2470 1915 ³

1370 1986 1489 2030 -tem
1512 1978 1821 2030 offenderet.
1855 1974 1985 2034 Mer.
2011 1970 2329 2022 Casa-bonus.

1441 2060 1507 2106 9⁰
1557 2056 1774 2117 Pudens,
1801 2049 2035 2113 modesta]
2086 2047 2222 2098 Haec
2266 2050 2452 2095 contra
2481 2050 2485 2059 ⁴

1380 2132 1507 2183 vitia
1529 2130 1822 2181 meretricia
1845 2126 2038 2193 posuit.
2085 2122 2296 2173 Pudens
2319 2122 2449 2182 hoec,

1380 2207 1472 2257 illa
1507 2221 1701 2272 procax
1728 2221 1743 2256 ε
1793 2204 2036 2254 modesta
2068 2198 2308 2263 haec,illa
2336 2211 2445 2245 ma·

1379 2286 1540 2351 ligne.
1563 2283 1759 2348 reliqua
1778 2275 2349 2344 verosuperadduntur,
2362 2287 2446 2323 or-

1377 2368 1622 2412 namenta
1645 2360 1843 2423 uxoris,
1868 2363 2226 2420 matronaque
2249 2350 2446 2402 landes.

1385 2442 1636 2492 Donatus.

1449 2519 1752 2569 Incommoda
1779 2520 1918 2580 atquc
1950 2508 2178 2574 murias]
2229 2504 2449 2569 Callide,

1383 2596 1597 2647 laudata
1617 2608 1778 2644 uxore
1798 2605 1902 2642 non
1921 2588 2116 2653 repetit
2134 2585 2264 2635 vitia
2284 2596 2450 2633 mere·

1385 2675 1531 2726 tricis
1548 2673 1686 2738 apud
1701 2670 2057 2723 meretricem:
2083 2670 2139 2715 et
2155 2663 2305 2714 elmnl
2332 2675 2451 2711 con·

1384 2757 1562 2801 tentus
1594 2750 1662 2799 de
1694 2746 1871 2799 uxoris
1908 2741 2165 2804 laudibus,
2191 2737 2321 2788 vitia
2343 2750 2449 2785 me·

1385 2826 1592 2877 retricis
1615 2823 1880 2888 intelligit.
1912 2822 2065 2870 Idem.
2145 2855 2148 2864 .
2463 2819 2466 2824 '

1449 2906 1750 2956 Incommode
1769 2907 1913 2965 atque
1943 2895 2149 2963 injurias
2178 2889 2275 2943 uiri
2293 2904 2450 2941 oms

1370 2983 1535 3047 serre]
1565 2982 1754 3045 Figura
1775 2977 2002 3040 ἔλλειψις.
2035 2971 2187 3022 Idem·

1455 3057 1654 3121 regere]
1703 3056 1823 3106 Hoc
1847 3055 1963 3120 plus
1984 3054 2085 3112 est,
2113 3055 2266 3112 quem
2289 3037 2449 3093 ferre.

1387 3142 1444 3185 et
1481 3139 1660 3198 tegere,
1693 3131 1826 3200 quod
1866 3126 2195 3179 meretricem
2235 3124 2452 3170 emeret.

1385 3216 1458 3265 Et
1499 3215 1616 3278 plus
1658 3211 1795 3261 dixit
1836 3215 2017 3271 tegere,
2055 3211 2207 3269 quam
2251 3196 2446 3248 celere.

1388 3294 1568 3354 Tegere
1588 3289 1723 3339 enim
1746 3286 1811 3337 ad
1834 3287 1933 3336 hoc
1956 3282 2121 3332 dixitt
2156 3285 2216 3328 ut
2235 3287 2336 3325 non
2371 3283 2453 3324 so·

1382 3370 1490 3421 lum
1514 3371 1759 3434 cuiquam
1780 3379 1880 3415 non
1910 3359 2165 3421 ediceret,
2185 3352 2280 3406 sed
2300 3355 2358 3403 et
2378 3361 2449 3403 ue

1385 3448 1499 3513 quis
1522 3448 1696 3497 sciret.
1730 3444 1881 3492 Idem.

1447 3529 1514 3575 92
1548 3523 1649 3573 Hic
1668 3518 1876 3583 animus]
1901 3512 2143 3567 Orator-ie
2158 3508 2293 3561 dixit
2311 3515 2329 3571 ξ
2351 3518 2455 3557 uun

1385 3602 1524 3652 enim
1547 3598 1878 3664 Pamphilum
1918 3593 2070 3658 dixit,
2102 3587 2195 3640 sed
2227 3587 2451 3639 animum

1382 3678 1665 3743 Pamphili.
1698 3677 1882 3727 Ideni.-

1451 3755 1556 3804 Hic
1571 3751 1776 3815 animus]
1795 3749 1899 3799 Hic
1917 3763 2011 3814 pro
2028 3751 2148 3797 tum.
2175 3739 2448 3807 Virgilius,

1384 3834 1401 3864 ‘
1421 3834 1527 3884 Hic
1550 3831 1699 3882 annis
1733 3827 1927 3893 gravis,
1962 3832 2119 3890 atque
2149 3819 2304 3872 enimi
2340 3831 2449 3868 ma·

1386 3917 1534 3962 turus
1558 3904 1811 3959 Alethes.'
1844 3905 1996 3954 Idem.
2463 3910 2468 3920 ·

1458 3984 1643 4037 Uxoris
1706 3978 2057 4041 ntiserimrdia]
2137 3969 2446 4038 Ἀμφιβολία.

1458 4139 1641 4190 Uxoris
1661 4130 2005 4194 misericordia]
2034 4130 2221 4185 Recte,
2239 4124 2361 4191 qula
2380 4135 2448 4175 ex

1384 4213 1739 4267 misericordia
1776 4221 1920 4261 amor
1956 4205 2199 4268 nascitur.
2265 4202 2353 4253 Sic
2393 4207 2451 4252 et

1384 4294 1438 4343 in
1461 4291 1791 4349 Phormione,
1823 4289 1839 4316 ‘
1859 4286 2135 4335 Misertum
2164 4287 2266 4344 est,
2296 4280 2448 4342 virgo

1383 4370 1501 4435 ipsa
1531 4366 1670 4418 facie
1705 4359 1949 4429 egregia-⁸
1982 4358 2250 4424 Virgilius,
2285 4359 2301 4386 ‘
2325 4354 2447 4407 Heu
