3035 4941
540 379 718 446 1094

542 532 779 592 Donatus.

608 620 801 680 forma,
823 616 964 682 bona]
983 617 1351 682 Distinguitur.
1385 618 1538 668 Idem.

606 696 716 757 Ego
738 697 872 745 illam
889 695 990 744 vidi
1011 696 1244 757 virginem
1257 711 1274 743 .·
1293 695 1461 755 forma
1483 695 1604 743 bona

540 770 734 820 memini
752 770 931 832 videre]
956 770 1325 834 Distinguatur
1343 777 1459 833 post
1478 770 1604 832 vidi,

539 855 600 896 nt
620 848 854 910 virginem
878 846 944 896 ad
975 847 1305 911 insequentia
1324 846 1601 908 referatur,

540 924 640 974 hoc
658 922 830 987 modo,
846 937 935 984 ego
954 923 1086 972 illam
1107 923 1207 972 vidi
1223 938 1239 971 .·
1271 922 1459 971 deinde
1482 922 1603 972 sub·

542 1001 718 1061 datur,
769 1000 1005 1061 virginem
1039 1001 1207 1061 forma
1249 1001 1367 1049 bona
1413 1002 1605 1050 memini

540 1068 713 1133 nidere.
753 1074 1001 1125 Fufii-nus.

605 1153 714 1212 Ego
756 1152 889 1200 illam
929 1152 1049 1214 vidi,
1097 1151 1204 1216 &cd
1243 1153 1474 1203 Faernus
1528 1153 1606 1202 ita

537 1228 654 1276 vnit
684 1227 958 1291 distingui:
1020 1230 1124 1290 Ego
1157 1232 1291 1279 illam
1323 1232 1451 1281 vidi.-
1494 1232 1604 1281 Vir-

535 1303 695 1364 ginem
707 1302 873 1363 forma
895 1303 1014 1354 bona
1039 1305 1231 1356 memini
1252 1307 1429 1358 videre.
1497 1307 1605 1357 Alii

539 1378 652 1426 ita:
691 1379 797 1440 Ego
826 1379 1096 1428 illamvidi
1143 1381 1421 1443 Virginem.-
1442 1383 1608 1444 forma

540 1453 660 1503 bona
685 1455 879 1504 memini
898 1456 1074 1506 videre.
1145 1458 1407 1506 Donatum
1444 1474 1607 1523 appa-

542 1540 626 1584 ret
648 1535 971 1595 distinxisse,
1007 1543 1068 1584 ut
1107 1537 1369 1600 posuimus
1409 1538 1466 1587 in
1500 1538 1607 1588 edi·

542 1611 687 1660 tione
704 1621 903 1661 nostra.
936 1612 1199 1661 Boeelerus.

608 1694 670 1739 18
705 1690 911 1740 Memini
933 1691 1115 1754 tidere]
1141 1691 1249 1742 Aut
1273 1706 1470 1743 memor
1493 1707 1606 1742 sum

541 1782 624 1819 me
661 1768 890 1823 vidisse:
936 1776 1029 1820 aut
1065 1771 1255 1820 memini
1288 1772 1466 1833 videre,
1505 1771 1605 1821 hoe

542 1850 640 1905 est,
660 1836 918 1906 intelligo,
940 1845 1080 1895 scio:
1114 1855 1205 1897 aut
1228 1848 1435 1897 memini
1468 1847 1606 1912 quod

540 1918 775 1990 viderim.
841 1921 1046 1970 Memini
1062 1923 1240 1983 videre,
1273 1937 1366 1985 pro
1398 1923 1605 1973 vidisse.

540 1995 773 2045 Ennius:
806 1997 1058 2047 ‘Memini
1082 2013 1161 2048 me
1187 2005 1295 2048 tum
1314 1998 1426 2049 fieri
1461 2000 1605 2063 pavi-

536 2072 698 2122 dum.’
764 2074 908 2124 Alibi
938 2075 1033 2133 sie,
1070 2076 1276 2125 Memini
1307 2076 1483 2139 videre,
1503 2090 1606 2126 nou

541 2151 781 2215 probare.
815 2152 1052 2203 Danaam.

608 2229 714 2283 Quo
730 2228 931 2292 ‹equiorJ
957 2231 1074 2279 Hoc
1097 2236 1196 2289 est,
1219 2244 1379 2295 quare
1405 2230 1605 2296 aequjor

541 2303 836 2366 Pamphilo,
855 2304 1267 2369 benevolentior,
1302 2321 1404 2355 nou
1426 2308 1608 2370 iratus,

542 2379 627 2428 vel
651 2381 818 2428 minus
840 2376 1066 2444 iniquus.
1130 2381 1282 2431 Idem.

607 2458 669 2504 19
692 2454 755 2504 In
772 2456 969 2520 somnis]
998 2455 1102 2506 Per
1115 2465 1322 2512 noctem
1341 2474 1355 2507 ε
1373 2459 1447 2510 ait
1463 2459 1608 2524 Virg.

540 2537 558 2565 ⁴
581 2536 738 2585 Libra
759 2537 872 2585 dies
893 2538 1161 2602 somnique
1183 2552 1334 2602 pares
1357 2540 1445 2589 ubi
1467 2539 1607 2590 fece-

540 2614 612 2663 tit
656 2613 843 2663 horas!
907 2615 1149 2676 Plautus,
1204 2617 1220 2645 ⁸
1249 2618 1405 2667 Miris
1440 2618 1607 2669 modis

538 2690 691 2742 ludos
746 2691 947 2743 faciunt
1000 2694 1308 2755 hominibus,
1360 2697 1606 2762 mirisque

538 2768 794 2832 exemplis
819 2768 993 2818 omnia
1015 2771 1068 2818 in
1103 2770 1331 2820 somnis!
1401 2772 1504 2823 Alii
1531 2776 1605 2824 ia-

537 2843 734 2905 mmm’s,
756 2844 1009 2908 vigilans3
1042 2845 1133 2897 sed
1158 2848 1342 2898 melius
1367 2865 1460 2913 per
1481 2842 1603 2903 noc·

539 2927 667 2969 tem.
701 2919 853 2969 Idem.

609 2997 767 3051 Quam
804 2996 938 3046 illum
979 2998 1222 3061 amplecti]
1269 3000 1418 3051 Dicit
1461 3016 1601 3053 nunc

536 3071 671 3137 quod
690 3073 846 3137 vulgo
861 3073 1073 3136 dicitur,
1095 3075 1115 3104 ‘
1130 3090 1244 3125 cum
1265 3077 1354 3126 illa
1371 3093 1601 3144 manere,

536 3164 653 3199 cum
675 3150 763 3198 illa
786 3150 1049 3201 dormire.'
1080 3152 1231 3202 Idem.

601 3225 788 3276 Scmu
826 3240 905 3277 νι.
958 3227 1184 3278 senariis
1230 3223 1438 3280 constat
1486 3230 1601 3281 haec

539 3315 722 3352 seenaz
748 3317 824 3351 vs.
846 3307 894 3353 8.
919 3309 1028 3353 tres
1051 3305 1178 3354 Mss.
1213 3307 1378 3356 nostri
1407 3313 1603 3371 propter

535 3376 723 3436 Maece
732 3378 929 3440 hospite
939 3380 1336 3431 consuetudinem.-
1352 3396 1400 3429 v.
1416 3382 1601 3433 Faern.

536 3467 614 3502 vs.
636 3456 718 3501 10.
744 3468 908 3504 unust
944 3454 1118 3506 etenim
1143 3457 1272 3519 ipsus
1301 3472 1457 3506 secum
1497 3474 1602 3507 eam

533 3542 636 3577 rem
656 3533 785 3577 reeta
816 3529 1004 3591 putavit
1039 3529 1137 3580 eia.
1202 3531 1432 3581 Faernus
1455 3533 1602 3584 delet

534 3604 593 3654 τὸ
622 3610 784 3664 reeta3
821 3607 971 3670 quasi
1003 3607 1082 3656 via
1116 3609 1202 3658 hie
1226 3609 1338 3659 sine
1361 3611 1600 3675 epitheto

534 3688 675 3730 stare
700 3689 880 3746 posset
901 3688 956 3731 et
975 3684 1168 3732 valere.
1231 3684 1337 3735 Sed
1362 3689 1604 3751 exempla

532 3773 717 3824 parum
750 3760 1068 3811 conveniunt
1091 3762 1212 3813 huic
1246 3764 1361 3814 loco
1383 3781 1396 3814 =
1419 3782 1494 3818 vs.
1521 3773 1602 3818 14.

533 3850 698 3887 unuse
736 3852 791 3886 ea
822 3837 917 3886 sibi
947 3853 1025 3887 res
1045 3846 1163 3889 esset
1182 3856 1199 3889 .·
1220 3855 1294 3890 vs.
1322 3846 1402 3892 16.
1427 3859 1561 3893 unus
1586 3861 1601 3894 ε

531 3910 778 3962 subtristis
817 3914 1157 3976 aliquantulum
1190 3917 1323 3967 visas
1355 3925 1428 3968 est
1448 3921 1570 3969 milei
1584 3938 1601 3970 .·

530 4004 615 4039 vs.
665 3993 745 4039 17.
790 4004 947 4038 unus:
986 3991 1109 4040 nihil
1144 3997 1214 4040 est
1249 4001 1443 4058 propter
1483 3997 1605 4047 hanc

531 4079 634 4114 rem
666 4066 749 4115 sed
785 4070 877 4129 est,
915 4069 1036 4129 quod
1078 4076 1350 4119 succenseat
1392 4072 1509 4123 tibi.-
1544 4072 1603 4122 τὸ

531 4145 817 4204 succenseat,
840 4143 998 4191 etiam
1021 4143 1147 4194 alius
1164 4146 1321 4197 habet
1346 4156 1401 4198 et
1420 4151 1602 4199 Dona-

536 4222 640 4280 tus,
680 4217 766 4282 qui
811 4220 885 4268 ita
922 4220 1083 4285 legit:
1116 4224 1201 4272 sed
1237 4229 1310 4273 est
1348 4229 1468 4288 quod
1506 4227 1600 4276 tibi

532 4300 800 4344 succenseat
815 4311 831 4343 .-
853 4310 928 4346 vs.
948 4299 1028 4348 19.
1054 4311 1184 4348 unus
1205 4316 1218 4348 :
1246 4301 1317 4349 ait
1337 4306 1384 4349 te
1405 4302 1604 4353 nimium

533 4384 755 4435 perparce
790 4371 831 4427 ί.
866 4383 906 4422 s.
946 4377 1046 4427 ἃς.
1079 4376 1168 4426 ubi
1204 4375 1265 4425 τὸ
1290 4392 1515 4442 perparce
1537 4395 1602 4430 ex

1234 393 1455 444 NO'rAE
1503 392 1912 444 VARIORUM
1962 394 2042 445 m

1675 552 1753 589 vs.
1777 543 1863 592 24.
1885 540 1984 590 huc
2007 539 2205 589 illatum
2231 543 2344 590 est:
2383 534 2551 589 alins:
2586 537 2741 590 te‘ni·

1617 624 1633 635 ·
1673 618 1911 666 mium'at't
1939 617 2255 681 parcefaeere
2267 623 2536 680 sumptam.-
2569 632 2644 664 vs.
2658 617 2740 666 20.

1675 692 1809 743 duo:
1843 694 1949 755 alx,
1973 693 2148 756 inquit,
2170 694 2408 742 drachmis
2439 698 2509 743 est
2547 693 2740 742 obnun-

1674 773 1752 817 tus
1793 771 1985 817 decem.-
2031 768 2218 817 tertius
2258 784 2270 815 ε
2310 770 2410 830 vix,
2452 768 2627 831 inquit,
2670 773 2743 816 est

1674 845 1830 896 obson.
1873 845 2110 895 drachmis
2143 847 2333 894 decem.-
2371 859 2444 893 vs.
2479 849 2564 892 21.
2603 842 2738 894 duo:
2783 898 2798 903 „

1673 924 1869 989 aoafilio
1888 922 1988 971 vid.
2009 924 2111 970 ὅτε.
2134 936 2147 969 :
2186 937 2261 971 vs.
2278 925 2363 970 26.
2392 934 2601 970 omnesz
2626 920 2741 982 qaid

1675 1000 1754 1049 hic
1772 1000 1876 1048 vult
1898 1002 1991 1047 vet.
2015 1013 2057 1047 s.
2092 999 2382 1048 Boeclerus.

1747 1077 1846 1125 Hic
1868 1090 1988 1123 nanc
2008 1089 2080 1123 me
2101 1073 2280 1137 credit]
2308 1073 2434 1121 Hoee
2454 1086 2593 1120 scena
2613 1072 2742 1119 dolos

1674 1152 1883 1201 continet
1906 1151 2149 1214 utriusque
2167 1148 2584 1214 permanantibus
2605 1142 2741 1196 uera‘-

1676 1244 1764 1292 que
1786 1227 1932 1295 capit,
1965 1232 2013 1278 et
2034 1228 2220 1292 capitur
2239 1227 2361 1276 miro
2382 1227 2533 1277 modo.
2565 1226 2743 1274 Dona-

1680 1310 1782 1353 tus.

1677 1410 1683 1415 ·
1744 1389 1771 1434 1
1810 1384 1913 1432 Hie
1946 1398 2070 1434 auae
2108 1398 2184 1433 me
2219 1383 2372 1433 eredit
2410 1384 2617 1446 aliquam
2651 1381 2746 1431 sibi

1661 1460 1937 1524 fallaciam]
1971 1461 2154 1510 Davus
2179 1459 2255 1509 ita
2278 1459 2485 1508 videtur
2505 1458 2664 1522 ioqui,
2684 1466 2744 1507 ut

1678 1539 1845 1587 nullus
1866 1543 2138 1600 spectator
2155 1536 2336 1586 audiat
2360 1550 2377 1584 ε
2410 1535 2505 1584 sed
2527 1535 2623 1584 hoe
2647 1534 2742 1596 ait,

1679 1620 1736 1663 ut
1760 1613 1889 1663 velit
1912 1611 2078 1662 audiri
2099 1627 2128 1661 a
2150 1627 2292 1662 sene.
2315 1612 2463 1661 Idem.
2519 1676 2528 1681 ᾖ

1744 1696 1774 1741 2
1815 1690 2017 1754 Gratia]
2047 1691 2223 1740 Gratia
2246 1697 2451 1740 veteres
2471 1702 2565 1754 pro
2584 1702 2746 1738 eausa

1679 1768 1961 1833 ponebant.
1993 1768 2143 1818 Idem.

1744 1849 1773 1893 8
1811 1844 1943 1901 Quia
1978 1845 2146 1894 Davus
2182 1840 2377 1903 narrat]
2406 1841 2634 1892 Videtur
2665 1840 2741 1890 illi

1679 1920 1918 1971 blandius
1941 1921 2148 1971 locutus
2171 1934 2305 1970 esse.
2343 1919 2490 1968 Idem·
2727 1944 2732 1951 -

1742 1997 1897 2060 AEque
1919 1997 2161 2061 quicquam
2195 2011 2320 2046 auae
2351 1993 2561 2059 quidem]
2595 1996 2742 2044 Bene

1675 2086 1801 2121 aune
1830 2073 2043 2136 quidem:
2075 2072 2314 2123 similiter
2350 2087 2474 2121 auae
2511 2072 2651 2136 nihil,
2683 2080 2745 2122 ut

1677 2150 1833 2213 paulo
1867 2155 2007 2213 ante,
2044 2164 2161 2198 cum
2200 2149 2354 2213 dixit,
2393 2148 2490 2198 ‘Id
2517 2149 2744 2214 populus

1679 2233 1827 2276 curat
1848 2224 2087 2277 scilieetss
2121 2225 2272 2275 Idem.
2722 2242 2729 2253 ’

1744 2306 1901 2367 AEque
1934 2304 2175 2368 quiequam
2209 2318 2335 2353 nune
2376 2302 2590 2369 quidem]
2622 2303 2745 2399 Hoe

1680 2389 1780 2443 est,
1803 2381 1949 2431 nihil.
1984 2382 2136 2431 Idem.

1744 2464 1775 2510 4
1812 2459 1953 2511 Nihil
1988 2463 2079 2508 ne?
2112 2459 2238 2524 hem]
2272 2455 2401 2509 Hem
2440 2437 2743 2522 interjectio

1680 2544 1763 2586 est
1802 2536 1942 2598 irati,
1975 2535 2248 2585 adversum
2287 2550 2423 2597 eum,
2457 2536 2546 2600 qni
2584 2543 2745 2599 neget

1680 2630 1736 2665 se
1761 2613 1958 2678 aliquid
1980 2615 2210 2663 locutum
2243 2628 2392 2663 esse.
2430 2613 2580 2661 simul
2615 2612 2744 2677 quid

1679 2693 1746 2741 sit
1786 2694 1801 2720 ‘
1822 2692 1986 2755 AEque
2028 2689 2304 2755 quicquam
2336 2704 2471 2739 nunc
2494 2688 2744 2753 quidem,’

1679 2783 1841 2817 senex
1884 2767 2132 2830 explicat,
2176 2782 2292 2816 eum
2326 2767 2419 2829 ait,
2456 2766 2634 2815 Nihil?
2671 2767 2745 2817 Et

1676 2855 1758 2895 est
1782 2846 2072 2909 εὐφημισμὸς
2094 2844 2445 2909 antiquorum,
2481 2856 2576 2950 pro
2600 2843 2743 2893 nihii.

1678 2923 1826 2972 Idem.

1742 2994 2119 3060 Nihilprorsas]
2155 2995 2220 3045 Id
2257 3001 2360 3056 est,
2393 3008 2560 3059 neque
2597 3009 2744 3059 pror·

1677 3088 1777 3124 sus.
1865 3074 2009 3122 Nihil
2046 3087 2239 3136 prorsus
2280 3072 2494 3134 dicitur,
2536 3072 2587 3120 in
2638 3086 2741 3137 quo

1675 3150 1815 3200 nulla
1849 3158 1928 3200 est
1966 3149 2305 3213 ambiguitas:
2348 3155 2401 3198 et
2429 3154 2513 3198 est
2552 3147 2742 3197 confir·

1673 3227 1834 3276 matio
1859 3227 2111 3290 negantis.
2144 3225 2294 3274 Idem.

1738 3303 1890 3366 Atqui
1924 3302 2225 3366 expectabam
2256 3302 2467 3365 quidem]
2503 3303 2745 3365 Expecta-

1674 3395 1778 3428 mus
1804 3388 1904 3428 tam
1930 3379 2067 3428 bona
2086 3394 2237 3444 quam
2261 3378 2414 3428 mala.
2483 3378 2743 3441 Speramus

1677 3455 1829 3504 bona.
1865 3445 2014 3505 Idem.

1737 3538 1766 3580 5
1806 3533 1996 3582 Proeter
2036 3547 2165 3595 spem
2199 3529 2375 3592 evenit]
2400 3531 2610 3590 Proeter,
2645 3544 2742 3593 pro

1673 3618 1879 3672 contra,
1903 3616 1979 3672 ut,
2000 3611 2191 3658 Praeter
2205 3612 2395 3657 (etatem
2410 3612 2557 3656 tuam.
2569 3605 2741 3657 Idem.

1741 3685 1851 3734 Hoc
1903 3687 2024 3734 male
2079 3685 2219 3733 habet
2262 3683 2438 3746 virum]
2491 3680 2743 3745 Εἴρωνικῶς

1673 3763 1827 3812 tirum
1849 3763 1983 3813 dixit
2017 3762 2277 3811 defessum
2315 3775 2507 3811 senem.
2574 3757 2742 3811 Mo'do

1676 3841 1813 3890 enim
1834 3839 2316 3902 vir-umjocuiariter
2331 3837 2482 3887 dixit.
2519 3836 2674 3888 Idem.
2727 3837 2730 3840 ’

1748 3914 1938 3977 Virum]
1993 3914 2078 3965 Ad
2131 3914 2563 3979 vituperationem
2618 3925 2740 3964 eum

1676 3994 1878 4045 ironia:
1911 3992 1976 4041 ad
2018 3992 2222 4041 laudem
2255 4005 2381 4041 vero
2416 3991 2526 4041 sine
2550 3991 2739 4043 ironia.

1676 4071 1826 4121 Idem.
2719 4073 2729 4090 '

1742 4148 1933 4195 Proeter
1951 4158 2093 4208 spem,
2114 4145 2195 4207 ἔμ’.
2200 4143 2224 4207 ]
2241 4144 2361 4194 Hoc
2384 4145 2568 4194 Davus
2591 4159 2740 4196 aver-

1675 4239 1762 4273 sus
1786 4238 1815 4270 a
1838 4236 1982 4271 sene.
2016 4221 2301 4271 Far-nabitu.

1739 4306 1771 4350 6
1809 4297 1969 4349 Potin'
1989 4311 2040 4347 es
2056 4294 2242 4360 emm]
2279 4297 2742 4362 Integrumfflotis·

1676 4393 1751 4441 ue,
1774 4376 1825 4427 id
1850 4381 1946 4438 est,
1971 4381 2147 4440 potes:
2189 4381 2246 4424 ut
2270 4373 2549 4437 Virgilius,
2580 4378 2596 4404 ⁸
2617 4375 2737 4425 Nec
