3035 4941
735 385 1099 459 ‘rnamwrn
1149 411 1437 477 ΡῌοιῑΜ.
1485 413 1653 467 Ac'r.
1699 418 1811 468 111.
1859 419 1967 471 se.
2016 423 2101 471 η.

325 546 475 609 plura
507 559 707 613 qnoque
745 565 1032 616 possemus,
1062 554 1107 604 si
1146 563 1389 620 suscepta

326 623 554 673 brevitas
578 632 862 687 pateretur.
907 630 1062 681 Quod
1086 630 1172 679 alii
1196 646 1386 695 propo-

320 707 475 761 nunt,
497 714 560 749 an
582 688 767 751 Latine
789 703 894 753 dici
926 707 1108 768 possit,
1133 722 1215 755 suo
1237 710 1388 771 capiti

320 773 502 838 aliquid
537 791 691 837 suere,
728 778 817 841 qui
855 779 987 830 dolis
1008 795 1063 829 se
1089 784 1169 832 vei
1204 782 1386 833 fraude

316 850 573 903 iustruit:⁴
594 867 698 902 non
721 860 869 917 puto.
914 857 1225 922 Quanquam
1247 859 1385 908 enim

320 925 375 975 in
411 929 614 993 vulgari
652 930 914 982 idiotismo
952 925 1079 983 nihil
1120 934 1384 998 usitatius,

318 1018 422 1053 non
456 1012 628 1057 tamen
663 1014 746 1057 est
767 1015 818 1058 et
845 1010 1088 1059 Romanae
1111 1015 1383 1061 consuetu-

320 1080 477 1141 dinis,
492 1090 549 1134 ut
569 1088 709 1148 caput
724 1099 819 1148 pro
833 1086 1024 1148 animo,
1041 1093 1132 1136 aut
1153 1093 1385 1151 pectore,

318 1159 406 1208 vel
424 1160 585 1210 etiam
608 1161 766 1210 corde
799 1164 884 1226 (ut
921 1163 1077 1226 paulo
1114 1171 1235 1212 ante
1256 1164 1382 1214 Ter.

317 1235 420 1285 ‘ln
458 1238 617 1287 corde
657 1239 911 1288 instructa
946 1237 1190 1289 consilia'
1224 1239 1384 1305 dixit)
1450 1277 1451 1280 ,

318 1319 561 1376 ponatur.
628 1314 762 1364 Haec
795 1329 857 1365 eo
891 1315 1142 1380 pluribus,
1183 1323 1244 1366 ut
1278 1331 1382 1366 non

318 1388 430 1437 sine
447 1402 602 1438 causa
618 1388 816 1439 Mureti
837 1390 1149 1441 sententiam
1167 1405 1259 1441 nos
1277 1405 1385 1441 ama

316 1463 496 1527 plecti,
511 1471 566 1514 et
583 1465 797 1514 aliorum
813 1466 1230 1529 expositionibus
1249 1483 1382 1532 prae·

314 1538 458 1589 ferre
496 1541 909 1592 ostenderemus.
976 1543 1096 1594 vide
1135 1555 1190 1594 et
1225 1544 1381 1608 infra,

318 1621 421 1665 act.
442 1630 499 1667 V.
535 1632 610 1667 sc.
631 1621 683 1667 7.
717 1625 773 1668 at
812 1618 947 1678 Hec.
982 1627 1088 1671 act.
1109 1635 1194 1671 ιιι.
1232 1637 1306 1674 sc.
1331 1627 1378 1672 1.

311 1693 328 1719 ‘
349 1691 523 1756 Capiti
547 1701 706 1759 atque
727 1702 815 1746 aet.
836 1696 1079 1749 illorum.'
1127 1699 1259 1749 Mer.
1285 1701 1380 1751 Ca·

311 1767 565 1819 sanemus.

377 1845 493 1895 διο·
509 1852 618 1896 suat
659 1846 832 1912 capiti]
886 1851 1248 1912 ’Amandrinum
1301 1854 1379 1905 διὰ

311 1921 398 1972 τὸν
417 1922 727 1988 εὐφημσμὸν,
757 1942 842 1975 suo
861 1927 1014 1990 capiti
1037 1929 1191 1992 dixit,
1221 1944 1378 1995 quum

312 2000 550 2050 dicturus
586 2007 743 2064 esset,
778 2001 1055 2055 Phaedriae.
1088 2011 1167 2067 ut,
1202 2006 1218 2034 ‘
1240 2006 1376 2056 Dar·

313 2075 560 2144 dariiique
583 2091 763 2141 regum
786 2078 1005 2142 capitis.’
1044 2081 1280 2131 Donatus.

379 2152 501 2216 Hei,
535 2159 688 2203 metuo
718 2157 942 2220 lenonem,
971 2158 1142 2221 nequid
1166 2173 1250 2208 sao
1269 2165 1378 2209 suat

310 2229 474 2293 capiti.
539 2230 674 2280 Idem
710 2246 798 2293 ego
835 2233 1011 2298 metuo]
1062 2234 1242 2286 Debet
1263 2250 1377 2286 esse

315 2306 630 2356 Trochaicus
655 2308 1010 2373 catalecticus,
1048 2317 1105 2361 at
1139 2325 1240 2361 non
1279 2320 1378 2363 est.

314 2380 446 2431 Mihi
468 2382 678 2446 quidem
696 2398 955 2448 nunquam
974 2384 1058 2436 hic
1077 2402 1251 2437 versus
1270 2388 1377 2451 pla·

312 2457 441 2511 cuit.
504 2458 609 2510 Qui
651 2460 797 2510 illum
833 2462 1039 2513 vocavit
1073 2472 1379 2529 monstrum,

312 2544 459 2587 recte
482 2539 663 2590 sensit.
713 2541 890 2605 Dicas,
911 2543 964 2591 in
982 2545 1246 2608 excerptis
1271 2544 1377 2594 Do-

310 2614 417 2665 nati
441 2617 637 2667 mentio
660 2618 796 2668 illius
815 2617 893 2669 fit.
936 2621 1078 2673 Quid
1102 2622 1242 2672 tum?
1266 2623 1376 2671 Do-

309 2702 465 2745 natus
500 2695 617 2759 ipse
654 2698 864 2760 agnovit
899 2701 1169 2751 nonnullos
1204 2700 1257 2751 in
1278 2703 1376 2751 Te-

311 2772 486 2821 rentio
524 2771 793 2824 addititios
829 2788 1008 2824 versus
1044 2791 1190 2839 esse3
1239 2778 1377 2829 hunc

310 2847 565 2910 eiusmodi
587 2862 700 2898 esse
721 2863 826 2898 non
848 2849 1000 2900 vidit.
1056 2852 1297 2905 Muretus
1320 2861 1377 2905 et

313 2925 543 2976 Faernus
564 2927 662 2978 hoc
684 2929 799 2977 ioco
814 2928 890 2977 nil
911 2940 1201 2981 senserunt.
1234 2931 1375 2981 Dein

312 3000 377 3050 ad
403 3016 607 3052 sensum
626 3005 750 3068 quid
773 3003 904 3053 facit
925 3004 1008 3054 hic
1031 3007 1236 3056 versus?
1268 3006 1374 3056 Sed

313 3075 381 3127 de
421 3077 513 3128 illo
556 3086 611 3128 et
650 3080 763 3129 aliis
809 3079 1059 3131 similibus
1096 3082 1374 3148 aliquando

311 3153 528 3205 otiosius
551 3170 782 3219 agemus.
815 3157 990 3207 Faber.

375 3233 407 3279 7
443 3230 731 3295 Hariolum]
780 3233 895 3284 Cic.
938 3234 1092 3284 ‘Non
1131 3237 1373 3295 ariolans,

312 3305 505 3371 utilia,
526 3307 612 3358 cui
631 3321 783 3360 nemo
813 3311 1076 3363 credidit?
1121 3314 1252 3364 Mer.
1279 3316 1374 3367 Ga-

309 3384 561 3436 saabonus.
1276 3444 1279 3447 Α

374 3463 591 3527 Fabula,
610 3463 719 3528 θα]
748 3464 977 3516 Similem
999 3468 1208 3519 mimum
1231 3470 1374 3520 exhi·

311 3536 461 3588 bebit
492 3539 587 3589 tibi
621 3540 839 3592 Plautus
871 3543 925 3592 in
961 3544 1217 3597 Pseudolo
1250 3562 1290 3598 1.
1325 3553 1375 3598 3.

310 3626 462 3677 quem
477 3614 714 3666 conferre
728 3618 909 3670 licebit
924 3635 1042 3672 cum
1055 3623 1375 3675 Terentiana

226 3717 233 3721 —
295 3690 408 3754 ‚hac
428 3704 602 3741 scena.
636 3693 892 3746 Boeclerus.

375 3770 409 3815 8
431 3765 755 3833 Foeneratam]
789 3769 874 3821 Ab
897 3775 1034 3825 utili.
1067 3775 1307 3827 Donatus.

377 3843 684 3895 Fameratam
703 3846 830 3896 istaec
852 3849 1121 3916 beneficium
1149 3855 1260 3920 tibi]
1306 3848 1373 3906 Ϊᾶ

311 3926 416 3983 est,
437 3919 560 3969 mihi
586 3936 617 3970 a
639 3928 693 3970 te
714 3921 1041 3978 foeneratnm.
1076 3929 1227 3982 Idem.

377 3997 702 4061 Foeneratum]
735 3999 900 4065 Infra,
934 4004 950 4032 ‘
973 4003 1121 4054 Idem
1155 4007 1237 4058 hic
1259 4007 1374 4071 tibi,

311 4072 452 4138 quod
476 4073 607 4123 bene
631 4078 944 4138 promeritus
965 4078 1149 4146 fueris,
1178 4084 1371 4133 condu-

311 4148 620 4214 plicaverit.’
641 4152 819 4204 Plaut.
873 4155 1027 4206 Quod
1049 4156 1194 4207 bonis
1216 4159 1370 4208 bene·

311 4225 373 4276 fit
410 4225 736 4290 beneficium,
762 4231 932 4292 gratia
956 4246 1022 4282 ea
1053 4235 1272 4298 gravida
1290 4243 1374 4287 est

314 4300 480 4355 bonis.
513 4303 646 4356 Mer.
662 4304 985 4371 Cumanus.

2355 411 2526 477 1663
2549 368 2553 372 ’

1533 560 1641 610 Tibi
1671 562 1868 628 pulchre
1900 566 2049 630 dices]
2103 567 2232 617 o.1.
2256 582 2300 619 s.
2332 571 2527 633 pulchre

1461 633 1554 683 tibi
1569 636 1712 686 dices.
1750 639 1993 691 Faernus,

1526 716 1559 761 9
1600 714 1771 774 Veram
1791 716 1945 766 hercle
1966 718 2051 766 Ιωο
2070 721 2166 783 est]
2220 722 2366 771 Bene
2409 724 2524 787 ipse

1461 786 1656 837 dictum
1681 804 1828 838 suum
1851 793 2192 845 confirmavit.
2228 798 2470 848 Donatus.

1527 867 1590 915 10
1628 864 1925 915 Cantilenam
1944 872 2136 919 eandem
2154 871 2309 935 canis]
2343 874 2426 923 lta
2449 874 2527 925 di-

1458 938 1567 989 citz
1606 947 1682 1003 ut,
1713 942 1729 970 ‘
1753 942 1924 993 Verus
1963 952 2021 995 et
2060 950 2274 1012 vulgata
2311 952 2524 1002 cantio?

1457 1015 1611 1067 Idem.

1525 1094 1601 1170 ll¹
1628 1092 1700 1143 Ta
1734 1094 1853 1144 milii·
1884 1100 2136 1164 cognatus]
2171 1100 2258 1152 Ab
2285 1104 2523 1158 honesto.

1458 1167 1614 1219 Idem.
1990 1195 1992 1197 ·

1526 1247 1599 1294 Ta
1612 1254 1899 1309 parens‚-ta
1928 1250 2127 1317 amicus,
2157 1253 2234 1318 ta]
2271 1256 2517 1307 Secunda

1454 1322 1793 1384 ἀποσιώπησις.
1818 1325 1971 1376 Idem.

1523 1405 1583 1449 15
1602 1401 1882 1452 Phaleratis
1901 1402 2068 1469 dictis]
2087 1406 2335 1457 Honestis
2358 1416 2519 1473 atque

1455 1476 1686 1526 ornatis:
1723 1479 1848 1542 quia
1870 1478 2021 1541 dixit,
2043 1489 2058 1511 ‘
2080 1484 2158 1532 Tu
2180 1484 2303 1533 mihi
2327 1485 2518 1548 cogua·

1456 1559 1562 1615 tus,
1582 1557 1641 1601 tu
1666 1554 1889 1617 parens!
1921 1557 1994 1606 Et
2016 1560 2164 1623 quasi
2184 1561 2303 1610 leno
2332 1562 2521 1614 irridet

1453 1628 1804 1693 honestatem,
1828 1636 1882 1679 et
1904 1632 2150 1700 despicit.
2183 1637 2335 1688 Idem.

1517 1706 1592 1755 Et
1609 1720 1761 1756 meam
1781 1710 1942 1758 ductes
1960 1711 2144 1776 gratis]
2179 1715 2336 1765 Liber
2360 1717 2515 1766 Bem-

1453 1780 1607 1831 binus
1630 1782 2004 1850 habetxgratiis,
2037 1796 2095 1839 ut
2118 1791 2251 1839 ratio
2268 1794 2517 1844 trochaici

1444 1852 1707 1921 exposcit.
1741 1860 1981 1915 Fa‘e‘rnas.

1521 1936 1727 1999 Duc-ies]
1760 1936 2031 1990 Abducas.
2086 1944 2162 1992 M.
2187 1945 2515 1998 Casaubonus.

1520 2017 1586 2063 16
1616 2015 1898 2067 Miseritum
1933 2019 2034 2083 est]
2085 2020 2332 2084 Εἲρωνεία.·
2350 2025 2517 2074 Dona·

1452 2095 1546 2141 tus.

1519 2167 1796 2227 Miseritum
1818 2176 1908 2233 est,
1926 2173 2035 2237 ξω]
2070 2174 2204 2225 Tres
2242 2175 2368 2225 istos
2393 2191 2513 2227 ver-

1446 2256 1541 2300 sus
1602 2259 1699 2307 pro
1760 2246 1993 2297 insititiis
2034 2250 2195 2301 habet
2256 2253 2515 2317 Guyetus.

1453 2316 1644 2380 Neque
1668 2320 1751 2369 vel
1772 2321 2005 2373 Donatus
2027 2326 2241 2375 multum
2260 2328 2512 2390 expedit3

1451 2395 1538 2444 vel
1572 2396 1829 2459 Goveani,
1860 2401 2021 2458 verba,
2056 2404 2181 2453 veris
2204 2405 2510 2470 substituta,

1452 2480 1545 2523 aut
1567 2473 1814 2526 Palmerii
1839 2492 1967 2540 oeque
1984 2478 2036 2526 in
2060 2480 2227 2529 locum
2260 2482 2348 2530 τοῦ
2366 2497 2513 2546 neque

1450 2550 1755 2616 repositum,
1820 2551 2179 2605 difficultatem
2222 2555 2513 2609 discutiunt

1453 2626 1629 2690 potius
1652 2642 1804 2692 quam
1829 2636 2039 2694 augent.
2077 2633 2260 2701 Liceat
2297 2642 2353 2684 et
2388 2635 2513 2685 mibi

1451 2716 1617 2765 pauca
1639 2711 1917 2755 annotare:
1958 2705 2191 2772 Antipho
2215 2725 2332 2760 cum
2364 2712 2513 2762 audi-

1448 2784 1536 2827 ret
1556 2778 1736 2829 irritas
1761 2780 2020 2832 Phaedriae
2056 2785 2120 2835 ad
2160 2788 2398 2838 lenonem
2432 2790 2509 2839 in-

1434 2853 1771 2903 exorabilem
1812 2870 2019 2919 preces,
2059 2861 2286 2913 nondum
2329 2865 2439 2928 ipse
2477 2881 2510 2915 a

1448 2927 1693 2979 Phaedria
1745 2942 2076 2999 conspectus,
2141 2937 2285 2988 dolet
2341 2941 2509 2990 vicem

1449 3004 1579 3068 ejus,
1595 3006 1680 3054 cui
1694 3021 1777 3056 res
1794 3016 1934 3059 esset
1950 3025 2067 3060 cum
2087 3018 2192 3063 tam
2210 3014 2411 3079 impuro
2434 3016 2512 3065 le-

1447 3093 1582 3129 none
1602 3097 1618 3129 z
1673 3090 1729 3131 et
1770 3083 1835 3133 ad
1877 3085 2069 3137 Getam
2112 3089 2213 3140 sibi
2253 3098 2507 3143 astantem

1448 3171 1747 3222 conversus,
1784 3161 2056 3214 miser-itum
2084 3172 2176 3226 est,
2217 3167 2402 3233 inquit.
2446 3175 2509 3220 ut

1448 3247 1533 3283 me
1570 3234 1783 3287 miseret
1806 3238 1958 3302 ejus!
2007 3248 2067 3291 nt
2098 3258 2183 3293 me
2220 3244 2509 3296 miseritum

1450 3318 1535 3360 est
1567 3311 1698 3376 ejus,
1730 3328 1850 3365 cum
1887 3317 1997 3368 vidi
2032 3319 2183 3370 haec!
2239 3322 2406 3371 Locus
2424 3328 2509 3372 est

1448 3388 1552 3437 huc
1589 3390 1797 3440 omnino
1830 3400 2089 3457 spectans,
2118 3396 2170 3444 iu
2206 3397 2398 3448 Heant.
2414 3411 2507 3448 111.

1450 3468 1499 3514 1.
1520 3468 1602 3514 54.
1624 3471 1707 3517 55.
1729 3468 1745 3495 ‘
1763 3468 1853 3519 Sic
1868 3485 1950 3520 me
1968 3471 2041 3521 dii
2064 3473 2328 3538 amabunt,
2346 3484 2405 3526 ut
2422 3489 2506 3524 me

1449 3540 1730 3592 miseritum
1741 3553 1824 3596 est
1835 3553 2056 3612 tuarum,
2066 3549 2396 3610 Menedeme‚
2405 3549 2509 3600 for·

1449 3622 1726 3669 tanarum!
1748 3625 2189 3687 exspectabatur:
2211 3631 2265 3675 ut
2283 3642 2355 3676 me
2369 3627 2510 3677 mire·

1446 3701 1541 3746 ret.
1559 3695 1727 3749 dixit:
1748 3706 1801 3749 ut
1820 3716 1893 3750 me
1910 3701 2173 3753 miseritum
2187 3709 2276 3753 est.
2296 3704 2414 3754 vide
2437 3718 2506 3754 an

1402 3828 1403 3831 Ἴ
1446 3785 1552 3821 non
1572 3773 1738 3832 minus
1758 3777 1984 3842 φορτικὸν
2003 3779 2102 3829 hoc
2124 3781 2212 3843 sit,
2245 3795 2396 3845 quam
2418 3781 2507 3831 iila

1446 3848 1670 3916 εἰρωνεία,
1702 3852 1767 3902 de
1790 3869 1891 3919 qua
1924 3856 2200 3920 interpres.
2241 3856 2507 3920 Deplorat

1444 3926 1655 3978 interim
1677 3928 1915 3980 fortunas
1950 3946 2066 3981 suas
2099 3932 2341 3987 Phaedria
2361 3932 2381 3982 ε’
2418 3948 2506 3997 ag·

1480 4019 1666 4055 oscens
1687 4020 1815 4056 vera
1836 4006 2015 4056 dicere
2041 4009 2296 4071 lenonem,
2335 4025 2367 4058 a
2400 4024 2505 4074 quo
2562 4012 2570 4016 “

1445 4081 1652 4132 scilicet
1668 4097 1818 4133 nemo
1842 4085 2001 4147 gratis
2025 4099 2214 4149 amare,
2236 4086 2318 4135 vel
2339 4101 2507 4151 more,

1448 4157 1532 4205 vel
1545 4158 1668 4221 jure
1692 4167 1985 4223 exspectet.
2026 4160 2124 4210 hoc
2148 4168 2268 4212 est:
2320 4162 2397 4211 hei
2424 4177 2507 4213 ve-

1444 4234 1519 4282 ris
1555 4236 1753 4285 vincor.-
1778 4238 1871 4301 jus
1912 4252 2057 4288 suum
2093 4239 2325 4300 postulat
2347 4240 2499 4290 leno:
2539 4278 2542 4283 .

1446 4312 1533 4362 cui
1570 4312 1744 4363 verbis
1774 4328 1926 4371 nemo
1959 4313 2231 4366 satisfacit.
2263 4315 2329 4365 ad
2367 4316 2502 4370 hanc
