3035 4941
788 377 1152 427 Tssnun'ru
1201 377 1437 427 Auun-
1483 378 1651 426 Acw.
1700 378 1792 427 n.-
1823 378 1930 427 SG·
1979 379 2055 426 u.

328 528 391 575 ,et
427 521 595 572 tristia
634 526 840 573 tantum
881 522 1202 573 nuntiantis:
1236 526 1386 572 reete

323 598 468 647 enim
507 599 753 647 Donatus
801 612 883 659 ea,
925 613 1040 663 quae
1086 596 1214 648 nihil
1254 611 1385 661 opus

330 670 453 725 sunt
484 674 643 732 scire,
678 674 743 724 ad
761 675 946 725 Scenae
971 673 1281 740 principium
1306 688 1387 723 re-

333 751 472 815 ἴοι-ις
496 752 586 802 uhi
608 753 802 817 Byrria
824 753 960 804 tristi
989 753 1170 803 nuntio
1206 752 1387 803 Chari-

328 843 447 878 num
470 836 830 879 exterruerat:
853 830 942 894 qui
960 827 1179 880 affectus
1196 829 1251 879 in
1272 829 1385 879 baeo

330 905 490 956 verba
512 906 739 956 duravit.
761 908 1017 957 Boeclerus.

321 1010 339 1023 a
391 984 463 1032 At
483 987 541 1031 tu
575 983 749 1046 hercle]
788 984 969 1042 Deest,
1005 982 1198 1046 adfers,
1230 981 1388 1046 dicis,

332 1058 560 1119 nuntias.
603 1060 841 1109 Donatus.

324 1158 329 1179 e
391 1139 455 1186 8¹7
486 1135 610 1185 'Nisi
630 1152 685 1186 ea
707 1136 833 1200 qius]
856 1137 976 1187 Hoc
998 1142 1096 1198 est,
1117 1137 1132 1163 ‘
1149 1137 1387 1188 Daturne

330 1210 421 1261 illa
455 1212 612 1261 hodie
632 1211 919 1275 Pamphilo
962 1211 1215 1276 nuptum?
1280 1212 1389 1262 ΒΥ.

322 1287 420 1338 sie·
442 1294 543 1338 est.
610 1287 716 1340 Cn.
762 1289 851 1353 qui
889 1289 1028 1338 seis?
1105 1289 1213 1339 ΒΥ.
1248 1287 1386 1353 apud

328 1361 501 1420 forum
523 1364 678 1414 modo
701 1363 768 1414 de
790 1366 943 1414 Davo
962 1364 1173 1415 audivi.’
1233 1363 1389 1416 Quod

328 1454 527 1491 memor
562 1447 643 1490 est
672 1441 926 1491 Charinus
949 1456 1006 1492 se
1028 1456 1130 1493 non
1161 1441 1388 1492 libenter

329 1516 553 1568 audisse.
589 1517 742 1568 Idem.

391 1592 574 1656 Fugin'
612 1593 745 1658 hinc]
783 1593 1155 1644 comminantia
1193 1600 1296 1659 est,
1329 1600 1386 1646 et

331 1670 589 1735 digentis
611 1686 640 1720 a
661 1684 737 1721 se.
774 1670 924 1720 Idem.

397 1747 508 1810 Ego
526 1761 658 1810 sero,
690 1763 746 1797 ae
779 1746 961 1811 lubens]
1001 1747 1173 1822 Nemo
1205 1746 1386 1805 luben-

331 1829 415 1873 ter
460 1822 620 1886 fugit,
665 1823 762 1871 nisi
800 1831 1008 1872 coactus
1053 1822 1389 1873 necessitate.

331 1901 439 1951 Hie
457 1901 618 1952 etiam
648 1900 810 1951 lubens
829 1899 984 1963 dixit,
1017 1899 1155 1965 quod
1195 1910 1277 1950 est
1310 1900 1384 1949 lu-

328 1976 535 2029 benter.
569 1977 721 2026 Idem.
958 2024 965 2029 ,

394 2057 586 2104 semu
607 2066 670 2102 n.
722 2052 858 2103 Haee
882 2067 1040 2103 scena
1061 2057 1266 2104 constat
1284 2058 1389 2102 tro·

329 2131 522 2182 chalcis
559 2129 888 2194 septenariis,
926 2129 1035 2179 sive
1071 2127 1388 2180 tetrametris

327 2206 673 2258 catalecticis.
762 2207 1021 2271 Quicquid
1085 2205 1239 2255 variae
1283 2206 1387 2263 lec-

332 2284 490 2334 tionis
527 2282 757 2333 Faernus
789 2282 1080 2345 annotavit,
1108 2282 1161 2345 in
1200 2283 1387 2333 nostris

326 2373 533 2426 quoque
590 2360 721 2410 Mss.
779 2359 1036 2423 reperitur
1062 2374 1076 2408 z
1132 2365 1388 2423 praeterea

325 2441 426 2491 alia
461 2445 585 2490 sunt
614 2436 851 2504 quaedam
889 2437 1112 2499 diversa,
1145 2452 1262 2503 quae
1286 2451 1387 2488 non

327 2532 504 2583 operae
527 2519 752 2582 pretium
782 2524 863 2567 est
880 2525 1128 2566 annotare
1151 2531 1165 2564 ε
1199 2531 1272 2567 vs.
1297 2516 1389 2567 ult.

337 2611 433 2660 pro
474 2595 568 2645 etsi
606 2594 801 2644 habeut
835 2593 997 2643 nostri
1037 2594 1259 2652 ἱππικὴ·
1293 2607 1390 2657 pro

333 2687 426 2737 ne,
443 2688 579 2723 mea.-
618 2687 694 2721 vs.
720 2676 798 2722 22.
823 2670 1012 2723 frustra
1034 2672 1278 2722 substitui
1303 2686 1388 2720 νο-

331 2764 446 2800 eem
476 2748 707 2815 suspectio
741 2749 932 2799 eruditi
970 2749 1170 2813 pridem
1214 2763 1389 2797 moun·

328 2835 516 2877 erunt:
559 2841 634 2875 vs.
676 2830 755 2875 28.
793 2826 922 2875 intro
963 2826 1146 2889 aspexi,
1194 2840 1323 2876 unus
1359 2840 1389 2875 e

328 2904 462 2954 meis
506 2903 663 2954 habet
694 2920 707 2953 ς
766 2919 814 2951 v.
852 2904 938 2952 Fr.
976 2902 1184 2952 Fabrio.
1229 2917 1301 2951 vs.
1339 2906 1388 2952 7.

328 2980 441 3030 abeo
460 2981 696 3030 retinent
716 2993 887 3028 omnes
921 2979 1121 3028 nostri:
1163 2978 1276 3027 vide
1298 2992 1388 3027 au-

330 3064 447 3123 tem*
462 3057 736 3105 Donatum
758 3062 813 3106 et
836 3057 922 3105 Fr.
947 3056 1148 3107 Fabric-

392 3135 729 3186 Narrationis
767 3135 909 3185 Davi
943 3133 1002 3188 τὸ
1044 3131 1392 3195 ἐγκατάσκευον

329 3228 423 3278 per
446 3220 752 3277 argumenta
774 3221 829 3262 et
855 3214 1080 3263 rationes
1101 3228 1161 3262 ae
1183 3213 1390 3277 conjec-

333 3298 473 3340 turas
495 3306 512 3352 3
537 3292 766 3354 itemque
798 3289 856 3339 τὸ
890 3288 1175 3340 &udicio-xmo
1212 3306 1306 3355 per
1335 3290 1390 3339 fi-

320 3380 488 3431 guras
504 3375 561 3418 et
583 3379 773 3428 mores,
797 3381 897 3415 non
916 3367 1249 3430 indiligenter
1282 3367 1392 3418 Do·

329 3451 486 3494 natus
508 3443 751 3508 signavit,
771 3444 1076 3508 opportunis
1096 3444 1242 3496 loeis.
1275 3444 1390 3494 Ba·-

326 3521 498 3570 eloeus.
580 3543 589 3568 z

396 3603 437 3647 1=
461 3598 537 3647 Da·
558 3596 691 3660 boni]
727 3595 849 3646 Hoeo
869 3611 1006 3646 scena
1024 3597 1270 3647 consilium
1285 3613 1391 3647 con·

336 3674 457 3725 tinet
471 3687 815 3737 pesonarum,
831 3675 895 3733 ad
926 3688 1040 3736 quas
1059 3674 1264 3723 maxime
1283 3688 1391 3736 per-

332 3754 453 3801 tinet
474 3754 821 3812 argumentum.
892 3750 957 3797 Et
990 3749 1066 3797 hic
1095 3755 1164 3798 est
1186 3752 1310 3798 locus
1340 3751 1392 3798 in

332 3845 440 3894 qao,
473 3828 660 3893 utfieri
683 3828 820 3889 solet,
842 3826 1061 3889 fortuna,
1082 3825 1236 3875 mixta
1255 3825 1393 3875 rebus

332 3906 597 3969 dispositis,
618 3918 819 3965 magnas
838 3903 1000 3952 turbas
1014 3904 1114 3951 dat.
1138 3903 1389 3952 Donatus.

398 3982 474 4033 Di
510 3981 639 4042 boni,
678 3980 787 4028 boni
821 3979 934 4042 qaid
963 3978 1122 4043 porto]
1158 3979 1277 4029 Non
1299 3982 1390 4031 mi-

340 4077 451 4111 ram
472 4060 611 4124 qnod
644 4059 946 4108 insolentius
974 4059 1153 4107 Davus
1171 4060 1391 4124 exultat,

336 4138 444 4204 qui,
465 4144 525 4186 nt
546 4136 687 4185 Simo
709 4134 936 4197 dicebat,
959 4134 1166 4184 timidus
1189 4134 1310 4199 fuit,
1333 4148 1393 4188 ut

335 4215 447 4278 ipse
468 4214 669 4274 Davus,
689 4210 841 4261 etiam
866 4210 1163 4276 desperavit
1185 4226 1249 4262 ex
1265 4217 1393 4278 nup-

276 4297 280 4301 '
336 4285 526 4342 tiaram
546 4295 768 4351 terrore,
789 4300 918 4353 quas
937 4301 1074 4338 nunc
1090 4286 1243 4340 falsas
1257 4300 1397 4341 eom·

2342 350 2523 428 mss*

1458 522 1616 585 perit.
1649 521 1799 572 Idem·

1520 597 1592 647 Di
1608 597 1734 660 boni,
1748 597 1855 648 boni
1869 598 1983 662 qaid
1997 596 2157 661 porto]
2180 598 2259 647 Ex
2279 599 2515 661 proximo

1456 676 1707 739 repetivit
1730 674 1839 726 bis:
1876 675 1970 725 sed
1992 683 2165 725 tamen
2184 676 2402 725 alterum
2425 691 2517 726 no·

1457 751 1704 802 minativo
1749 752 1954 816 plurali,
2009 753 2227 802 alterum
2282 753 2515 816 genitivo
2561 772 2564 775 ·

1457 829 1700 893 singulari
1723 829 1922 880 dictum
1944 838 2047 880 est·-
2081 831 2233 881 Idem.

1522 906 1596 956 Di
1616 906 1740 968 boni,
1781 907 1887 957 boni
1916 907 2028 971 quid
2055 907 2218 971 porto]
2252 906 2514 958 Aoourate

1457 983 1730 1036 observata
1749 984 1855 1045 ἤθη.
1921 987 2055 1037 Davi
2082 987 2308 1037 subtile:
2342 987 2427 1037 cui
2448 1002 2516 1038 ex

1456 1061 1605 1119 tenui
1637 1069 1727 1112 aut
1748 1063 1890 1114 nullo
1924 1071 2179 1128 apparatu
2215 1063 2517 1113 suboluerat

1459 1137 1689 1188 simulari
1710 1140 1939 1203 nuptias.
2006 1140 2265 1206 Pamphili
2279 1140 2379 1190 sibi
2395 1154 2517 1190 oon·

1460 1216 1650 1265 stantis
1688 1216 1975 1268 honestum.
2042 1217 2253 1267 Charini
2284 1217 2514 1268 socordis

1459 1292 1575 1342 leve
1597 1301 1654 1342 et
1674 1293 1880 1344 humile.
1922 1294 2207 1345 Fan-abias.

1527 1369 1657 1425 Quid
1705 1372 1865 1435 porto]
1908 1371 2030 1421 Non
2075 1371 2244 1420 solum
2285 1384 2521 1437 corpore,

1459 1445 1556 1497 sed
1590 1445 1747 1497 etiam
1772 1446 1941 1496 animo
1963 1452 2229 1510 portamus
2253 1454 2356 1498 tam
2382 1448 2519 1499 bana

1463 1537 1615 1587 quam
1636 1524 1788 1573 mala.
1853 1523 1941 1574 Sic
1957 1523 2102 1586 alibi,
2120 1524 2136 1551 ‘
2155 1525 2204 1575 N
2210 1538 2240 1574 e
2263 1525 2392 1590 quid
2406 1523 2516 1576 An·

1460 1597 1576 1648 dria
1594 1604 1838 1663 apportet
1865 1599 2025 1650 mali?
2054 1601 2293 1651 Demens.

1524 1679 1556 1724 2
1598 1676 1668 1726 Ut
1707 1681 1884 1726 metum
1924 1677 1979 1725 iu
2014 1692 2103 1741 quo
2137 1692 2262 1726 nano
2290 1682 2383 1740 est,
2414 1679 2520 1729 adi·

1457 1766 1605 1814 mvn,
1646 1757 1785 1816 atque
1823 1753 2037 1816 expleam
2071 1754 2280 1804 miimum
2316 1754 2517 1818 guadio]

1461 1828 1664 1879 Ordine
1697 1829 1897 1879 locutus
1931 1837 2044 1880 est:
2080 1832 2222 1894 prius
2255 1832 2393 1881 enim
2416 1846 2520 1882 me-

1462 1911 1571 1956 tum
1594 1905 1835 1969 adimere,
1856 1907 1930 1957 sie
1963 1906 2168 1957 demum
2190 1908 2379 1971 gaudio
2401 1922 2519 1972 per·

1458 1982 1698 2033 fundere.
1765 1983 1871 2033 Hie
1908 1983 2035 2033 ordo
2072 1984 2232 2034 etiam
2270 1984 2322 2033 in
2361 1983 2516 2035 laude

1461 2066 1715 2112 servatur.
1750 2061 1904 2111 Idem.

1526 2145 1557 2192 8
1591 2141 1766 2191 Nescio
1786 2140 1923 2205 qaid]
1943 2141 2115 2190 Deest
2129 2144 2352 2203 propter.-
2373 2145 2430 2189 ut
2445 2139 2516 2189 sit
2539 2148 2542 2155 ⁴

1463 2224 1681 2283 propter
1703 2219 1878 2268 neseio
1901 2218 2039 2284 quid.
2072 2218 2225 2267 Idem.

1529 2294 1683 2358 Quid]
1708 2293 2039 2345 Adverbiale.
2076 2293 2226 2342 Idem.

1525 2378 1555 2422 5
1592 2371 1655 2421 C.
1680 2369 1864 2422 Audin’
1903 2375 1956 2419 tu
1989 2369 2147 2432 illum]
2179 2370 2518 2432 Interruptus

1461 2463 1650 2511 sermo,
1671 2449 1772 2499 alio
1794 2447 2194 2512 interloquente.
2238 2446 2518 2497 Fmabius.

1531 2525 1907 2589 Exanimem]
1933 2525 2515 2589 Perterritum,pertur·

1464 2603 1659 2654 batum.
1702 2603 1939 2652 Donatus.
2013 2647 2024 2658 „
2499 2667 2505 2672 ·

1527 2683 1561 2729 6
1595 2678 1691 2730 Sed
1710 2679 1792 2729 ubi
1811 2678 2040 2743 queram]
2076 2679 2231 2729 Nunc
2264 2678 2317 2728 in
2340 2691 2526 2727 omnes·

1462 2770 1519 2804 se
1541 2763 1720 2820 partes
1738 2762 1929 2817 versat,
1947 2768 2184 2819 quaerens
2202 2768 2304 2818 quo
2328 2752 2520 2818 dirigat

1462 2846 1686 2882 cursum.
1722 2831 1874 2881 Idem.

1526 2912 1558 2958 7
1591 2908 1743 2971 Abeo]
1781 2908 2004 2958 Videtur
2035 2908 2178 2972 quasi
2201 2907 2521 2968 constitisse,

1463 2984 1651 3034 deinde
1705 2984 1851 3049 quasi
1903 2984 2123 3047 elegisse
2168 2998 2269 3047 quo
2317 2990 2521 3047 pergat.

1464 3061 1634 3111 Habeo
1657 3075 1751 3124 per
1783 3061 1816 3109 1·
1845 3059 2049 3110 inveni:
2082 3060 2271 3122 legitur
2293 3066 2349 3109 et
2370 3059 2518 3112 abso.-

1464 3138 1541 3188 uti
1561 3137 1747 3194 merito
1771 3137 1843 3186 illi
1868 3136 2093 3197 dicatur,
2117 3135 2319 3186 Resiste-
2355 3136 2519 3185 Idem.

1533 3214 1655 3270 Quis
1676 3214 1810 3262 homo
1833 3217 1902 3262 est
1934 3213 2013 3275 qui
2049 3217 2152 3261 ms?
2184 3228 2211 3260 o
2245 3211 2521 3275 Pamphile]

1465 3290 1607 3340 Ante
1645 3289 1808 3350 videt,
1849 3303 2001 3354 quam
2039 3289 2297 3353 compleat
2327 3289 2518 3339 oratio·

1465 3382 1602 3417 nem.
1637 3366 1788 3416 Idem.

1529 3448 1562 3493 8
1595 3443 1702 3506 »Te
1683 3458 1836 3507 ipsum
1869 3458 2047 3506 quem,
2080 3457 2196 3504 euge
2233 3457 2261 3489 ο
2296 3440 2523 3514 Charias,

1464 3518 1601 3569 ambo
1632 3523 1905 3583 montane,
1938 3534 2020 3568 vos
2056 3519 2181 3583 volo]
2213 3520 2328 3570 Nee
2346 3519 2523 3570 Dona·

1466 3606 1571 3660 tus,
1609 3611 1706 3646 nec
1756 3597 1791 3645 1.
1832 3612 1873 3647 s.
1909 3596 2101 3645 hahent
2138 3612 2165 3644 ο
2198 3595 2521 3658 interjectio·

1465 3688 1604 3736 nem,
1643 3680 1699 3722 et
1736 3680 1842 3722 stat
1891 3686 2069 3721 versus
2114 3670 2402 3721 omittendo
2443 3670 2520 3719 fa·

1467 3764 1587 3799 cere
1608 3749 1980 3813 synaloepham,
1997 3749 2051 3797 in
2074 3747 2294 3812 teipsum,
2315 3748 2400 3796 vel
2422 3746 2524 3797 dis·

1467 3826 1719 3876 solvendo
1782 3824 2159 3890 diphthongum
2230 3828 2283 3873 in
2346 3838 2521 3887 quaro.

1467 3903 1714 3954 Faernus.

1538 3982 1692 4042 Euge,
1718 3979 1947 4042 Charine]
1977 3980 2129 4041 Euge,
2149 3977 2302 4027 modo
2326 3990 2419 4039 pro
2443 3976 2520 4024 in-

1465 4056 1776 4120 terjectione
1798 4056 2023 4120 positum
2040 4062 2140 4103 est.
2176 4056 2410 4102 Donatus.

1536 4136 1831 4200 Opportune]
1853 4135 2041 4193 Deest,
2064 4134 2269 4182 adestis.-
2295 4145 2415 4195 non,
2430 4147 2523 4197 op

1469 4222 1702 4279 portune
1710 4227 1801 4264 vos
1817 4213 1950 4263 volo.
1984 4213 2133 4262 Idm.

1534 4291 1568 4341 a
1599 4287 1757 4357 Dave,
1773 4289 1924 4355 parii]
1943 4288 2219 4354 Proprium
2240 4293 2323 4340 est
2344 4287 2524 4341 dolen·
