3035 4941
703 431 1066 503 TERENTH
1117 428 1452 479 EUNUGH.
1497 428 1667 478 Ac'r.
1715 428 1815 476 lV.
1860 428 1971 479 sc.
2017 429 2147 479 vn.

323 579 426 630 boe.
440 583 544 638 est,
564 576 704 641 apud
727 576 1036 626 Praetorem.
1100 576 1242 639 Ergo
1252 572 1386 634 furti

247 661 254 676 ⁸
327 672 379 707 se
398 656 592 718 alligat,
626 654 678 703 id
702 661 803 714 est,
826 668 967 703 reum
988 668 1043 701 se
1067 651 1227 702 efficit
1249 651 1385 701 frau-

327 733 424 783 dis.
493 732 629 782 Nam
671 732 1027 791 μπαληπικῦς
1058 729 1254 791 furtum
1289 743 1385 793 pro

319 808 469 859 :omni
512 805 697 857 fraude
742 814 798 855 et
839 805 960 856 dolo
1005 805 1285 869 accipimus
1329 811 1386 856 et

319 884 564 949 injuria..
582 883 823 936 Donatus.

391 959 614 1022 Alligat]
632 958 909 1022 Astringit,
932 959 1194 1023 illaqueat,
1219 967 1273 1009 et
1296 958 1385 1009 ob·

327 1037 544 1088 noxium
596 1034 741 1086 facit.
817 1037 986 1088 Omne
1042 1036 1202 1100 igitur
1250 1036 1384 1101 qnod

325 1112 518 1164 fraude
540 1113 618 1177 fit,
654 1112 850 1163 furtum
870 1121 971 1163 est.
1019 1114 1106 1164 Sic
1122 1113 1389 1178 Virgilius,

319 1192 521 1242 ‚⁸10'urta
538 1203 668 1254 paro
687 1190 840 1251 boui:
870 1190 923 1239 id
947 1198 1049 1252 est,
1072 1190 1301 1240 insidias.
1332 1196 1388 1241 et

327 1271 344 1297 ⁸
359 1267 556 1317 Dulcia
565 1265 739 1329 furta,’
753 1267 807 1316 id
819 1274 917 1326 est,
925 1266 1202 1317 adulteria.
1221 1266 1388 1315 Omne

330 1344 523 1394 nahum
544 1342 761 1394 factum.
823 1350 839 1372 ‘
854 1345 986 1395 Qun
1005 1344 1126 1408 quis
1142 1342 1280 1407 apud
1305 1357 1388 1392 su-

327 1438 510 1489 peros,
522 1422 667 1473 furto
686 1424 897 1473 laetatns
920 1424 1078 1484 inani,
1093 1422 1312 1471 Distulit
1336 1422 1389 1471 iu

328 1516 501 1551 seram
556 1501 827 1551 commissa
878 1501 1083 1565 piacula
1136 1498 1391 1551 mortem!

319 1578 767 1634 ,Furtum-duobus
796 1577 959 1626 modis
991 1576 1200 1626 dicitnr.
1255 1577 1390 1640 Uno,

327 1670 454 1706 cnm
470 1669 622 1705 omne
639 1653 947 1705 maleficium
963 1654 1279 1718 generaliter
1291 1654 1332 1702 si
1338 1669 1389 1717 g-

329 1729 613 1780 nificatur:
652 1731 841 1793 altero,
872 1745 989 1779 cum
1032 1744 1114 1778 res
1152 1737 1392 1793 surrepta

331 1809 738 1858 demonstratur.
828 1810 979 1858 Nune
1024 1822 1151 1872 ergo
1196 1808 1392 1868 furtum

331 1884 649 1936 maleficium
668 1894 766 1933 est.
809 1885 959 1935 Idem.

401 1961 585 2013 Audin’
605 1967 658 2011 tu
674 1960 700 2013 2²
731 1962 808 2010 hic
822 1963 956 2023 furti
978 1978 1028 2013 se
1049 1963 1239 2026 alligat.
1272 1964 1393 2013 satis

325 2041 429 2089 Jtoe
443 2039 536 2088 aba·
549 2038 645 2101 est]
661 2039 988 2102 Eugrapliius
1006 2040 1132 2103 legit
1148 2046 1212 2088 te.
1237 2039 1392 2103 Apud

331 2117 606 2166 Donatum
630 2115 818 2179 duplex
851 2116 1217 2179 interpretatio
1251 2116 1392 2179 poni-

330 2201 447 2256 tnr,
476 2206 574 2242 nec
598 2193 664 2242 ab
704 2195 805 2242 tina
843 2207 1012 2250 utnon,
1047 2200 1103 2242 ut
1137 2200 1392 2256 apparet:

329 2282 554 2334 quarum
598 2269 783 2330 altera,
816 2284 866 2317 se
902 2268 1091 2329 alligat,
1131 2270 1313 2329 altera,
1345 2272 1393 2316 te

328 2345 528 2406 alligat,
547 2343 808 2407 explicare
843 2343 1127 2393 contendit.
1179 2343 1396 2407 Optima

331 2431 426 2475 est
449 2424 619 2488 lectio,
646 2439 793 2489 quam
816 2425 1118 2475 retinuimus
1153 2424 1248 2473 hoc
1280 2437 1394 2474 sen-

333 2517 397 2552 su
420 2517 442 2552 :
470 2504 703 2552 nascitur
746 2503 839 2551 tibi
880 2502 1123 2551 adversus
1152 2501 1394 2551 Chreme-

334 2585 454 2629 tem
478 2579 662 2629 titulus
682 2594 829 2630 novae
856 2580 1090 2629 actionis.
1113 2577 1239 2629 furti
1260 2579 1396 2628 enim

333 2655 597 2706 adversus
630 2656 796 2719 ipsum
843 2670 998 2719 agere
1040 2662 1213 2720 potes,
1256 2654 1395 2719 quod

330 2746 452 2782 rem
477 2738 613 2782 tuam
647 2733 745 2782 sibi
782 2733 1023 2783 vindicat.
1046 2733 1169 2782 satis
1194 2740 1275 2782 est
1297 2733 1396 2782 hoc

327 2809 460 2871 tibi,
487 2809 709 2871 scilicet,
740 2809 855 2858 ‘Ad
892 2808 1263 2872 repetendam,'
1298 2811 1397 2859 διο.

329 2895 397 2937 ut
418 2888 659 2938 Donatus
678 2887 904 2950 supplet.
939 2887 1203 2936 Boeelerus.

405 2962 557 3012 Furti
590 2978 640 3012 se
675 2963 870 3027 alligat]
926 2963 1087 3012 Reum
1134 2977 1211 3024 se,
1253 2963 1398 3027 quasi

328 3040 482 3105 apud
506 3048 802 3105 pretorem,
832 3038 956 3089 furti
984 3040 1245 3103 astringit,
1282 3054 1394 3103 pro·

323 3117 505 3167 fessus
548 3130 603 3165 se
644 3115 764 3165 dolo
796 3116 933 3165 malo
973 3130 1081 3165 rem
1117 3129 1148 3165 a
1186 3117 1399 3180 proprio

325 3193 549 3244 domino
573 3190 779 3242 auferre
813 3201 869 3242 et
892 3192 1142 3242 detinere.
1210 3193 1305 3241 Rei
1340 3193 1400 3241 li-

326 3277 550 3335 gantur,
573 3269 875 3318 innocentes
898 3267 1252 3318 absolvuntur.
1278 3268 1400 3317 Far-

323 3347 524 3398 nabin.

398 3427 472 3472 ⁴0
503 3422 636 3472 Solis
668 3424 752 3472 hoc
789 3428 861 3473 est
893 3421 1009 3485 tibi]
1042 3421 1122 3471 Ad
1159 3428 1402 3486 repeten-

325 3502 463 3550 dam
484 3499 684 3548 scilicet
699 3499 985 3563 Virginem,
1004 3499 1403 3563 sumendumque

325 3575 542 3642 injurie
564 3575 866 3626 vindictam.
897 3577 1135 3625 Donatus.

405 3653 557 3701 Satin
599 3653 684 3700 hoe
720 3658 793 3703 est
831 3651 944 3715 tibi]
979 3652 1044 3702 In
1083 3651 1313 3700 omnibus
1351 3655 1407 3700 et

325 3735 574 3793 Donato,
606 3732 729 3781 satis
760 3731 844 3780 hoe
877 3731 965 3799 tibi
986 3735 1076 3790 est,
1107 3744 1222 3795 quse
1245 3728 1408 3779 verba

324 3808 519 3868 militi,
565 3816 619 3857 et
664 3815 830 3869 recte,
868 3808 1110 3873 Donatus
1149 3805 1407 3856 attribuit.

328 3885 559 3937 Gnatho
603 3885 758 3945 euim,
803 3884 888 3933 cui
935 3884 1044 3931 rixa
1082 3881 1408 3944 displicebat,

325 3959 660 4028 persuadere
703 3960 818 4009 vult
861 3958 1034 4020 militi,
1078 3955 1317 4007 sufficere
1357 3957 1407 4006 ei

325 4037 473 4089 furti
516 4036 772 4084 actionem
826 4041 1008 4084 contra
1061 4034 1408 4094 Chremetem,

327 4114 432 4181 qui
471 4111 736 4178 professus
781 4119 898 4162 erat
937 4126 993 4161 se
1031 4110 1406 4175 prohibiturum

327 4207 408 4242 ne
447 4190 594 4239 miles
627 4203 771 4238 suam
810 4196 1067 4253 tangeret.
1105 4188 1196 4238 sed
1223 4196 1280 4237 nt
1302 4195 1408 4237 tro-

327 4264 558 4318 chaicus
582 4266 813 4327 constet,
845 4267 923 4312 vel
948 4264 1039 4313 tibi
1061 4263 1164 4312 erit
1186 4278 1288 4312 una
1310 4263 1411 4327 syl-

323 4342 484 4404 laba,
509 4342 592 4391 vel
617 4355 680 4390 ex
698 4344 770 4390 est
791 4356 816 4390 s
841 4340 1086 4390 elidetur.
1125 4338 1354 4389 Fo'e‘ruus.

2258 415 2513 484 »1267

1523 574 1658 642 Idem
1694 575 1779 624 hoc
1807 580 1863 625 ta
1898 570 1992 638 uis]
2028 575 2090 626 Id
2123 581 2222 638 est,
2255 576 2351 627 boc
2374 578 2514 644 quod

1457 650 1723 714 Chremes,
1755 658 1810 702 et
1847 661 2089 717 tanquam
2112 652 2376 705 Chremes.
2443 656 2517 706 Et

1455 728 1618 792 ipsam
1692 730 2131 780 circumventurus
2203 731 2512 795 interrogat.

1456 804 1594 869 quod
1635 804 1725 854 illa
1766 806 2079 869 intelligens,
2124 806 2381 857 malitiose
2420 809 2515 870 ait,

1459 882 1633 937 Quare
1673 882 1756 946 qui
1796 885 2089 946 respondeat.
2154 884 2293 933 Satis
2331 892 2514 936 contu-

1457 960 1700 1009 meliose:
1734 960 1863 1009 illud
1900 961 2037 1009 enim
2071 960 2338 1025 quaeritnr,
2375 964 2514 1025 quod
2608 991 2615 1004 x

1459 1033 1670 1085 difficile
1709 1037 1985 1101 reperitur.
2054 1038 2189 1102 Ergo
2224 1051 2325 1087 non
2363 1039 2516 1088 modo

1459 1113 1698 1177 indignus
1725 1127 1801 1176 es,
1836 1112 2018 1178 inquit,
2053 1114 2138 1163 cui
2172 1128 2270 1177 ego
2304 1129 2516 1178 respon-

1460 1190 1639 1241 deam:
1676 1190 1767 1239 sed
1800 1190 1889 1240 vix
1923 1191 2174 1253 invenies,
2211 1190 2379 1256 quite
2402 1191 2515 1256 dig-

1459 1282 1579 1318 num
1603 1282 1855 1331 responso
1871 1267 2093 1331 judicet.
2129 1269 2371 1319 Donatus.

1529 1346 1699 1402 Qnoere
1720 1346 1803 1410 qui
1827 1345 2127 1409 respondeat]
2160 1347 2230 1395 Et
2252 1355 2519 1410 contemp-

1460 1423 1529 1471 sit
1552 1423 1987 1487 interrogantem:
2013 1431 2067 1473 et
2091 1422 2278 1473 indixit
2301 1423 2520 1473 inimici-

1464 1502 1561 1549 tias
1581 1500 1901 1565 professione
1923 1502 2224 1567 iracundiae,
2247 1516 2362 1552 cum
2385 1502 2521 1553 dixit

1461 1578 1725 1641 indignum
1748 1579 1988 1629 Militem.
2025 1581 2179 1631 Idem.
2532 1609 2533 1614 =

1528 1659 1589 1706 41
1628 1657 1757 1712 Quia
1776 1673 1899 1707 nunc
1920 1656 2128 1720 agimus]
2159 1654 2297 1706 Vide
2318 1662 2379 1707 nt
2400 1647 2522 1707 eva'-

1463 1731 1634 1781 nuerit
1677 1733 1811 1782 actio
1853 1734 2057 1783 Militis.
2141 1734 2320 1783 Primo
2364 1733 2521 1796 dixit,

1464 1809 1480 1836 ‘
1508 1808 1697 1857 Omnia
1728 1809 1870 1872 prius
1892 1810 2140 1873 experiri,
2163 1825 2315 1874 quam
2346 1810 2521 1872 armis,

1464 1887 1749 1949 sapientem
1773 1886 1966 1937 decet!
2031 1887 2181 1950 Post,
2212 1889 2228 1914 ⁸
2253 1887 2398 1936 Idem
2422 1888 2521 1936 hoc

1465 1969 1522 2012 tu
1548 1963 1641 2024 ais,
1663 1963 1815 2012 Thais
1829 1963 1863 2011 ?’
1931 1964 2001 2013 Et
2023 1970 2306 2027 postremo,
2339 1964 2355 1991 ‘
2378 1962 2521 2014 Quid

1466 2054 1603 2088 nunc
1627 2040 1826 2103 agimus
1841 2038 1877 2088 ?'
1938 2040 2028 2102 Et,
2060 2043 2076 2068 ⁸
2098 2040 2235 2091 Quid
2260 2053 2393 2088 nunc
2415 2037 2523 2101 agi-

1467 2131 1579 2165 mus
1593 2115 1627 2165 ?'
1650 2117 1915 2166 consilium
1940 2117 2215 2181 quaerentis
2239 2124 2337 2166 est.
2371 2116 2525 2165 Idan.

1538 2193 1665 2249 Quid
1687 2209 1808 2242 nunc
1828 2192 2039 2257 agimus]
2073 2193 2326 2256 Languidi
2364 2199 2521 2257 atque

1472 2269 1663 2318 defessi
1688 2277 1787 2320 est.
1825 2271 1979 2321 Idem.

1539 2346 1670 2402 Quid
1706 2360 1831 2396 nunc
1872 2346 2079 2411 agimus]
2124 2346 2233 2397 Ubi
2275 2352 2357 2397 est
2397 2346 2525 2397 illud

1471 2423 1609 2489 quod
1651 2423 1743 2488 ait,
1775 2424 1792 2454 ‘
1816 2422 2048 2474 Primum
2081 2425 2222 2476 aedes
2263 2439 2527 2490 expugna-

1472 2499 1574 2563 bo,’
1616 2507 1672 2549 et
1717 2507 1911 2552 cetera.
1991 2502 2094 2552 Sed
2139 2502 2265 2552 vani'
2299 2503 2527 2566 impetus

1471 2578 1610 2628 hune
1632 2579 1828 2628 exitum
1851 2593 2057 2643 semper
2076 2580 2353 2644 accipiunt.
2376 2579 2527 2630 Idem.

1544 2656 1674 2712 Quin
1712 2656 1976 2720 redeamus]
2031 2657 2180 2719 Quin,
2224 2655 2377 2708 modo
2419 2655 2531 2704 imo.

1473 2732 1595 2783 Non
1620 2733 1883 2797 abeamus,
1900 2733 2089 2798 inquit,
2112 2733 2199 2782 sed
2223 2733 2528 2781 redeamus:

1473 2816 1532 2858 ut
1556 2808 1729 2859 irritos
1753 2817 1969 2860 conatus
1992 2823 2094 2859 uno
2110 2808 2272 2860 verbo
2290 2808 2532 2859 ostende-

1474 2889 1572 2935 ret.
1605 2886 1756 2935 Idem.

1540 2966 1604 3011 42
1641 2962 1853 3029 Credin']
1874 2964 1954 3014 Ex
1978 2968 2129 3027 parte
2152 2963 2429 3024 consentit,
2445 2962 2533 3027 qui

1476 3039 1552 3089 slc
1572 3039 1874 3103 interrogat.
1907 3040 2058 3089 Idem.

1546 3116 1767 3180 Credin’]
1822 3118 2046 3178 Credere,
2090 3105 2372 3166 dubitantis
2417 3122 2534 3165 est:

1481 3194 1677 3242 Certum
1697 3208 1816 3254 esse,
1847 3191 2072 3242 fidentis.
2105 3194 2256 3243 Idem.
2430 3252 2439 3257 ¹

1544 3274 1606 3319 43
1640 3270 1737 3319 Ubi
1758 3269 1899 3332 nolis,
1923 3270 2114 3333 cupiunt
2137 3271 2287 3335 ultro]
2307 3269 2434 3318 Plus
2458 3268 2535 3317 in-

1480 3346 1602 3396 tulit
1647 3346 1778 3408 spei,
1832 3361 1933 3394 non
1978 3345 2267 3396 revocando
2321 3346 2534 3396 verbum

1480 3424 1619 3488 quod
1650 3423 2049 3486 expectabatur,
2080 3423 2176 3472 hoc
2214 3429 2314 3482 est,
2345 3424 2536 3473 volunt.-

1482 3499 1576 3547 sed
1620 3498 1830 3562 cupiunt.
1918 3499 2059 3560 Ergo
2121 3498 2373 3548 variavit:
2434 3512 2535 3547 non

1482 3575 1616 3623 enim
1640 3575 1836 3637 intulit,
1866 3574 2042 3624 Volunt
2062 3576 2207 3624 ultro.
2239 3574 2409 3625 Idem.

1548 3653 1683 3701 Bene
1714 3652 1879 3716 pictas]
1915 3652 2034 3701 Hoc
2058 3658 2159 3714 est,
2197 3658 2341 3702 recte
2367 3658 2538 3716 putas,

1483 3729 1732 3792 sapis‚vel
1748 3728 2012 3791 intelligis.
2037 3727 2281 3791 virgilius
2299 3746 2311 3776 :
2335 3729 2351 3756 ‘
2367 3729 2540 3793 Multa

1482 3811 1691 3869 putans,
1721 3809 2017 3868 sortemque
2054 3805 2226 3854 auimo
2267 3804 2540 3854 miseratus

1479 3879 1740 3946 iniquam.’
1759 3881 1859 3930 Vel
1882 3881 2110 3945 conjicis.
2144 3882 2243 3930 Vel
2260 3887 2422 3945 putas,
2437 3880 2543 3930 dis-

1481 3965 1654 4022 putas.
1719 3958 1821 4006 Ve':
1837 3963 1996 4021 putas,
2017 3958 2235 4020 cogitas.
2269 3958 2418 4006 Idem.

1546 4037 1611 4082 44
1642 4034 1759 4082 Jam
1794 4032 1986 4081 dimitto
2015 4032 2296 4096 exercitum]
2335 4031 2545 4081 nimina·

1482 4111 1738 4169 exercitus,
1760 4107 1972 4170 dicitur,
2002 4107 2084 4155 vel
2108 4121 2239 4170 pace
2262 4105 2422 4164 facta,
2456 4106 2542 4157 vei

1487 4187 1688 4236 vexatis
1707 4184 1957 4234 hostibus.
2006 4183 2246 4233 Ridicula
2265 4198 2388 4247 ergo
2406 4198 2542 4247 mag-

1485 4262 1751 4313 nificentia
1794 4252 2066 4310 verb‘orum
2125 4266 2225 4325 est,
2281 4274 2396 4310 eum
2441 4260 2544 4310 siut

1486 4336 1636 4388 facta
1657 4335 1926 4388 deformia.
1965 4336 2114 4387 Idem·
