3035 4941
552 420 723 487 1630

554 578 962 643 intelligi‚quam
986 591 1051 625 ex
1075 573 1410 625 contentione
1434 570 1615 619 Demi-

557 657 741 723 phonis
775 664 828 705 et
862 654 1119 703 Phaedriae
1163 665 1320 700 scena
1359 646 1618 712 sequenti.

558 734 692 798 quod
716 733 848 781 enim
867 731 1094 794 Antipho
1114 724 1446 787 subterfugit,
1463 724 1618 772 Phae-

558 812 671 860 dria
719 809 877 873 probe
924 808 1162 870 implevit
1208 803 1454 854 officium.
1509 801 1621 849 Βω-

560 889 728 935 clem-9.

623 969 688 1013 36
725 963 804 1011 Ne
826 967 874 1010 te
905 962 1059 1009 iratus
1092 957 1192 1006 suis
1224 954 1458 1005 scm-iaicis
1480 952 1624 1002 dictis

557 1039 781 1107 protelet]
835 1037 1105 1088 Causalem
1145 1036 1247 1083 vim
1286 1034 1444 1083 habet
1487 1030 1621 1095 quod

561 1118 638 1167 ait
654 1105 974 1179 hoc,iratus.·
1006 1113 1105 1161 hoc
1138 1118 1236 1168 est,
1260 1109 1345 1174 qui
1383 1108 1448 1157 ob
1488 1121 1618 1171 prae·

561 1201 758 1245 sentem
781 1192 907 1240 iram
922 1188 1277 1238 vehementius
1296 1195 1466 1235 tecum
1484 1189 1623 1246 agat.

563 1271 776 1319 Protelet
799 1275 854 1316 et
879 1268 1109 1329 protelum
1130 1279 1160 1312 a
1179 1261 1277 1326 πρὸ
1292 1269 1347 1311 et
1371 1262 1499 1310 ἑλεῖν
1523 1260 1628 1309 dic·

564 1354 673 1394 tum
723 1351 821 1405 est,
865 1340 998 1406 quod
1045 1348 1127 1388 est
1166 1345 1298 1387 ante*
1321 1347 1378 1386 et
1423 1337 1624 1386 trahere.

568 1423 672 1473 Alii
695 1421 760 1470 ab
784 1419 989 1469 assiduo
1014 1418 1234 1466 telorum
1262 1415 1412 1479 jactu
1449 1412 1627 1462 existi·

566 1507 709 1550 mant
751 1497 870 1547 dici.
919 1503 976 1546 ut
1021 1492 1312 1555 Lucretius,
1349 1493 1365 1521 ⁴
1389 1490 1628 1554 Undique

568 1575 768 1639 protelo
824 1574 1090 1639 plagarum
1139 1565 1481 1629 continuato,'
1532 1566 1628 1613 hoc

567 1661 666 1713 est,
694 1660 890 1701 tenore.
923 1650 1163 1698 Donatus.

650 1725 884 1788 Protelet]
951 1722 1253 1783 Protrahat‚
1318 1718 1631 1785 praeveniat,

569 1805 823 1867 exagitet.
858 1802 1010 1850 Idem.

579 1901 585 1906 ·
637 1877 936 1940 Soevidictis]
971 1872 1351 1938 [antemium
1371 1870 1532 1920 dietis.
1553 1870 1633 1919 M.

572 1956 926 2007 CasaubonuS.

639 2029 871 2092 Protelet]
902 2027 1201 2088 Protrahat,
1219 2023 1527 2089 praeveniat,
1545 2037 1635 2071 ex-

559 2110 759 2172 ·agitet.
788 2107 861 2156 D.
904 2106 1016 2165 Vel,
1041 2105 1192 2167 longe
1218 2108 1412 2161 arceat,
1435 2099 1632 2162 abigat.

574 2187 748 2235 Plaut.
772 2181 985 2245 Argum.
1012 2180 1240 2228 Mei-cat.
1304 2178 1320 2203 ‘
1345 2178 1471 2225 Eam
1494 2173 1635 2224 domi

575 2259 950 2326 deprehensam
1008 2257 1200 2319 ,conjux
1272 2253 1407 2303 illius
1461 2251 1637 2300 Vicini

574 2344 801 2388 scortum
832 2334 1128 2384 insimulat:
1165 2329 1396 2396 protelat
1429 2327 1633 2378 virum)

578 2416 729 2464 Idem.

640 2490 773 2553 Scio]
806 2490 1042 2554 Apparet
1058 2487 1156 2534 hoc
1175 2484 1385 2532 verbum
1404 2496 1467 2531 eo
1491 2481 1637 2531 vultu

577 2568 699 2631 dici,
721 2573 779 2616 ut
813 2563 1139 2615 manifestum
1173 2561 1259 2621 sit,
1285 2558 1490 2608 absenti
1529 2557 1636 2606 ani-

577 2662 662 2695 mo
686 2659 797 2694 esse
821 2657 938 2692 eum
963 2641 1049 2704 qui
1073 2638 1317 2703 loquitur.
1350 2638 1590 2686 Donatus.

643 2725 706 2770 3⁷
747 2720 809 2770 Vi
829 2722 1041 2768 coactam
1062 2720 1110 2764 te
1124 2710 1468 2774 esse'invz'tum]
1500 2712 1641 2761 Mira

579 2797 824 2859 brevitas,
849 2795 900 2844 in
932 2809 1030 2857 quo
1055 2797 1166 2841 tota
1203 2789 1440 2839 defensio
1472 2789 1640 2838 conti-

579 2882 749 2935 netur.
790 2880 845 2923 et
884 2867 1309 2932 subauditur,fac
1345 2869 1640 2932 respondeas,

580 2958 671 3001 aut
696 2951 818 3016 quid
844 2950 966 2999 tale.
1005 2948 1155 2996 Idem.

651 3027 714 3078 Vi
745 3031 955 3076 coactum
975 3029 1021 3073 te
1042 3038 1141 3072 esse
1169 3021 1390 3084 invitum,
1412 3022 1534 3082 lege,
1557 3020 1641 3082 ju-

577 3103 724 3166 dicio]
760 3103 1005 3153 Oratorie
1041 3100 1217 3150 divisit
1256 3114 1363 3147 rem
1389 3113 1560 3156 unam,
1587 3109 1643 3147 ut

579 3182 748 3244 major
769 3180 1054 3229 videretur.
1122 3184 1137 3206 ⁴
1165 3177 1461 3227 Necessitas
1480 3177 1611 3236 legis
1630 3180 1642 3201 ’

579 3258 905 3320 intelligitur.
923 3257 1018 3306 Jus
1032 3255 1222 3305 dicitur
1237 3268 1399 3315 cogere
1417 3252 1641 3315 Adelph.

580 3349 667 3385 111.
685 3340 734 3384 5.
757 3338 840 3383 44.
859 3338 915 3381 et
954 3332 1168 3381 Phorm.
1194 3344 1256 3380 11.
1281 3334 1327 3379 1.
1349 3333 1400 3378 6.
1435 3336 1640 3377 senten-

581 3413 667 3461 tiis
688 3408 1165 3472 scilicet-judicum,
1187 3407 1466 3457 secundum
1480 3405 1574 3469 jus·
1587 3414 1643 3454 et

580 3490 724 3553 leges
764 3485 1224 3551 pronuntiantium.
1245 3484 1323 3531 ita
1348 3498 1422 3532 vs.
1442 3485 1525 3530 49.
1550 3482 1640 3531 hu-

573 3567 662 3631 jus
699 3579 886 3626 scenae,
919 3561 1269 3612 defensionem
1309 3558 1512 3609 facilem
1540 3560 1643 3622 sig-

580 3641 792 3692 nificare
816 3641 1010 3703 volens,
1031 3639 1316 3702 partitione
1359 3636 1642 3700 amplifica-

581 3719 659 3767 vit
681 3718 801 3767 etin
827 3718 990 3781 majus
1011 3716 1178 3766 audiri
1200 3714 1330 3765 fecit
1352 3732 1366 3765 ε
1395 3716 1411 3742 ‘
1435 3715 1642 3766 Justam

580 3795 721 3844 illam
741 3808 964 3855 causam,
981 3791 1207 3853 facilem,
1222 3790 1537 3853 vincibilem,
1549 3804 1641 3854 op-

581 3872 790 3922 timam!
812 3879 1014 3935 promta
1033 3867 1288 3931 defensio,
1311 3873 1368 3917 et
1390 3868 1639 3931 simplem

580 3951 660 3998 lex
677 3947 848 4011 coegit.
884 3947 1169 3996 Boeclerus.

645 4024 883 4087 Invitum]
937 4025 1079 4072 Bene
1134 4022 1274 4072 idem
1327 4020 1524 4084 repetit
1574 4020 1640 4069 ad

582 4100 983 4151 confirmandam
1027 4100 1326 4157 memoriam
1373 4097 1641 4162 trepidan-

582 4178 665 4226 tis.
690 4190 791 4226 non
815 4176 949 4224 enim
974 4174 1180 4225 diversa
1210 4182 1346 4232 sunt,
1377 4173 1467 4223 sed
1492 4188 1642 4237 repe-

582 4259 780 4315 tuntur,
805 4258 861 4301 ut
881 4253 1045 4303 teneri
1079 4254 1244 4317 possit
1268 4252 1340 4315 id,
1362 4250 1642 4316 quod‘cau-

581 4343 654 4377 ⁸ae
689 4343 816 4391 opus
857 4336 955 4378 est.
1019 4328 1157 4378 Nam
1193 4328 1242 4377 vi
1280 4332 1489 4377 coactum
1525 4342 1641 4392 esee,

1254 429 1466 477 No'rAE
1516 423 1917 473 VARIORUM
1968 422 2048 469 IN

1695 566 1832 616 idem
1878 563 2143 628 significat
2194 560 2333 625 quod
2390 557 2644 607 irruiturus
2683 555 2756 604 An

1696 643 1814 691 ideo
1845 639 1902 690 vi
1945 645 2155 690 coactum
2187 637 2414 697 invitum,
2442 625 2759 698 jungendum

1699 728 1798 781 est,
1817 720 1939 783 quia
1960 714 2221 765 interdum
2246 713 2407 761 etiam
2445 710 2546 772 ipsi
2570 724 2663 756 nos
2686 722 2763 756 co·

1701 797 1862 859 gimus
1887 794 2101 856 propria
2138 790 2453 838 voluntate?
2486 795 2550 834 ut
2583 786 2696 848 ipse
2717 784 2763 831 in

1700 872 1916 1001 Asndria,
1953 873 1968 899 ‘
1992 871 2071 918 Tu
2112 875 2324 918 coactus
2369 872 2467 913 tua
2508 863 2767 910 voluntate

1764 951 1795 1000 .’
1821 951 2058 999 Donatus.
2602 945 2608 951 “
2665 955 2670 958 ⁴
2765 943 2770 950 '

1735 967 1940 1089 8Tenes]
1974 1023 2242 1088 Exquisite
2278 1018 2510 1069 addidit
2524 1022 2686 1066 tenes.-
2718 1022 2771 1063 ut

1704 1110 1973 1169 appareat,
2015 1099 2367 1162 Antiphonem
2407 1096 2564 1142 vultu
2606 1098 2771 1141 osten·

1704 1182 1849 1243 dere,
1874 1178 2010 1243 quod
2046 1180 2226 1226 horum
2263 1173 2393 1223 nihil
2429 1171 2771 1236 perturbatus

1705 1258 1966 1307 advertat.
2005 1257 2155 1304 Idem.
2201 1273 2205 1278 ’

1719 1359 1722 1362 -
1768 1339 1832 1384 38
1868 1335 1966 1384 Sed
1998 1334 2101 1395 quis
2137 1331 2214 1379 hic
2249 1335 2322 1379 est
2360 1327 2535 1391 senex]
2571 1309 2685 1388 Sed,
2721 1333 2775 1376 nt

1706 1410 1952 1471 diximus,
1970 1408 2243 1459 transitum
2259 1404 2531 1470 significat
2547 1405 2613 1452 ad
2630 1404 2773 1456 aliam

1705 1503 1833 1546 rem,
1856 1486 2007 1546 abkea
2030 1500 2146 1549 quae
2170 1482 2443 1547 agebatur.
2482 1480 2638 1529 Idem.

1775 1564 1927 1619 Quem
1969 1561 2102 1610 video
2145 1560 2199 1609 in
2243 1558 2416 1607 ultima
2450 1554 2644 1619 platea]
2697 1555 2777 1604 Sic

1708 1640 1844 1689 dixit
1897 1640 2067 1689 ultima
2111 1639 2289 1700 platea,
2340 1632 2778 1698 quemadmodum

1699 1711 2023 1781 'Virgilium‘
2048 1715 2186 1764 Imas
2204 1711 2481 1760 Obsedere
2505 1708 2687 1759 fores!
2708 1709 2780 1756 Id.

1774 1795 1838 1843 In
1869 1793 2037 1842 ultima
2067 1789 2251 1855 platea]
2286 1789 2349 1837 In
2389 1786 2643 1836 ulteriore
2677 1786 2780 1847 pla-

1710 1877 1812 1921 teae
1847 1878 2018 1935 parte.
2051 1877 2110 1919 ut
2130 1868 2240 1916 imae
2261 1866 2419 1926 sores,
2441 1864 2476 1913 i.
2508 1861 2782 1911 essorium

1712 1963 1833 2012 pars
1855 1948 1975 2010 ima,
1994 1951 2093 1997 ὅτε.
2117 1946 2245 1994 Mer.
2268 1942 2601 1992 casaubonus.

1738 2023 1744 2030 ’
1777 2026 1917 2087 Ipsus
1936 2024 2031 2087 est]
2064 2025 2135 2072 Et
2157 2021 2273 2086 quia
2303 2017 2545 2069 timidior
2576 2022 2698 2066 est:
2732 2021 2783 2064 et

1710 2100 1831 2164 quia
1856 2108 2040 2163 postea
2064 2100 2127 2147 de
2152 2095 2386 2162 proximo
2409 2092 2527 2157 ipse
2553 2091 2785 2157 agnoscit

1711 2177 1894 2238 magis.
1929 2178 2170 2225 Donatus.

1775 2257 1842 2303 39
1877 2254 2194 2317 Nonpossum
2214 2242 2403 2311 adesse]
2437 2247 2709 2310 Apparet,
2723 2260 2783 2294 ex

1713 2338 1997 2393 conspectu
2054 2327 2219 2392 patris
2280 2325 2445 2387 magis
2512 2322 2784 2382 confundi,

1633 2420 1635 2423 ’
1713 2421 1869 2470 quam
1906 2421 1971 2455 ex
2011 2408 2196 2454 nuntio
2241 2402 2503 2451 adventus
2554 2401 2696 2464 ejus,
2731 2399 2785 2448 fi-

1713 2485 1856 2534 lium.
1891 2486 2045 2534 Idem.

1783 2562 1891 2618 Quo
1923 2561 2050 2624 abis]
2084 2561 2215 2619 Aba,
2254 2555 2511 2622 Antipho?
2564 2557 2656 2607 Sic
2674 2557 2785 2605 Vir·

1715 2639 1867 2700 gilius
1888 2656 1901 2687 ε
1920 2639 1935 2664 ‘
1958 2639 2075 2690 Quo
2090 2635 2246 2699 fugiS,
2264 2635 2430 2685 AEnea
2444 2633 2480 2682 ?’
2519 2634 2648 2697 Et,‘
2673 2636 2784 2686 Quo

1714 2713 1912 2778 fugiti5‚
1935 2713 2059 2763 socii
2076 2712 2108 2762 ?’
2140 2712 2228 2761 Sic
2251 2711 2386 2759 enim
2428 2711 2682 2774 loquitur,
2705 2711 2785 2774 qui

1714 2791 1827 2839 vult
1850 2789 2127 2839 ostendere
2161 2787 2515 2836 conditionem
2543 2787 2786 2848 locorum,

1717 2866 1768 2914 in
1796 2882 1894 2929 qua
1920 2880 2165 2930 perverso
2201 2864 2358 2914 modo
2379 2864 2515 2914 alius
2554 2872 2781 2928 petatur,

1717 2943 1847 2992 alius
1873 2945 2159 3008 linquatur.
2195 2945 2349 2993 Idm.

1780 3020 1879 3084 Ah,
1911 3022 2024 3084 qaid
2064 3019 2197 3083 agis]
2256 3020 2328 3068 Et
2366 3017 2672 3082 perturbati
2714 3017 2783 3065 in-

1718 3099 2016 3149 tercessoris
2058 3105 2135 3146 est
2172 3097 2367 3158 dicere,
2405 3096 2525 3158 quid
2555 3098 2701 3157 ogis?
2732 3100 2782 3154 ut

1715 3176 1767 3224 iu
1798 3170 2045 3237 Andria,i
2072 3175 2199 3224 Mea
2232 3162 2559 3237 Glycerium,
2601 3171 2781 3233 inquit,

1717 3251 1841 3316 quid
1868 3252 2009 3313 agis?
2032 3265 2125 3300 cur
2148 3257 2202 3299 te
2227 3249 2270 3297 is
2294 3247 2602 3311 perditum?’
2639 3248 2779 3296 Idem.
2805 3280 2812 3289 ,

1779 3331 1845 3377 40
1899 3329 2065 3391 Mane,
2110 3342 2262 3384 mane,
2305 3325 2526 3389 inquam]
2600 3324 2781 3374 Omnia

1717 3406 1830 3454 liaec
1851 3405 2044 3457 habent
2069 3406 2379 3470 singularem
2405 3404 2510 3452 vim
2547 3405 2604 3452 in
2631 3419 2687 3451 se
2709 3417 2779 3450 re·

1717 3481 1968 3532 vocantis.
2002 3482 2176 3533 Idem..

1785 3560 1987 3620 Egomet
2017 3573 2091 3607 me
2113 3559 2240 3621 nori,
2261 3563 2310 3607 et
2338 3562 2586 3621 peccatum
2615 3554 2780 3617 meum]

1716 3634 1835 3683 Duo
1858 3635 2023 3697 dixit;
2057 3644 2112 3685 et
2144 3638 2158 3663 ‘
2189 3635 2465 3683 Hominem
2505 3629 2780 3697 pavidum,'

1717 3717 1771 3759 et
1791 3712 1805 3738 ‘
1832 3711 2119 3775 Peccatum
2144 3710 2339 3774 grave.’
2373 3710 2523 3759 Idem.

1785 3788 1986 3850 Egomet
2008 3803 2082 3837 me
2109 3788 2235 3844 novi,
2257 3792 2305 3836 et
2334 3793 2580 3849 peccatum
2612 3783 2778 3846 mem]

1716 3866 1787 3914 Et
1808 3872 2009 3929 natura,
2044 3872 2099 3913 et
2123 3880 2188 3913 ex
2212 3864 2531 3913 conscientia
2553 3862 2777 3912 criminis

1717 3941 1927 3991 admissi
1948 3940 2122 4007 (quod.
2141 3940 2391 4003 juvenem
2425 3948 2480 3987 et
2504 3939 2776 4001 ingenuum

1718 4017 2223 4081 decebat)‘pavidus.
2245 4016 2378 4065 ·Mer.
2403 4015 2721 4064 casaubonus.

1779 4099 1842 4144 41
1887 4095 2022 4143 Vobis
2058 4094 2326 4143 commendo
2351 4093 2611 4153 Phanium,
2645 4096 2690 4140 et
2713 4090 2779 4138 oi-

1718 4178 1816 4222 tam
1853 4171 2026 4236 meam]
2062 4171 2290 4227 comice,
2323 4170 2525 4218 duobus
2563 4169 2666 4218 dno
2706 4183 2774 4215 re·

1718 4250 1873 4299 tulit.
1910 4251 2001 4299 Me
2034 4256 2089 4298 et
2128 4255 2402 4323 peccatum
2436 4261 2627 4308 meum,
2651 4246 2776 4294 Pha-

1717 4327 1857 4376 nium
1894 4332 1949 4377 et
1994 4327 2153 4375 vitam
2195 4337 2377 4374 meam.
2448 4324 2518 4373 Et
2559 4319 2774 4372 animad-
