3035 4941
767 415 1634 472 TERENT11·ANDR.·AOT.
1682 422 1728 471 1.
1765 409 1881 473 s'c.
1929 421 2012 472 11.

291 561 546 612 Isocrates
567 560 625 611 in
661 559 1054 627 Areopagitica,
1085 564 1351 615 meliorem

290 639 587 703 antiquioris
634 639 735 689 aevi
774 634 1101 704 disciplinam
1142 645 1352 706 compa·

290 729 428 775 rans,
449 714 690 766 instituit.
730 715 1104 768 Praetexuntur
1121 719 1349 783 interim,

290 796 345 839 ut
367 789 480 839 fieri
503 792 640 840 solet
664 794 925 856 corruptis
944 794 1174 845 civitatis
1197 794 1351 845 mori-

290 867 402 927 bus,
426 867 723 917 honestiora
739 864 1015 921 vocabula.
1034 872 1177 923 Simo
1195 874 1351 936 enim,

290 945 372 995 hic
411 947 642 1008 speciem
683 946 939 1010 quandam
964 948 1099 1014 juris
1119 947 1352 1013 effingit:

290 1023 371 1073 eni
414 1030 601 1087 postea
636 1025 919 1075 utilitatem
957 1027 1351 1091 superinducit:

289 1099 499 1162 agnovit
525 1108 800 1166 utrumque
838 1103 1106 1154 Donatus:
1143 1119 1263 1154 nam
1286 1103 1352 1154 ad

289 1176 375 1225 illa
396 1176 577 1239 verba,
608 1180 623 1204 ‘
653 1177 815 1243 iniqui
838 1181 1003 1243 patris
1041 1181 1161 1244 est,'
1198 1195 1354 1231 anno·

291 1259 396 1304 tat:
438 1255 454 1282 ‘
475 1253 651 1320 Iniqui
676 1263 781 1318 est,
812 1257 855 1305 si
880 1272 1018 1308 nunc
1042 1259 1196 1308 velim
1218 1275 1355 1325 quae·

290 1346 404 1382 rere
427 1341 577 1383 actus
594 1333 788 1384 liberos
808 1336 1156 1387 adolescentis
1172 1335 1204 1384 :'
1228 1352 1353 1403 qua-

287 1413 331 1462 si
351 1413 579 1477 scilicet,
606 1421 880 1479 postquam
910 1417 1254 1467 excessissent
1286 1431 1354 1467 ex

290 1491 512 1556 ephebis
554 1491 671 1555 filii,
703 1492 916 1543 liberius
951 1493 1162 1544 vivendi
1184 1494 1357 1557 potes·

291 1578 389 1635 tas,
422 1578 484 1623 ut
529 1571 796 1636 superiore
834 1587 990 1623 scena
1013 1572 1162 1643 dixit,
1189 1571 1355 1638 patris

288 1648 511 1715 imperio
536 1655 592 1699 et
612 1649 912 1699 auctoritati
944 1648 1060 1714 ipso
1081 1649 1202 1714 jure
1224 1649 1355 1700 limi-

293 1734 370 1777 tes
412 1734 656 1792 poneret.
687 1733 692 1737 '
723 1727 946 1780 Quando
983 1736 1156 1778 autem
1210 1728 1353 1779 Simo

293 1803 458 1869 addit,
472 1805 487 1832 ‘
500 1804 600 1854 sivi
615 1803 836 1854 animum
849 1806 1157 1871 utexpleret
1171 1803 1355 1868 suum,’

292 1881 554 1944 Donatus,
585 1882 602 1910 ‘
625 1881 755 1931 mira
774 1879 963 1942 ⁴ratio‚'
994 1881 1181 1946 inquit,
1217 1879 1235 1909 ‘
1258 1896 1354 1931 cur

290 1958 493 2021 siverit,
531 1967 590 2008 ut
626 1964 679 2007 et
713 1959 809 2007 hoc
833 1957 967 2021 quod
991 1957 1248 2021 permisit,
1287 1958 1353 2007 ad

289 2034 477 2085 bonam
499 2035 704 2098 frugem
723 2034 1035 2099 permiserit,
1045 2048 1145 2083 non
1164 2034 1229 2085 ad
1241 2035 1353 2085 lux·

287 2112 493 2163 uriam.’
559 2113 756 2162 Subest
778 2111 829 2162 in
868 2112 945 2161 his
974 2112 1184 2162 tertium
1208 2110 1355 2163 sebe·

287 2205 390 2253 ma,
411 2191 637 2253 temporis
674 2204 837 2254 usque
871 2190 934 2238 ad
973 2189 1353 2241 matrimonium

288 2265 492 2317 definiti
533 2267 767 2317 brevitas:
801 2281 917 2331 quae
960 2281 1077 2316 curn
1118 2266 1354 2331 patribus

289 2344 535 2395 obtentui
555 2351 766 2408 sumpta
783 2341 1067 2405 esset,filiis
1081 2344 1132 2393 in
1149 2343 1354 2393 titulum

283 2420 417 2485 juris
442 2413 673 2486 placuit,
689 2428 747 2473 ut
772 2434 837 2470 ex
860 2419 962 2469 illis
985 2420 1163 2470 videre
1194 2420 1321 2473 iicet
1342 2438 1358 2472 :

290 2497 454 2547 ‘Tute
476 2498 589 2562 ipse
609 2498 689 2547 his
710 2497 862 2547 rebus
885 2495 1039 2546 finem
1079 2499 1359 2565 praeserip·

289 2573 401 2624 sisti
425 2582 602 2639 pater,
635 2576 809 2642 Prope
828 2576 996 2638 adest,
1012 2591 1170 2641 quum
1188 2577 1357 2627 alieno

292 2664 438 2700 more
478 2650 760 2702 vivendum
791 2660 875 2702 est
911 2652 1051 2714 mihi,
1072 2653 1198 2703 Sine
1220 2668 1356 2704 nunc

291 2740 404 2776 meo
427 2741 511 2776 me
539 2728 712 2778 vivere
734 2728 937 2778 interea
949 2727 1138 2780 modo.’
1172 2730 1354 2780 Boecle-

294 2817 396 2854 rus.

354 2879 455 2932 Ea'
476 2897 553 2932 me
596 2882 869 2947 exquirere]
932 2883 1103 2933 Scena
1159 2898 1354 2948 praece·

291 2956 457 3008 dente
480 2959 497 2987 ‘
513 2958 694 3022 Prope
711 2960 876 3023 adest,
896 2975 1011 3010 cum
1030 2959 1239 3023 alieno,’
1255 2965 1355 3012 ἃς.

292 3045 346 3085 et
369 3050 532 3086 scena
554 3051 593 3088 1.
626 3043 731 3087 act.
748 3041 798 3087 2.
823 3044 879 3087 et
900 3052 1042 3088 scen.
1067 3051 1143 3088 vt.
1181 3045 1283 3089 act.
1307 3044 1356 3089 2.

295 3113 510 3163 Far-nab.

290 3215 299 3220 -
357 3192 423 3239 16
456 3189 624 3253 Iniqui
643 3190 810 3255 ¹putris
842 3190 940 3254 est]
971 3190 1144 3256 Iniqui
1172 3198 1273 3253 est,
1310 3191 1355 3240 si

293 3278 431 3315 nunc
446 3266 599 3315 velim
617 3281 851 3331 quaerere
870 3273 1018 3322 actus
1032 3267 1219 3319 liberos
1235 3267 1355 3318 ado·

290 3344 554 3396 lescentis.
586 3346 823 3398 Donatus.

358 3422 492 3471 Nom
530 3423 651 3485 qaod
682 3423 879 3474 antehae
907 3423 1057 3489 fecit]
1098 3424 1207 3474 Pro
1246 3427 1357 3475 unte

291 3496 414 3558 ltoec,
446 3496 825 3547 consuetudine
864 3498 1049 3562 magis,
1082 3514 1235 3565 quam
1278 3514 1358 3549 ra·

294 3573 437 3623 tione
461 3571 672 3623 dicitur.
707 3573 857 3624 Idem.

358 3647 601 3699 Nihil'ad
628 3650 725 3713 me]
755 3649 817 3700 Id
851 3652 978 3715 agit,
1017 3658 1077 3702 ut
1121 3652 1358 3716 superius

290 3727 565 3777 consilinm
589 3740 645 3776 se
670 3742 878 3778 servare
900 3729 1159 3779 ostendat.
1192 3730 1347 3779 Idemi

358 3807 419 3853 17
455 3804 592 3854 Dum
629 3809 810 3869 tempus
838 3806 902 3854 ad
943 3820 1046 3856 eum
1083 3820 1185 3855 rem
1219 3806 1357 3870 tulit]

292 3879 583 3930 Absolute:
622 3889 679 3932 et
716 3881 865 3934 deest
886 3897 969 3932 se:
1002 3891 1061 3940 ut
1094 3884 1180 3947 sit,
1216 3885 1357 3934 Dum

294 3965 500 4022 tempus
526 3972 582 4007 so
607 3958 832 4022 praebuit
851 3959 1012 4025 :quia
1034 3973 1190 4024 supra
1205 3959 1357 4019 dixit,

293 4032 311 4059 ⁴
327 4033 469 4082 Tute
486 4033 566 4082 his
589 4033 745 4084 rebus
759 4034 914 4085 finem
930 4036 1252 4102 praescripsti
1267 4051 1356 4101 pa·

295 4114 409 4159 ter.’
443 4111 599 4159 Idem.

358 4186 487 4244 Sivi,
517 4185 727 4237 animm
742 4193 798 4238 ut
812 4189 1020 4253 expleret
1036 4189 1193 4253 suum]
1218 4190 1358 4240 Mira

297 4263 427 4313 ratio
450 4278 547 4313 cur
565 4264 765 4329 siverit,
798 4274 857 4315 ut
879 4274 934 4316 et
956 4266 1053 4318 hoc
1077 4268 1215 4333 quod
1238 4283 1357 4332 per-

295 4340 458 4402 misit,
484 4340 553 4390 ad
570 4355 575 4358 “
591 4341 777 4392 bonam
813 4341 1017 4409 frugem
1044 4345 1357 4409 permiserit,

426 4422 605 4487 Delpk.
625 4430 675 4474 et
699 4425 813 4477 ναν.
831 4427 962 4479 clas.

1304 4428 1492 4480 Terent.

2307 402 2488 474 1057

1425 579 1528 624 non
1551 560 1616 616 ad
1641 565 1913 617 luxuriam.
1977 562 2085 615 Sim*
2106 569 2279 616 autem
2302 564 2488 618 distin·

1425 657 1557 706 guez
1597 649 1680 698 est
1711 651 1885 694 autem
1914 642 2025 703 sivi,
2048 641 2230 706 modo,
2259 642 2490 709 permisi,

1425 722 1645 772 cessavi.
1727 720 1854 785 Stoi,
1896 721 2127 785 antique.
2212 719 2383 770 Aliter
2433 721 2487 770 in

1426 797 1707 862 Adelphis:
1742 800 1758 827 ‘
1779 800 1899 849 Non
1923 797 2045 849 sivit
2067 806 2270 863 egestas
2307 796 2488 849 facere

1424 875 1523 926 hoc
1545 876 1674 926 uos!
1708 877 1859 926 Idem.
2097 932 2104 951 .

1494 957 1557 1003 18
1598 955 1741 1003 Niutc
1755 953 1834 1003 hie
1849 952 1950 1004 dies
1963 951 2111 1003 oliam
2131 952 2280 1002 eitum
2301 950 2491 1018 adfert]

1426 1030 1546 1080 Hoc
1563 1039 1663 1091 est,
1686 1037 1850 1093 recte,
1873 1037 1931 1080 et
1952 1043 2153 1090 severe,
2176 1037 2232 1079 et
2252 1030 2488 1080 inexora-

1428 1105 1603 1157 biliter
1638 1107 1926 1159 denuntiat.
1990 1107 2155 1157 Aliam
2181 1108 2352 1169 vitum,
2392 1122 2487 1171 pro

1428 1183 1687 1233 diversam
1710 1191 1768 1234 et
1791 1185 2123 1234 contrariam.
2190 1184 2275 1234 Sic
2293 1192 2348 1233 et
2368 1185 2488 1233 Vir·

1427 1259 1609 1322 gilius:
1647 1260 1766 1310 Diis
1782 1261 1926 1310 aliter
1946 1262 2099 1310 vium
2120 1266 2209 1311 est.
2256 1261 2424 1310 Idem.

1494 1336 1637 1385 Nunc
1658 1336 1735 1386 hie
1770 1337 1893 1400 dies]
1931 1336 2032 1387 Hic
2052 1337 2154 1386 dies
2174 1336 2365 1386 habent
2382 1352 2488 1386 om-

1427 1427 1520 1463 nes
1538 1413 1658 1463 libri
1676 1414 1877 1479 scripti,
1896 1423 1949 1463 et
1967 1416 2220 1466 Donatus.
2237 1416 2469 1466 Faernus.

1430 1536 1439 1544 .
1498 1490 1846 1541 Nunc-Media
1860 1492 2165 1543 «Romeitam
2179 1492 2492 1556 adseruatios

1428 1582 1581 1617 mores
1607 1568 1841 1633 postulat]
1877 1570 2084 1630 Cicero,
2099 1585 2240 1619 more
2276 1585 2386 1627 suo.
2423 1570 2491 1619 ad

1428 1647 1642 1696 consilia
1665 1647 1730 1697 de
1755 1647 1888 1712 Rep.
1930 1648 2288 1697 accommodat
2320 1648 2491 1713 Epist.

1429 1723 1609 1773 Famil.
1629 1737 1731 1773 xxi.
1749 1728 1830 1777 26.
1864 1723 1930 1773 ad
1954 1724 2314 1776 Cornificium:
2349 1727 2364 1754 ‘
2385 1724 2493 1775 Ac-

1428 1799 1568 1865 cipio
1590 1802 1981 1853 excusationem
2005 1808 2144 1851 tuam
2165 1802 2233 1852 'de
2253 1802 2494 1867 Sempro-

1428 1877 1516 1927 nio
1537 1892 1551 1926 :
1572 1893 1745 1944 neque
1768 1879 1904 1928 enim
1929 1879 2111 1928 statuti
2129 1879 2253 1943 quid
2274 1879 2323 1929 iu
2345 1887 2492 1931 tanta

1430 1955 1824 2018 perturbatione
1847 1955 2036 2004 habere
2069 1955 2282 2019 potuisti
2304 1974 2318 2006 :
2353 1971 2492 2007 nuuc

1428 2032 1513 2082 bic
1563 2032 1675 2082 dies
1729 2032 1880 2081 aliam
1928 2032 2085 2081 vitam
2143 2030 2315 2094 affert,
2362 2033 2491 2083 alios

1431 2122 1601 2158 mores
1624 2109 1871 2173 postulat,
1887 2116 1946 2157 ut
1961 2108 2036 2157 ait
2049 2108 2358 2160 Terentius!
2377 2111 2492 2158 Βα-

1427 2184 1598 2234 clerus.

1496 2262 1642 2312 Nune
1661 2262 1740 2312 hie
1755 2263 1856 2312 dies
1878 2262 2020 2313 oliam
2038 2263 2187 2312 ritum
2207 2262 2387 2326 adfert]
2404 2262 2492 2315 Ci-

1430 2344 1511 2391 tat
1551 2340 1686 2390 bunc
1727 2354 1926 2390 versum
1972 2340 2160 2391 Cicero
2202 2341 2234 2391 l.
2272 2353 2377 2391 xu.
2411 2345 2494 2392 26.

1429 2415 1605 2481 Epist.
1628 2416 1808 2465 Famil.
1823 2414 2003 2465 Ἄλλος
2022 2414 2141 2479 βίος,
2164 2414 2296 2475 ἄλλη
2324 2414 2493 2468 δίαιτα.

1429 2494 1590 2544 Prov.
1615 2494 1757 2558 apud
1779 2494 2083 2544 Zenobiam.
2120 2494 2398 2546 Farnobius.

1436 2602 1443 2609 -
1496 2575 1561 2621 19
1600 2572 1812 2633 Postulo,
1850 2571 1950 2620 sive
1987 2585 2168 2634 oequum
2205 2576 2295 2629 est,
2330 2577 2377 2620 te
2412 2575 2493 2620 or'o

1428 2647 1594 2711 Dave]
1651 2649 1921 2699 correctio
1977 2646 2176 2708 addita,
2231 2661 2333 2695 non
2390 2653 2494 2696 tam

1429 2726 1664 2791 εἰρωνείαν
1697 2732 1921 2792 spectat,
1959 2741 2112 2792 quam
2148 2727 2249 2774 vim
2275 2725 2494 2788 jubendi

1428 2804 1673 2856 intendit.
1733 2810 1748 2834 ‘
1770 2803 1945 2868 Major
1967 2801 2105 2851 enim
2125 2801 2189 2850 ad
2213 2802 2496 2865 impetran-

1430 2881 1778 2943 dum‘v'isest,
1818 2894 1936 2930 eum
1973 2893 2175 2942 rogare,
2204 2880 2293 2943 qui
2319 2880 2495 2942 possit

1420 2956 1667 3020 jubere3'
1694 2967 1752 3006 ut
1776 2957 1878 3005 hoc
1913 2954 2082 3003 Servii
2119 2953 2290 3003 verbis
2325 2954 2493 3004 dicam

1433 3036 1498 3086 ad
1520 3041 1572 3087 6.
1596 3036 1711 3087 AEn.
1737 3051 1787 3087 v.
1827 3037 1842 3064 ‘
1862 3035 2010 3084 Idem
2056 3049 2209 3083 orans
2247 3035 2494 3084 mamiato

1431 3112 1632 3165 dabat!
1667 3114 1927 3163 Boeclerus.

1497 3190 1614 3241 Sive
1638 3205 1820 3255 equum
1841 3190 1935 3255 est]
1967 3188 2339 3253 Epanorthosis
2358 3203 2495 3238 ama·

1432 3281 1506 3317 ra.
1542 3267 1826 3317 For-nobiae.

1501 3345 1566 3394 Te
1601 3359 1683 3393 oro
1719 3342 1884 3407 Dave]
1916 3343 2141 3394 Gravius
2185 3336 2496 3407 illud'fecit,

1430 3436 1618 3472 nomen
1636 3420 1968 3487 appellando.
2005 3421 2240 3470 Donatus.

1503 3499 1574 3549 Ut
1592 3501 1752 3548 redeat
1773 3498 1882 3559 jam
1913 3498 1965 3548 in
2005 3497 2156 3561 eiam]
2206 3500 2321 3548 Jam
2343 3498 2497 3548 modo

1433 3576 1702 3627 tarditatis
1727 3582 1814 3625 est
1835 3575 2067 3639 signum:
2092 3581 2148 3624 et
2167 3575 2220 3623 in
2242 3574 2368 3623 viam
2383 3574 2497 3624 dix»

1432 3654 1497 3715 it,
1531 3653 1674 3718 quasi
1694 3653 1784 3717 qui
1822 3650 2003 3701 devius
2039 3651 2128 3713 sit,
2150 3661 2209 3700 et.
2242 3651 2431 3700 errarit
2467 3665 2498 3699 a

1433 3738 1579 3779 recta
1600 3727 1701 3777 via.
1735 3728 1887 3778 Idm.

1503 3807 1573 3855 Ut
1614 3807 1776 3855 redeat
1801 3804 1910 3866 jam
1944 3804 1999 3856 in
2034 3803 2185 3868 emm]
2220 3804 2499 3858 Proverbi-

1432 3884 1534 3934 ale.
1568 3883 1722 3932 Idem.

1434 3993 1442 4000 ›
1495 3961 1613 4011 Sive
1631 3975 1814 4024 equum
1828 3959 1923 4023 est]
1953 3956 2310 4023 Ἐπανόρθωσις.
2344 3960 2496 4007 Idem.

1494 4043 1561 4088 20
1597 4039 1706 4088 Hoc
1744 4037 1859 4100 quid
1898 4036 1987 4099 sit]
2027 4035 2303 4098 Ἐλλειψιςε
2350 4033 2498 4082 deest

1429 4114 1571 4165 enim
1589 4113 1781 4177 queris.
1813 4113 1982 4162 Idem.

1494 4194 1558 4240 21
1594 4191 1676 4239 Ito
1699 4189 1859 4253 aiunt]
1916 4189 2048 4239 Haec
2079 4187 2299 4238 credunt
2335 4191 2390 4237 et
2423 4187 2499 4237 lo·

1433 4273 1663 4332 quuntur
1685 4266 1946 4316 universi:
1967 4270 2028 4313 'et
2049 4271 2130 4314 est
2155 4263 2361 4326 trepida
2377 4278 2497 4314 con-

1435 4342 1612 4401 fessio,
1650 4350 1707 4394 et
1728 4341 1875 4409 quasi
1913 4340 2061 4391 inviti
2099 4340 2399 4405 responsio:
2439 4346 2499 4389 ut

2253 4427 2283 4472 3
2318 4423 2370 4473 X
