3035 4941
514 393 687 459 1624

586 551 658 601 ss
678 549 893 613 conjicito
912 548 1093 613 cetera]
1123 547 1230 599 Aut
1247 553 1409 610 cetera,
1425 548 1586 598 abuu-

517 629 629 693 dat,
652 635 742 678 aut
762 628 914 678 deest
948 641 1067 690 per.-
1104 633 1163 696 ¹¹!
1184 626 1273 688 sit,
1309 641 1393 691 per
1412 630 1585 675 cetera.

516 706 774 756 Donatus.

583 788 644 832 15
683 781 817 838 Quid
849 796 938 843 ego
975 797 1038 832 ex
1072 783 1158 832 hac
1179 781 1340 845 iuopia
1360 796 1484 830 nm
1503 796 1584 830 ca-

512 858 670 924 pium]
703 856 1056 908 Infortuuium
1080 857 1297 908 scilicet.
1331 858 1484 906 Idem.

586 936 720 992 Quia
752 951 839 999 ego
877 949 940 985 ex
973 935 1062 984 hac
1093 934 1252 997 inopia
1272 948 1396 983 nunc
1412 948 1514 997 cap.
1538 936 1588 982 et

517 1013 631 1077 quid
652 1019 705 1062 tu
726 1027 788 1062 ex
806 1012 890 1062 iat.
924 1011 992 1075 c.]
1035 1010 1096 1059 ‘O
1130 1008 1281 1073 ζῆλος
1297 1008 1472 1074 φθόνου
1490 1027 1585 1072 χα-

517 1088 866 1155 ρακτηρίζεται,
906 1088 999 1152 οὐχ
1040 1087 1113 1137 ὅτι
1155 1086 1311 1151 ἄλλῳ,
1352 1087 1465 1137 ἀλλ’
1508 1087 1586 1138 ὅτι

518 1167 630 1231 οὐχὶ
649 1167 728 1218 καὶ
750 1168 876 1232 αὐτῷ
899 1168 1001 1216 ἐστι
1020 1165 1084 1216 τὰ
1109 1164 1283 1229 ἆγαθά.
1351 1165 1488 1215 Vide
1512 1164 1582 1215 Α-

516 1248 691 1297 ristot.
716 1248 875 1297 Rhet.
902 1250 953 1296 2.
988 1245 1248 1295 Boeclem.

589 1326 658 1374 Et
678 1325 792 1388 quid
813 1330 866 1374 tu
887 1339 950 1374 ex
975 1324 1098 1373 istac
1127 1321 1285 1387 copia]
1332 1322 1583 1373 Fructum

522 1414 583 1450 ac
607 1399 934 1451 felicitatem.
968 1400 1206 1450 Donatus.

586 1480 651 1525 16
691 1477 763 1526 Ut
781 1491 840 1526 ns
856 1475 1051 1539 addam]
1096 1473 1379 1541 Παράλειψις
1397 1473 1585 1539 figura,

518 1553 574 1602 in
598 1567 698 1618 qua
716 1553 860 1603 velut
879 1568 945 1602 ex
965 1553 1244 1603 abundanti
1279 1566 1584 1603 enumeran-

522 1636 609 1678 tur
631 1628 858 1693 adJecta.
893 1630 1045 1680 Idem.

593 1706 662 1754 Ut
706 1720 764 1755 ne
817 1705 1011 1769 ιιάἀαηι]
1076 1707 1251 1768 Σχῆμα
1296 1704 1586 1771 παράλειψις.

523 1781 679 1834 Quod
697 1781 979 1848 Graeci‚1vu
996 1781 1079 1844 μή.
1115 1782 1267 1834 Idem.

589 1863 870 1928 Ingenuum,
889 1862 1130 1913 liberalem
1147 1867 1316 1913 nactus
1334 1861 1409 1927 es]
1464 1861 1586 1911 Hoc

522 1941 793 2004 natalium,
827 1939 955 1991 illud
978 1955 1175 1991 morum
1195 1947 1292 1991 est.
1325 1940 1474 1989 Idem.

585 2015 704 2067 Sine
715 2022 924 2081 sumptu,
935 2017 1208 2079 ingenuam,
1222 2015 1461 2066 liberdem
1473 2030 1586 2065 nac-

524 2097 603 2142 tus
623 2092 696 2156 es]
747 2092 945 2143 Contra
976 2107 1041 2143 ea
1075 2108 1192 2158 quae
1230 2091 1450 2156 patitur,
1483 2091 1588 2141 ista

524 2171 699 2233 posuit
715 2171 903 2221 omnia.
922 2170 1070 2233 hnjus
1085 2170 1140 2218 iu
1159 2182 1333 2219 amore
1348 2168 1554 2233 copiam
1573 2184 1588 2219 ε

524 2261 666 2297 suam
687 2248 935 2311 inopiam.
967 2248 1121 2312 hujus
1142 2246 1451 2297 desiderium
1473 2248 1588 2297 uul-

524 2323 575 2371 lo
598 2323 892 2373 constitisse
915 2329 1158 2386 sumptuz
1195 2322 1295 2372 sibi
1332 2337 1362 2371 a
1400 2324 1590 2373 lenone

523 2398 681 2449 fuisse
704 2400 972 2450 emendam
996 2395 1241 2464 puellam.
1273 2400 1422 2465 hujus
1444 2400 1590 2464 inge-

527 2491 703 2526 nuam:
724 2492 868 2526 suam
881 2491 1101 2526 servam.
1124 2476 1276 2540 hujus
1292 2477 1561 2528 liberalem
1578 2493 1595 2529 z

526 2566 669 2601 suam
686 2551 1066 2601 citharistriam.
1082 2553 1217 2602 bunc
1229 2552 1440 2603 nactum
1450 2568 1562 2604 esse
1575 2569 1590 2604 z

526 2642 581 2677 se
604 2629 793 2678 sectari
827 2634 1044 2678 tantum.
1075 2628 1228 2692 hujus
1257 2643 1502 2680 uxorem:
1539 2645 1592 2680 a·

526 2707 714 2757 micam
739 2720 903 2755 suam.
936 2702 1089 2768 hujus
1121 2719 1347 2755 amorem
1383 2706 1593 2756 marita-

527 2784 629 2833 lem
654 2798 801 2834 esse:
837 2797 988 2833 suum
1010 2784 1156 2833 velut
1185 2783 1413 2849 prodigi,
1449 2785 1596 2835 velut

421 2867 436 2878 ·
525 2861 850 2911 scortatoris.
883 2860 1034 2911 Idm.

594 2941 657 2987 17
694 2939 832 2994 Quod
851 2938 1014 3002 habes,
1048 2938 1123 2988 itu
1141 2943 1197 2988 ut
1228 2937 1445 3001 coluisti]
1502 2938 1597 2988 Vo-

525 3013 662 3064 lm‘stt'
682 3014 1202 3079 subdistinguendum
1226 3021 1328 3078 est,
1352 3022 1408 3064 et
1423 3015 1498 3064 sic
1522 3015 1595 3065 le·

527 3090 752 3154 gendum
774 3106 990 3142 uxorem.
1034 3090 1152 3142 Erit
1174 3092 1308 3141 enim
1332 3089 1593 3155 ἑμφωτικό·

527 3185 680 3232 τερον.
712 3169 867 3219 Idem.

601 3244 668 3293 Ut
683 3245 900 3308 coluisti,
915 3245 1135 3311 mem]
1159 3244 1309 3296 Boua
1331 3260 1596 3311 praepara·

525 3319 604 3369 ¹tiu
626 3320 804 3370 uxoris
828 3318 1038 3370 futurae.
1072 3321 1226 3371 Idem.

596 3400 660 3445 18
710 3397 782 3446 Ni
817 3412 963 3448 unum
998 3397 1084 3447 hoc
1121 3396 1261 3453 desit,
1291 3396 1479 3446 animus
1513 3398 1595 3461 qm·

528 3475 735 3524 modeste
746 3471 1043 3534 istoecferat]
1058 3472 1595 3534 Modeste,moderate.

528 3549 801 3601 Sallustius
829 3549 964 3600 libro
985 3552 1211 3600 secundo
1232 3565 1246 3599 ε
1283 3550 1298 3579 ‘
1320 3550 1594 3601 Modestus

530 3626 597 3676 ad
639 3627 810 3677 omnia
846 3626 966 3690 alia,
1013 3626 1111 3675 nisi
1151 3626 1594 3679 dominationem.'

530 3703 681 3752 Idem.

597 3779 672 3828 Ni
691 3794 837 3829 unum
856 3778 1005 3842 desit]
1055 3777 1144 3829 Al.
1167 3780 1220 3829 ’u'
1242 3795 1388 3831 uuum
1407 3781 1495 3831 hoc
1513 3784 1594 3832 ds·

527 3856 612 3908 sit.
646 3858 783 3908 Mer.
805 3855 1160 3907 casaubonus.

595 3935 838 3999 Modesto]
873 3934 1004 3985 Cum
1027 3933 1202 3984 modo.
1238 3934 1476 3991 Donatus.

590 4010 799 4061 Animus
809 4011 891 4075 qui
903 4012 1108 4061 modeste
1119 4011 1416 4074 istoecferut]
1440 4012 1595 4078 Virg.

531 4090 546 4117 ‘
567 4088 613 4137 Ο
638 4087 928 4139 fortunatos
951 4089 1162 4138 nimium
1181 4088 1314 4139 bona
1336 4089 1379 4139 si
1399 4104 1491 4139 sua
1503 4105 1594 4141 no·
1623 4116 1626 4121 ·

532 4166 637 4215 rint
674 4164 979 4228 Agricolas.'
1044 4165 1179 4215 Hor.
1225 4166 1243 4194 ‘
1267 4166 1414 4216 Bene
1455 4165 1595 4219 ferre

531 4256 767 4371 invasam
791 4243 931 4294 disee
945 4240 1241 4294 fortunam!
1262 4242 1395 4295 Mer.
1413 4244 1595 4298 Casuu-

1204 406 1421 454 Nora:
1468 404 1873 454 visurorum
1928 406 2032 466 m,

1728 552 1790 599 19
1825 547 2072 600 Etsitibt
2096 560 2178 597 res
2210 548 2276 598 sit
2309 562 2421 597 can
2454 563 2508 597 eo
2545 547 2730 613 lenone}

1662 629 1731 677 Et
1764 629 1916 679 modo
1938 643 2042 679 uon
2076 628 2385 691 connexim,
2417 628 2513 678 sed
2555 630 2727 693 incep-

1664 705 1771 754 tiva
1803 704 2107 769 eonjunctio
2130 713 2227 755 est.
2291 705 2578 755 Sallustius
2602 705 2731 754 libro

1661 780 1910 842 secundo,
1940 782 1958 811 ‘
1975 783 2045 832 Et
2062 782 2214 831 Pceni
2234 780 2413 832 ferunt
2431 781 2683 832 adversus
2701 796 2732 832 a
2820 795 2824 800 ·

1661 872 1695 906 u
1719 873 1748 906 c
1766 856 1881 906 ni*.’
1915 858 2150 908 Donatus.

1729 938 1796 986 Et
1815 937 1858 985 si
1878 936 1969 986 tibi
1989 951 2066 986 res
2084 937 2170 997 sit,
2205 936 2315 1000 qma]
2355 935 2447 986 Ita
2489 938 2730 987 Donatus

1659 1013 1819 1078 legit:
1845 1028 1998 1078 quem
2024 1015 2198 1063 multae
2220 1012 2481 1062 editiones
2509 1028 2733 1078 sequun-

1658 1094 1766 1140 tur.
1819 1095 2170 1154 anuotatque=
2220 1089 2237 1115 ‘
2260 1090 2352 1152 Et,
2394 1089 2590 1153 modo,’
2634 1093 2732 1140 &c.

1659 1165 1794 1216 Vide
1818 1167 2018 1230 Guyet.
2054 1165 2316 1226 Boeclerns.

1721 1241 1935 1305 Sentias]
1968 1242 2055 1292 Sic
2079 1242 2226 1306 alibi,
2258 1243 2275 1272 ⁸
2293 1242 2374 1292 Sit
2397 1243 2591 1307 rogas?
2624 1253 2736 1292 sen·

1659 1317 1738 1370 si.'
1772 1319 2014 1369 Donatus.

1722 1402 1787 1449 2⁰
1822 1398 1904 1449 Itu
1928 1396 2141 1462 plerique
2156 1397 2351 1460 ingenio
2369 1410 2540 1446 sumus
2557 1411 2734 1457 omnes,

1661 1476 1834 1526 Nostri
1868 1481 2051 1525 nosmet
2083 1474 2303 1539 poeuitet]
2337 1472 2594 1538 Παρέλκον
2630 1483 2735 1525 ter-

1657 1552 1789 1602 tium
1811 1552 1865 1603 iu
1888 1550 2108 1613 Andria,
2142 1552 2158 1581 ‘
2178 1550 2334 1604 Quod
2358 1552 2606 1617 plerique
2628 1565 2738 1601 om·

1659 1643 1753 1681 nes
1774 1629 1976 1681 faciunt
1995 1630 2414 1681 adolescentuli.’
2444 1636 2503 1679 et
2537 1635 2625 1680 est
2652 1628 2736 1692 ἄρ·

1658 1706 1891 1771 χιῒσμόεε
1917 1713 1993 1766 nt,
2015 1709 2033 1736 ‘
2049 1706 2264 1757 Accede
2282 1706 2349 1756 ed
2372 1706 2555 1771 ignem
2577 1706 2736 1767 hunc,
2820 1728 2824 1731 >

1651 1785 1764 1850 jam
1786 1785 2019 1835 calesces
2043 1783 2161 1848 plus
2180 1781 2346 1832 satis.'
2381 1784 2543 1833 Idem.

1731 1860 1903 1911 Nostri
1917 1864 2096 1911 mmet
2104 1858 2332 1922 poenitet]
2343 1859 2495 1909 Poeni
2502 1865 2587 1909 tet
2600 1872 2737 1920 eum,

1660 1937 1748 2003 qui
1771 1951 1951 2002 parum
1970 1941 2138 2001 putat,
2152 1942 2278 1999 ergo
2301 1936 2400 2001 ipsi
2417 1950 2535 1998 uos,
2552 1936 2738 2001 iuquit,

1662 2020 1841 2064 nostra
1860 2012 2258 2064 contemnimus.
2285 2012 2375 2062 Sic
2398 2013 2535 2063 etin
2560 2012 2741 2063 Heau-

1663 2090 2120 2152 tontimorumeno,
2154 2089 2263 2139 ‘At
2286 2089 2423 2139 enim
2456 2090 2549 2139 bic
2571 2089 2742 2150 dices,

1665 2168 1778 2232 Me,
1795 2173 2045 2232 quantum
2059 2167 2142 2217 bic
2157 2167 2332 2232 operis
2346 2166 2463 2233 fiat,
2474 2162 2742 2232 poenitet-³

1670 2245 1821 2295 Idem.
2037 2263 2044 2267 ’

1729 2322 1904 2372 Nostra·
1938 2327 2114 2371 uomet
2146 2321 2368 2386 poenitet]
2429 2321 2566 2371 Hor.
2599 2321 2741 2374 ‘Qui

1663 2397 1746 2463 fit,
1774 2398 2064 2460 Mecaenas,
2088 2407 2144 2449 nt
2169 2413 2318 2448 nemo
2338 2413 2494 2463 quam
2515 2399 2617 2449 sibi
2639 2412 2742 2449 sor·

1666 2482 1794 2539 tem,
1815 2476 1919 2525 Seu
1941 2478 2074 2525 ratio
2099 2476 2326 2537 dederit,
2346 2490 2441 2524 seu
2466 2475 2583 2525 fors
2598 2475 2744 2539 obje-

1666 2553 1819 2615 cerit,
1840 2553 1927 2602 illa
1948 2552 2241 2602 Contentus
2265 2553 2427 2614 vivat,
2445 2552 2635 2602 laudet
2665 2552 2744 2601 di-

1666 2643 1818 2680 versa
1837 2635 2116 2693 sequentes
2131 2628 2166 2677 ?’
2197 2636 2254 2678 et
2279 2642 2393 2694 quae
2422 2630 2497 2679 ibi
2518 2642 2744 2696 sequun-

1669 2716 1772 2759 tur.
1807 2707 1936 2756 Mer.
1959 2706 2282 2756 Cambonum.

1730 2788 1797 2834 22
1824 2783 1918 2832 Cui
1935 2784 1995 2833 de
2015 2783 2205 2845 integro
2224 2788 2295 2832 est
2313 2782 2556 2846 potestas]
2593 2783 2746 2846 Post,

1668 2862 1939 2924 deinceps.
2004 2858 2089 2909 An
2113 2860 2178 2909 de
2201 2860 2410 2922 integro,
2443 2858 2499 2907 id
2523 2867 2630 2924 est,
2666 2859 2743 2909 iu-

1671 2938 1831 3002 tegris
1855 2937 2047 2987 rebus?
2081 2936 2316 2987 Donatus.

1737 3014 1867 3070 Quia
1883 3014 2003 3063 velis
2012 3029 2033 3072 ,-
2053 3014 2280 3075 retinere,
2292 3027 2475 3075 mure,
2496 3013 2744 3078 amittere}

1671 3089 1756 3141 An
1793 3090 2074 3154 conjuncte
2113 3089 2392 3153 legendum
2433 3098 2539 3152 est,
2572 3094 2589 3120 ‘
2606 3092 2741 3145 Quid

1669 3168 1796 3218 velis
1834 3167 2063 3217 retinere
2079 3165 2114 3216 i’
2148 3174 2207 3217 ut
2229 3167 2331 3215 duo
2353 3167 2482 3227 sint,
2515 3170 2533 3198 ‘
2550 3183 2741 3231 amam,

1669 3245 1908 3294 amittere
1928 3243 1962 3294 τ’
1993 3244 2116 3308 quia
2150 3250 2208 3293 et
2238 3241 2379 3293 infra
2417 3244 2527 3294 duo
2549 3245 2743 3307 reddit,

1668 3321 1684 3350 ‘
1707 3322 1781 3372 Ut
1816 3333 1985 3386 neque
2023 3319 2149 3370 mihi
2182 3321 2249 3370 sit
2290 3319 2408 3383 ejus
2447 3322 2745 3383 amittendi,

1669 3413 1840 3463 neque
1888 3397 2148 3447 retinendi
2190 3396 2383 3462 copia.'
2450 3398 2748 3461 Animi,

1671 3482 1889 3540 propter
1927 3490 2177 3538 amorem,
2218 3475 2484 3539 retinendi,
2526 3483 2744 3542 propter

1670 3561 1890 3617 patrem.
1934 3554 2106 3602 Idem·

1732 3629 1995 3694 Amiflere]
2046 3629 2185 3679 And.
2220 3634 2326 3680 act.
2352 3643 2407 3679 v·
2433 3644 2513 3680 sc.
2534 3634 2585 3679 3.
2620 3631 2740 3680 ‘Vis

1668 3720 1750 3757 me
1777 3721 1993 3757 uxorem
2033 3706 2257 3758 ducere?
2294 3707 2428 3755 banc
2463 3708 2742 3758 amittere?

1667 3791 1727 3835 nt
1750 3792 1933 3849 potero
1955 3782 2161 3835 feram.’
2198 3785 2277 3835 M.
2303 3785 2631 3837 Omnibonus.

1731 3866 1795 3912 25
1831 3860 1927 3911 Sed
1962 3861 2079 3924 quid
2112 3861 2198 3910 hoc
2232 3857 2348 3912 est?
2389 3862 2628 3914 videone
2656 3878 2742 3926 ego

1671 3940 1846 3990 Getam
1866 3943 2134 3988 currentem
2151 3939 2377 3991 adonira
2396 3939 2515 4002 huc]
2548 3940 2621 3991 Ο.
2643 3942 2679 3992 l.
2699 3956 2740 3990 s.

1666 4017 1834 4066 videon
1869 4015 2065 4065 babent
2084 4032 2098 4065 ε
2124 4020 2198 4079 et,
2216 4013 2312 4064 lino
2327 4017 2561 4066 adum
2575 4022 2598 4067 2
2626 4032 2739 4083 qun

1669 4094 1946 4143 collocatio
1981 4092 2172 4152 versui,
2220 4092 2417 4158 alioqui
2455 4108 2561 4143 uon
2610 4095 2739 4145 bene

1670 4169 1999 4249 prqcedeuth
2020 4170 2265 4245 consulit,
2284 4170 2532 4221 elidendo
2545 4187 2614 4222 ex
2632 4172 2740 4237 quid

1670 4247 1702 4296 d
1722 4265 1736 4309 ς
1759 4247 1842 4295 vel
1867 4244 2203 4309 corripiendo
2226 4246 2329 4295 hoc.
2365 4259 2547 4296 versus
2568 4255 2737 4298 autem

1671 4329 1754 4374 est
1783 4322 2032 4377 iambicus
2052 4328 2365 4377 tetrameter
2384 4323 2741 4385 catalecticus,
