3035 4941
549 383 722 452 1324

548 539 573 567 '
619 546 686 595 26
721 540 852 600 Qn'zid
883 546 955 591 est
992 538 1199 603 obsecro]
1238 538 1415 604 Aliqui
1456 537 1607 588 omit·

555 628 677 672 tunt
695 620 755 668 τὸ
775 625 863 670 est.
888 619 1035 682 cupit
1051 617 1223 667 Clinia
1244 617 1440 678 audire,
1458 628 1613 679 quam

557 713 623 748 ex
647 699 760 761 ipsa
799 711 853 745 re
889 696 1244 759 conjecturam
1269 694 1527 757 ceperint,
1548 691 1614 740 de

555 774 668 825 vita
704 781 760 823 et
800 773 968 821 animo
1005 771 1315 834 Antiphilae:
1354 770 1439 818 dic
1472 768 1617 830 mihi,

557 850 778 900 obsecro
804 856 875 911 te,
896 846 1022 913 quid
1055 855 1137 897 est
1175 847 1323 903 illud,
1353 860 1453 911 quo
1491 845 1614 895 mihi

556 925 714 975 fidem
749 923 932 984 facias,
967 924 1127 973 vitam
1163 923 1486 986 animumque
1512 921 1616 971 An·

558 1001 757 1065 tiphilae
780 1014 1012 1061 manere,
1035 999 1199 1063 qualis
1222 996 1356 1048 fuit?
1400 998 1551 1048 Idem.

563 1088 569 1094 “
620 1083 688 1128 28
726 1078 800 1127 Ne
821 1077 932 1141 quid
954 1076 1091 1136 huius
1110 1075 1289 1139 rerum]
1315 1075 1466 1127 Quod
1491 1089 1618 1123 nnn-

559 1158 666 1208 ciet
683 1171 862 1207 servus
880 1171 1032 1205 anum
1054 1155 1289 1219 periisse,
1309 1169 1423 1219 quae
1445 1155 1492 1203 ei
1513 1169 1620 1203 ma·

560 1240 643 1283 ter
664 1247 778 1283 esse
801 1232 1095 1293 dicebatur,
1130 1231 1195 1280 ad
1232 1245 1439 1280 causam
1474 1230 1620 1279 mini-

560 1324 644 1360 me
688 1308 1004 1374 pertinebat.
1049 1307 1169 1357 ideo
1214 1306 1444 1370 adjecit:
1500 1305 1620 1355 Hoc

562 1386 784 1451 primum
811 1385 906 1433 tibi
944 1385 1082 1444 dico,
1120 1398 1186 1432 ne
1218 1383 1622 1447 aliquid‘harum

564 1463 978 1522 rerumignores.
1014 1458 1337 1522 Eugmphius.

568 1557 575 1564 ³
637 1542 707 1589 Ut
728 1554 785 1588 ne
802 1539 916 1601 quid
931 1535 1070 1598 hujus
1081 1535 1262 1598 reram]
1279 1534 1410 1584 Vide
1426 1532 1622 1598 Guyet.

570 1618 828 1668 Boeclerus.

628 1698 693 1743 30
739 1692 924 1742 Alterae
965 1692 1076 1740 dum
1126 1688 1317 1752 narrat]
1375 1686 1478 1740 Hic
1511 1688 1622 1750 jam

511 1761 521 1773 Ἀ
565 1769 853 1835 praemissio
875 1768 1091 1817 alterius
1107 1765 1416 1816 narrationis
1434 1763 1626 1814 effecta

567 1853 668 1896 est.
733 1845 876 1896 Nata
901 1851 982 1894 est
1021 1844 1246 1908 suspicio
1278 1850 1339 1892 ut
1373 1855 1628 1908 quaerere·

569 1934 672 1988 tur,
707 1921 927 1989 quaesit
962 1924 1160 1973 altera:
1196 1923 1346 1986 cujus
1369 1920 1625 1970 narratio·

565 2017 686 2052 nem
707 2000 915 2052 differt:
940 2003 1084 2066 prior
1106 2002 1242 2050 enim
1266 2007 1347 2050 est
1371 1999 1436 2048 de
1461 1998 1628 2048 amica

568 2080 753 2130 Cliniae
777 2079 1022 2128 narratio.
1056 2078 1386 2141 Eugraphius.

632 2156 697 2205 In
714 2156 889 2205 itinere
921 2157 1086 2206 ultera:
1118 2156 1230 2220 dum
1259 2151 1450 2214 narrat]
1482 2151 1628 2201 Pris-

569 2230 749 2281 cianus
772 2230 922 2294 hujus
944 2245 1123 2280 versus
1146 2230 1396 2292 'exemplo
1429 2228 1630 2292 ἀρχαῖσ-

568 2307 659 2370 μὸν
697 2308 841 2357 illum
877 2307 1109 2357 declarat
1142 2306 1231 2356 lib.
1279 2320 1356 2355 vr.
1398 2311 1453 2353 et
1497 2317 1630 2353 x111.

571 2387 832 2437 Boeclerus.

636 2460 842 2524 Alteroe]
887 2460 1072 2511 Alteri.
1115 2466 1174 2517 nt
1213 2460 1231 2491 ‘
1265 2457 1425 2509 nulli’
1465 2456 1632 2508 Andr.

575 2545 681 2589 act.
698 2551 787 2587 ιιι.
828 2552 900 2587 sc.
920 2544 970 2587 5.
995 2544 1050 2587 et
1071 2539 1087 2567 ⁴
1106 2537 1220 2587 soli’
1261 2536 1493 2587 Eunucb.
1527 2541 1631 2585 act.

573 2629 629 2666 v.
651 2629 727 2664 sc.
742 2619 793 2664 6.
816 2615 925 2665 Cic.
950 2615 985 2662 l.
1005 2628 1066 2663 n.
1088 2614 1154 2662 de
1172 2613 1354 2663 Divin.
1371 2613 1387 2640 ⁸
1407 2611 1523 2661 aliae
1542 2625 1632 2674 pe-

574 2689 758 2741 cudis-⁹
781 2689 873 2740 sed
905 2688 1026 2739 vide
1064 2689 1360 2741 Grammat.
1389 2693 1634 2737 nostram.

577 2766 864 2817 Far-nabitu.

556 2905 565 2915 .
640 2846 700 2893 sl
730 2843 957 2898 Quoenom
978 2846 1048 2891 est
1068 2842 1151 2890 illa
1171 2839 1344 2903 altera]
1376 2840 1521 2888 Bene
1545 2838 1633 2887 de-

578 2919 774 2969 siderat
823 2918 1053 2981 Clitipho
1096 2919 1193 2966 hoc
1250 2917 1404 2972 scire,
1450 2923 1505 2965 et
1546 2915 1635 2964 vix

579 2990 727 3062 aeq'uo
751 2994 922 3044 animo
941 2996 1159 3058 patitur,
1176 3008 1232 3044 se
1257 2992 1486 3053 differri:
1511 3008 1635 3057 qua-

578 3073 622 3121 si
649 3070 952 3136 presagiret
971 3068 1165 3135 aliquid
1189 3070 1253 3119 ad
1274 3084 1330 3120 se
1349 3070 1636 3134 pertinens.

578 3149 839 3199 Boeecem.

644 3230 707 3276 38
729 3227 845 3274 Jam
874 3224 1081 3288 mimum
1114 3219 1343 3284 omnnem]
1380 3220 1507 3270 Vita
1531 3219 1639 3269 An-

577 3302 618 3351 ti
625 3301 775 3365 pbilae
794 3302 1153 3363 cognoscenda
1168 3297 1342 3360 datur,
1357 3298 1640 3346 accuratis-

579 3379 707 3428 sima
733 3391 794 3426 ac
817 3390 967 3440 paene
989 3375 1196 3424 curiosa
1218 3372 1590 3437 descriptione,
1611 3387 1642 3422 a

582 3468 778 3504 summo
803 3453 866 3500 ad
892 3453 1066 3500 imum.
1102 3451 1252 3500 Idem.

648 3533 713 3579 84
751 3528 846 3577 Ubi
877 3533 1064 3577 ventum
1101 3529 1165 3575 ad
1198 3526 1345 3588 oedes]
1374 3525 1479 3575 Hic
1515 3539 1641 3589 ergo

584 3604 815 3654 breviter
853 3604 1022 3653 omnia
1075 3608 1398 3665 argumenta,
1451 3616 1567 3665 quae
1609 3616 1644 3649 a

584 3694 784 3729 summo
830 3678 895 3728 ad
936 3680 1090 3727 imum
1137 3684 1276 3739 sunt,
1304 3676 1641 3739 colligamus.

582 3754 666 3808 Ac
711 3755 929 3819 primum
975 3755 1282 3803 collocetur.
1365 3753 1524 3802 Casta
1560 3761 1644 3803 est

584 3833 786 3893 mulier,
802 3840 863 3881 ‘et
886 3829 1067 3880 eadem
1100 3844 1216 3894 quae
1240 3829 1338 3878 fuit
1361 3835 1504 3892 ante,
1527 3843 1641 3894 per·

587 3914 824 3959 severat:
861 3906 997 3971 quod
1020 3920 1148 3955 anus
1184 3906 1466 3968 processit:
1503 3905 1640 3971 quod

586 3985 775 4035 ostium
819 3982 1053 4045 aperuit:
1103 3981 1235 4046 quod
1279 3981 1525 4030 continuo
1568 3981 1644 4030 in·

586 4074 795 4127 gressus
831 4065 912 4108 est
944 4064 1152 4107 servus:
1189 4056 1325 4120 quod
1367 4064 1642 4122 postquam

583 4139 867 4202 ingressus,
890 4135 1062 4184 statim
1096 4147 1222 4183 auiis
1256 4133 1515 4196 pessulum
1540 4149 1645 4183 rur·

589 4226 674 4262 sus
692 4210 890 4261 foribus
908 4209 1088 4259 obdit:
1125 4208 1264 4273 quod
1286 4209 1350 4257 ad
1375 4210 1539 4258 lanam
1565 4225 1646 4259 re-

590 4286 703 4340 dit:
736 4285 878 4352 quod
911 4291 1180 4347 texentem
1219 4287 1377 4337 telam
1416 4288 1646 4338 studiose

1166 391 1171 396 ’
1248 395 1464 444 No'rAE
1510 387 1910 442 vARloRUM
1960 389 2039 440 IN

1686 536 1851 599 ipsam
1895 533 2185 585 invenerit:
2229 529 2365 598 qnod
2411 528 2744 581 mediocriter

1687 614 1963 663 vestitam:
1999 610 2137 676 quod
2176 610 2284 659 sine
2306 624 2465 659 auro:
2505 607 2650 673 quod
2671 606 2747 655 ita

1689 697 1943 751 ornatam,
1975 686 2403 754 quemadmodum
2449 684 2549 734 sibi
2601 698 2748 734 orna-

1691 774 1805 817 tur:
1841 759 1990 831 quod*
2014 765 2156 813 nulla
2192 764 2328 811 mala
2362 777 2418 811 re
2459 760 2749 824 expolitam

1689 843 1926 893 muliebri
1947 858 1960 891 ε
1999 842 2135 906 quod
2158 839 2376 903 capillus
2401 837 2469 887 ab
2494 852 2559 885 ea
2591 837 2750 901 rejec-

1692 930 1773 971 tus
1798 920 1991 970 circum
2014 925 2174 981 caput
2193 916 2364 965 fuerat
2386 914 2748 982 negligenter:

1691 997 1828 1065 quod
1853 1012 1969 1047 cum
1991 995 2175 1045 ancilla
2213 1009 2275 1043 ea
2314 992 2552 1053 texebat,
2573 989 2753 1054 pannis

1691 1078 1806 1140 ipsa
1827 1080 2091 1124 contexta.
2158 1071 2291 1120 Haec
2314 1077 2432 1118 sunt
2453 1083 2575 1133 quae
2601 1067 2754 1116 vitam

1691 1153 1936 1217 probant.
2020 1150 2215 1197 Rursus
2279 1145 2641 1209 subjungitur,
2693 1156 2755 1191 an

1692 1231 1832 1280 idem
1857 1227 2053 1276 animus
2093 1226 2234 1273 circa
2266 1222 2485 1273 Cliniam
2511 1234 2758 1284 perseve-

1697 1313 1794 1357 ret.
1858 1303 1989 1353 Ideo
2033 1299 2411 1362 interrogavit:
2459 1298 2478 1326 ‘
2506 1297 2652 1350 Quid
2688 1296 2758 1345 ait

1697 1382 1782 1432 ubi
1823 1395 1904 1429 me
1948 1378 2181 1428 nominas
2215 1376 2249 1425 ?’
2302 1374 2590 1438 Subjungit
2634 1374 2758 1422 ille:

1694 1461 1711 1490 ⁴
1730 1459 1837 1509 Ubi
1869 1457 2083 1506 dicimus
2108 1452 2300 1502 redisse
2323 1451 2416 1515 te,'
2442 1454 2548 1500 διο.
2619 1451 2757 1513 Ergo

1696 1544 1753 1587 et
1774 1537 1857 1586 hic
1896 1534 2199 1596 conjectura
2236 1536 2337 1592 est,
2370 1542 2435 1577 an
2467 1527 2622 1576 idem
2659 1524 2763 1576 ani·

1697 1628 1812 1662 mus
1856 1601 2175 1676 perseveret.
2250 1604 2545 1655 Probamus
2589 1609 2762 1653 autem

1699 1688 1836 1755 quod
1879 1691 2202 1752 perseveret,
2228 1697 2295 1733 ex
2317 1696 2400 1743 eo,
2438 1680 2581 1746 quod
2605 1677 2762 1729 nbi‘te

1697 1765 2092 1826 nominavimus,
2127 1763 2143 1790 ‘
2161 1760 2357 1810 Mulier
2379 1758 2543 1807 telam
2568 1755 2764 1804 deserit

1700 1841 1965 1900 contiuuo,
1982 1844 2034 1885 et
2057 1835 2297 1885 lacrumis
2314 1832 2498 1896 opplet
2519 1846 2576 1880 os
2598 1837 2764 1881 totum

1704 1916 1826 1978 sibi,
1844 1921 1901 1964 ut
1916 1913 2070 1963 facile
2093 1912 2271 1973 scires,
2289 1907 2552 1966 desiderio
2577 1906 2640 1956 'id
2677 1904 2768 1954 ‘fie-

1703 1993 1747 2041 ri
1772 1990 1898 2042 tuo!
1962 1988 2235 2051 Completa
2255 1986 2414 2050 igitur
2439 1983 2581 2033 omni
2608 1998 2687 2046 re,
2704 1980 2767 2031 ad
2836 2026 2842 2032 .

1703 2070 1920 2119 alteram
1944 2066 2291 2117 narrationem
2326 2063 2625 2122 necessario
2662 2061 2765 2111 cito

1702 2145 2019 2203 devolvitur,
2054 2149 2115 2191 ut
2146 2140 2390 2191 ostendat
2424 2151 2543 2204 quae
2585 2138 2680 2187 illa
2702 2138 2769 2186 al-

1705 2230 1818 2273 tera
1851 2223 1920 2271 sit
1956 2220 2159 2282 mulier,
2180 2217 2248 2267 de
2272 2229 2374 2283 qua
2393 2222 2518 2265 ante
2545 2215 2772 2265 dixerat.

1708 2296 2029 2361 Eugraphs‘us.

1769 2373 1939 2436 AEdes]
1961 2372 2173 2422 Servius
2197 2370 2248 2419 in
2273 2384 2333 2419 ιῐ.
2364 2369 2575 2419 AEneid.
2602 2368 2769 2418 Omne

1708 2451 1985 2503 :edificium
2008 2451 2132 2500 oedes
2154 2448 2417 2499 dicuntur.
2472 2445 2581 2496 Sed
2606 2445 2771 2495 Varro

1706 2532 1875 2580 locum
1899 2535 2121 2593 quatuor
2159 2525 2357 2588 angulis
2379 2518 2685 2573 conclusum
2708 2535 2772 2569 ε-

1708 2605 1825 2655 dem
1851 2604 2022 2654 vocari
2061 2601 2236 2651 docet.
2272 2608 2456 2649 revera
2490 2601 2623 2648 aedea
2660 2600 2770 2662 qum

1710 2684 1776 2732 ab
1804 2680 1940 2732 omui
1965 2685 2111 2743 parte
2135 2685 2276 2747 tecta
2300 2683 2400 2734 est,
2422 2689 2529 2723 non
2554 2674 2652 2724 sub
2674 2673 2772 2734 dio,

1708 2773 1810 2808 non
1832 2758 1982 2807 oculo
2003 2755 2199 2820 pervia,
2223 2751 2392 2814 ἀειδὴς,
2411 2749 2563 2810 ciffis.
2591 2751 2773 2801 Fam-

1709 2835 1829 2884 bias.
2641 2830 2644 2831 ’

1775 2915 1839 2961 40
1876 2906 2099 2969 Mulieri]
2122 2905 2428 2970 Antiphilae,
2463 2903 2659 2967 virgini
2689 2916 2773 2954 nu·

1711 2987 1822 3049 bili,
1838 2992 1898 3035 ut
1919 2998 1991 3033 sc.
2012 2987 2063 3033 2.
2085 2983 2236 3047 hujus
2262 2989 2367 3031 act.
2397 2984 2454 3031 et
2488 2994 2651 3044 snpra
2683 2980 2774 3028 hac

1713 3064 1829 3115 ead.
1851 3076 1924 3112 sc.
1945 3060 2097 3109 Idm.

1775 3142 1841 3188 43
1868 3137 1988 3193 Quae
2008 3135 2321 3197 cuiuscunque
2341 3132 2589 3194 ingenium
2610 3129 2772 3193 stt-sil]

1716 3214 1943 3278 Egregie
1991 3218 2250 3261 tractatur
2285 3209 2369 3259 hic
2407 3212 2556 3259 locus
2589 3210 2645 3259 in
2678 3208 2775 3258 1:³⁸2

1716 3290 1853 3340 toria
1889 3287 2149 3337 Lucretiae
2187 3284 2326 3350 apud
2367 3284 2578 3334 Livium
2615 3299 2657 3335 1.
2697 3288 2774 3334 57.

1716 3367 1976 3416 Boeczem.

1779 3447 1844 3494 44
1867 3443 2139 3501 Texentem,
2149 3436 2259 3502 ξω]
2274 3437 2353 3499 Ἐξ
2367 3435 2522 3485 ἱστίου
2540 3436 2638 3502 ’γὰρ
2655 3434 2775 3503 ἐκρέ-

1713 3540 1839 3584 ματο
1859 3516 2123 3584 φιλοπόνως
2142 3513 2281 3566 πάνυ.
2316 3515 2630 3566 Menander.
2653 3517 2774 3566 Far·

1714 3599 1901 3649 nultius.

1779 3679 1843 3724 46
1886 3673 2134 3735 Vestitum,
2153 3669 2262 3734 ξω]
2285 3667 2632 3732 Antiphilam.
2668 3668 2740 3719 Id.

1778 3755 1845 3801 46
1891 3749 2013 3809 Eius
2055 3747 2196 3797 anuis
2235 3742 2399 3806 causa]
2445 3743 2775 3795 Auctoritate

1714 3828 1865 3891 hujus
1905 3824 2007 3874 loci
2044 3822 2341 3872 Priscianus
2399 3820 2668 3886 antiquum
2706 3823 2771 3871 lo·

1717 3901 1910 3966 quendi
1932 3897 2335 3963 mor-emprobat
2349 3895 2554 3948 :libsvn
2575 3905 2635 3949 et
2681 3911 2769 3949 vn.

1717 3979 1980 4029 Boectms.
2515 3998 2520 4003 ‹

1783 4055 1938 4105 Annis
1959 4050 2118 4113 causa]
2141 4050 2370 4099 Veteres
2387 4049 2440 4098 in
2466 4057 2653 4114 quarta
2686 4049 2767 4099 de-

1717 4132 1840 4183 clin.
1864 4131 2129 4180 retinuere
2151 4126 2398 4190 gignendi
2433 4141 2607 4176 casum
2625 4127 2765 4176 inis.

1718 4215 1776 4257 ut
1796 4204 2188 4268 nunciasset-tuis,
2217 4202 2462 4266 Senatum,
2487 4204 2669 4255 testati
2684 4203 2765 4251 lm·

1710 4285 1803 4351 jus
1845 4278 2209 4335 declinationis
2243 4278 2570 4346 ungine-na
2604 4279 2763 4330 tertis.
