<?xml version="1.0" encoding="UTF-8"?>
<!DOCTYPE html PUBLIC "-//W3C//DTD XHTML 1.0 Transitional//EN"
    "http://www.w3.org/TR/xhtml1/DTD/xhtml1-transitional.dtd">
<html xmlns="http://www.w3.org/1999/xhtml" xml:lang="en" lang="en">
 <head>
  <title>
</title>
<meta http-equiv="Content-Type" content="text/html;charset=utf-8" />
  <meta name='ocr-system' content='tesseract 3.04.00' />
  <meta name='ocr-capabilities' content='ocr_page ocr_carea ocr_par ocr_line ocrx_word'/>
</head>
<body>
  <div class='ocr_page' id='page_1' title='image "./comoedisexvolum00westgoog_0390.png"; bbox 0 0 3035 4941; ppageno 0'>
   <div class='ocr_carea' id='block_1_1' title="bbox 568 336 744 406">
    <p class='ocr_par' dir='ltr' id='par_1_1' title="bbox 568 336 744 406">
     <span class='ocr_line' id='line_1_1' title="bbox 568 336 744 406; baseline -0.023 0"><span class='ocrx_word' id='word_1_1' title='bbox 568 336 744 406; x_wconf 70' lang='lat'>1416</span> 
     </span>
    </p>
   </div>
   <div class='ocr_carea' id='block_1_2' title="bbox 496 495 1637 4331">
    <p class='ocr_par' dir='ltr' id='par_1_2' title="bbox 496 495 1637 4331">
     <span class='ocr_line' id='line_1_2' title="bbox 570 495 1630 564; baseline -0.004 -14"><span class='ocrx_word' id='word_1_2' title='bbox 570 503 769 564; x_wconf 80' lang='lat' dir='ltr'>praeter</span> <span class='ocrx_word' id='word_1_3' title='bbox 790 496 893 548; x_wconf 83' lang='lat' dir='ltr'>vim</span> <span class='ocrx_word' id='word_1_4' title='bbox 914 502 971 547; x_wconf 89' lang='lat' dir='ltr'>et</span> <span class='ocrx_word' id='word_1_5' title='bbox 990 496 1174 560; x_wconf 82' lang='lat' dir='ltr'>minas,</span> <span class='ocrx_word' id='word_1_6' title='bbox 1196 500 1254 546; x_wconf 83' lang='lat' dir='ltr'>et</span> <span class='ocrx_word' id='word_1_7' title='bbox 1272 495 1489 563; x_wconf 85' lang='lat' dir='ltr'>deniqne</span> <span class='ocrx_word' id='word_1_8' title='bbox 1513 510 1630 561; x_wconf 86' lang='lat' dir='ltr'>pre·</span> 
     </span>
     <span class='ocr_line' id='line_1_3' title="bbox 571 573 1630 642; baseline -0.004 -15"><span class='ocrx_word' id='word_1_9' title='bbox 571 577 702 627; x_wconf 85' lang='lat' dir='ltr'>tium</span> <span class='ocrx_word' id='word_1_10' title='bbox 726 590 819 642; x_wconf 88' lang='lat' dir='ltr'>pro</span> <span class='ocrx_word' id='word_1_11' title='bbox 842 581 1029 638; x_wconf 81' lang='lat' dir='ltr'>erepta</span> <span class='ocrx_word' id='word_1_12' title='bbox 1049 574 1285 631; x_wconf 85' lang='lat' dir='ltr'>muliere,</span> <span class='ocrx_word' id='word_1_13' title='bbox 1319 573 1457 624; x_wconf 82' lang='lat' dir='ltr'>circa</span> <span class='ocrx_word' id='word_1_14' title='bbox 1488 587 1630 623; x_wconf 88' lang='lat' dir='ltr'>men-</span> 
     </span>
     <span class='ocr_line' id='line_1_4' title="bbox 570 648 1631 712; baseline -0.002 -9"><span class='ocrx_word' id='word_1_15' title='bbox 570 653 767 703; x_wconf 78' lang='lat' dir='ltr'>tionem</span> <span class='ocrx_word' id='word_1_16' title='bbox 792 650 1056 703; x_wconf 77' lang='lat' dir='ltr'>ulterioris</span> <span class='ocrx_word' id='word_1_17' title='bbox 1071 648 1460 712; x_wconf 67' lang='lat' dir='ltr'>satisfactionis,</span> <span class='ocrx_word' id='word_1_18' title='bbox 1480 650 1631 701; x_wconf 83' lang='lat' dir='ltr'>obtu-</span> 
     </span>
     <span class='ocr_line' id='line_1_5' title="bbox 567 727 1630 793; baseline -0.002 -13"><span class='ocrx_word' id='word_1_19' title='bbox 567 731 727 793; x_wconf 87' lang='lat' dir='ltr'>lerat,</span> <span class='ocrx_word' id='word_1_20' title='bbox 764 744 882 780; x_wconf 87' lang='lat' dir='ltr'>cum</span> <span class='ocrx_word' id='word_1_21' title='bbox 924 727 1149 791; x_wconf 75' lang='lat' dir='ltr'>videret,</span> <span class='ocrx_word' id='word_1_22' title='bbox 1201 727 1515 779; x_wconf 88' lang='lat' dir='ltr'>Sannionem</span> <span class='ocrx_word' id='word_1_23' title='bbox 1550 743 1630 779; x_wconf 90' lang='lat' dir='ltr'>re-</span> 
     </span>
     <span class='ocr_line' id='line_1_6' title="bbox 572 803 1631 870; baseline -0.003 -12"><span class='ocrx_word' id='word_1_24' title='bbox 572 820 757 858; x_wconf 85' lang='lat' dir='ltr'>cusare</span> <span class='ocrx_word' id='word_1_25' title='bbox 778 805 1095 870; x_wconf 77' lang='lat' dir='ltr'>pactionem,</span> <span class='ocrx_word' id='word_1_26' title='bbox 1114 803 1455 868; x_wconf 74' lang='lat' dir='ltr'>extemporali</span> <span class='ocrx_word' id='word_1_27' title='bbox 1488 811 1631 855; x_wconf 85' lang='lat' dir='ltr'>astu·</span> 
     </span>
     <span class='ocr_line' id='line_1_7' title="bbox 568 880 1631 944; baseline -0.002 -11"><span class='ocrx_word' id='word_1_28' title='bbox 568 882 647 933; x_wconf 86' lang='lat' dir='ltr'>tia</span> <span class='ocrx_word' id='word_1_29' title='bbox 667 881 938 934; x_wconf 77' lang='lat' dir='ltr'>calumuiae</span> <span class='ocrx_word' id='word_1_30' title='bbox 970 889 1165 932; x_wconf 89' lang='lat' dir='ltr'>metum</span> <span class='ocrx_word' id='word_1_31' title='bbox 1196 880 1390 944; x_wconf 82' lang='lat' dir='ltr'>injicit,</span> <span class='ocrx_word' id='word_1_32' title='bbox 1425 887 1480 931; x_wconf 88' lang='lat' dir='ltr'>et</span> <span class='ocrx_word' id='word_1_33' title='bbox 1519 882 1631 932; x_wconf 80' lang='lat' dir='ltr'>vin-</span> 
     </span>
     <span class='ocr_line' id='line_1_8' title="bbox 569 958 1630 1022; baseline -0.002 -12"><span class='ocrx_word' id='word_1_34' title='bbox 569 958 734 1010; x_wconf 82' lang='lat' dir='ltr'>dicias</span> <span class='ocrx_word' id='word_1_35' title='bbox 752 958 1011 1009; x_wconf 71' lang='lat' dir='ltr'>libertatis</span> <span class='ocrx_word' id='word_1_36' title='bbox 1035 958 1305 1022; x_wconf 76' lang='lat' dir='ltr'>praetexit,</span> <span class='ocrx_word' id='word_1_37' title='bbox 1327 958 1630 1022; x_wconf 77' lang='lat' dir='ltr'>confingens</span> 
     </span>
     <span class='ocr_line' id='line_1_9' title="bbox 567 1035 1632 1100; baseline 0 -14"><span class='ocrx_word' id='word_1_38' title='bbox 567 1036 787 1088; x_wconf 87' lang='lat' dir='ltr'>liberam</span> <span class='ocrx_word' id='word_1_39' title='bbox 809 1050 926 1086; x_wconf 89' lang='lat' dir='ltr'>esse</span> <span class='ocrx_word' id='word_1_40' title='bbox 947 1035 1234 1098; x_wconf 86' lang='lat' dir='ltr'>mulierem,</span> <span class='ocrx_word' id='word_1_41' title='bbox 1256 1049 1409 1100; x_wconf 85' lang='lat' dir='ltr'>quam</span> <span class='ocrx_word' id='word_1_42' title='bbox 1426 1036 1632 1100; x_wconf 87' lang='lat' dir='ltr'>eripue-</span> 
     </span>
     <span class='ocr_line' id='line_1_10' title="bbox 569 1111 1630 1178; baseline 0.001 -17"><span class='ocrx_word' id='word_1_43' title='bbox 569 1120 674 1164; x_wconf 88' lang='lat' dir='ltr'>rat.</span> <span class='ocrx_word' id='word_1_44' title='bbox 704 1128 759 1178; x_wconf 86' lang='lat' dir='ltr'>q.</span> <span class='ocrx_word' id='word_1_45' title='bbox 791 1112 847 1162; x_wconf 87' lang='lat' dir='ltr'>d.</span> <span class='ocrx_word' id='word_1_46' title='bbox 887 1114 904 1143; x_wconf 89' lang='lat'>‘</span> <span class='ocrx_word' id='word_1_47' title='bbox 922 1112 1063 1165; x_wconf 83' lang='lat' dir='ltr'>Quia</span> <span class='ocrx_word' id='word_1_48' title='bbox 1092 1111 1310 1163; x_wconf 80' lang='lat' dir='ltr'>liberam</span> <span class='ocrx_word' id='word_1_49' title='bbox 1339 1112 1630 1177; x_wconf 82' lang='lat' dir='ltr'>mulierem,</span> 
     </span>
     <span class='ocr_line' id='line_1_11' title="bbox 567 1187 1633 1254; baseline 0.001 -15"><span class='ocrx_word' id='word_1_50' title='bbox 567 1202 687 1253; x_wconf 67' lang='lat' dir='ltr'>quo</span> <span class='ocrx_word' id='word_1_51' title='bbox 713 1187 867 1239; x_wconf 81' lang='lat' dir='ltr'>vendi</span> <span class='ocrx_word' id='word_1_52' title='bbox 900 1202 1003 1238; x_wconf 90' lang='lat' dir='ltr'>non</span> <span class='ocrx_word' id='word_1_53' title='bbox 1038 1194 1237 1253; x_wconf 88' lang='lat' dir='ltr'>potest,</span> <span class='ocrx_word' id='word_1_54' title='bbox 1273 1190 1501 1242; x_wconf 79' lang='lat' dir='ltr'>alienare</span> <span class='ocrx_word' id='word_1_55' title='bbox 1535 1190 1633 1254; x_wconf 79' lang='lat' dir='ltr'>vis,</span> 
     </span>
     <span class='ocr_line' id='line_1_12' title="bbox 568 1263 1636 1328; baseline 0.006 -15"><span class='ocrx_word' id='word_1_56' title='bbox 568 1278 669 1328; x_wconf 89' lang='lat' dir='ltr'>ego</span> <span class='ocrx_word' id='word_1_57' title='bbox 690 1264 835 1314; x_wconf 84' lang='lat' dir='ltr'>illam</span> <span class='ocrx_word' id='word_1_58' title='bbox 872 1263 1076 1316; x_wconf 82' lang='lat' dir='ltr'>liberali</span> <span class='ocrx_word' id='word_1_59' title='bbox 1110 1280 1267 1318; x_wconf 86' lang='lat' dir='ltr'>cansa</span> <span class='ocrx_word' id='word_1_60' title='bbox 1284 1266 1334 1315; x_wconf 86' lang='lat' dir='ltr'>h.</span> <span class='ocrx_word' id='word_1_61' title='bbox 1358 1282 1406 1318; x_wconf 90' lang='lat' dir='ltr'>e.</span> <span class='ocrx_word' id='word_1_62' title='bbox 1431 1267 1636 1319; x_wconf 83' lang='lat' dir='ltr'>directa</span> 
     </span>
     <span class='ocr_line' id='line_1_13' title="bbox 566 1338 1632 1406; baseline 0.006 -17"><span class='ocrx_word' id='word_1_63' title='bbox 566 1338 724 1404; x_wconf 85' lang='lat' dir='ltr'>legis,</span> <span class='ocrx_word' id='word_1_64' title='bbox 761 1353 864 1406; x_wconf 82' lang='lat' dir='ltr'>qua</span> <span class='ocrx_word' id='word_1_65' title='bbox 904 1341 1098 1393; x_wconf 91' lang='lat' dir='ltr'>liberos</span> <span class='ocrx_word' id='word_1_66' title='bbox 1130 1342 1359 1394; x_wconf 85' lang='lat' dir='ltr'>homines</span> <span class='ocrx_word' id='word_1_67' title='bbox 1396 1343 1632 1395; x_wconf 78' lang='lat' dir='ltr'>‘alienare</span> 
     </span>
     <span class='ocr_line' id='line_1_14' title="bbox 569 1415 1634 1485; baseline 0.008 -21"><span class='ocrx_word' id='word_1_68' title='bbox 569 1415 885 1480; x_wconf 86' lang='lat' dir='ltr'>prohibitum</span> <span class='ocrx_word' id='word_1_69' title='bbox 922 1425 1024 1482; x_wconf 92' lang='lat' dir='ltr'>est,</span> <span class='ocrx_word' id='word_1_70' title='bbox 1060 1420 1285 1485; x_wconf 87' lang='lat' dir='ltr'>actione,</span> <span class='ocrx_word' id='word_1_71' title='bbox 1317 1436 1491 1473; x_wconf 84' lang='lat' dir='ltr'>assero</span> <span class='ocrx_word' id='word_1_72' title='bbox 1527 1437 1634 1472; x_wconf 85' lang='lat' dir='ltr'>ma·</span> 
     </span>
     <span class='ocr_line' id='line_1_15' title="bbox 567 1491 1635 1550; baseline 0.008 -9"><span class='ocrx_word' id='word_1_73' title='bbox 567 1491 674 1543; x_wconf 66' lang='lat' dir='ltr'>nu!</span> <span class='ocrx_word' id='word_1_74' title='bbox 702 1492 837 1544; x_wconf 81' lang='lat' dir='ltr'>Haec</span> <span class='ocrx_word' id='word_1_75' title='bbox 856 1494 1215 1547; x_wconf 81' lang='lat' dir='ltr'>Jureconsulti</span> <span class='ocrx_word' id='word_1_76' title='bbox 1233 1497 1456 1548; x_wconf 86' lang='lat' dir='ltr'>celebris</span> <span class='ocrx_word' id='word_1_77' title='bbox 1473 1499 1635 1550; x_wconf 80' lang='lat' dir='ltr'>verba</span> 
     </span>
     <span class='ocr_line' id='line_1_16' title="bbox 571 1570 1635 1636; baseline 0.005 -17"><span class='ocrx_word' id='word_1_78' title='bbox 571 1583 684 1619; x_wconf 89' lang='lat' dir='ltr'>rem</span> <span class='ocrx_word' id='word_1_79' title='bbox 707 1570 835 1620; x_wconf 85' lang='lat' dir='ltr'>satis</span> <span class='ocrx_word' id='word_1_80' title='bbox 856 1571 1156 1636; x_wconf 81' lang='lat' dir='ltr'>explanant,</span> <span class='ocrx_word' id='word_1_81' title='bbox 1174 1571 1218 1622; x_wconf 90' lang='lat' dir='ltr'>si</span> <span class='ocrx_word' id='word_1_82' title='bbox 1241 1573 1394 1625; x_wconf 89' lang='lat' dir='ltr'>modo</span> <span class='ocrx_word' id='word_1_83' title='bbox 1416 1581 1635 1626; x_wconf 79' lang='lat' dir='ltr'>contex-</span> 
     </span>
     <span class='ocr_line' id='line_1_17' title="bbox 568 1646 1637 1714; baseline 0.007 -18"><span class='ocrx_word' id='word_1_84' title='bbox 568 1650 658 1697; x_wconf 84' lang='lat' dir='ltr'>tus</span> <span class='ocrx_word' id='word_1_85' title='bbox 698 1646 884 1698; x_wconf 63' lang='lat' dir='ltr'>Poeta</span> <span class='ocrx_word' id='word_1_86' title='bbox 927 1648 1141 1714; x_wconf 85' lang='lat' dir='ltr'>propius</span> <span class='ocrx_word' id='word_1_87' title='bbox 1182 1651 1502 1704; x_wconf 85' lang='lat' dir='ltr'>attendatur.</span> <span class='ocrx_word' id='word_1_88' title='bbox 1556 1652 1637 1704; x_wconf 87' lang='lat' dir='ltr'>ita</span> 
     </span>
     <span class='ocr_line' id='line_1_18' title="bbox 570 1723 1633 1785; baseline 0.008 -12"><span class='ocrx_word' id='word_1_89' title='bbox 570 1723 707 1774; x_wconf 91' lang='lat' dir='ltr'>enim</span> <span class='ocrx_word' id='word_1_90' title='bbox 751 1724 916 1776; x_wconf 79' lang='lat' dir='ltr'>voluit</span> <span class='ocrx_word' id='word_1_91' title='bbox 971 1725 1148 1785; x_wconf 83' lang='lat' dir='ltr'>dicere</span> <span class='ocrx_word' id='word_1_92' title='bbox 1200 1726 1508 1780; x_wconf 80' lang='lat' dir='ltr'>AEsehinus:</span> <span class='ocrx_word' id='word_1_93' title='bbox 1555 1730 1633 1780; x_wconf 86' lang='lat' dir='ltr'>Tu</span> 
     </span>
     <span class='ocr_line' id='line_1_19' title="bbox 568 1799 1635 1869; baseline 0.007 -19"><span class='ocrx_word' id='word_1_94' title='bbox 568 1799 723 1864; x_wconf 86' lang='lat' dir='ltr'>dicis,</span> <span class='ocrx_word' id='word_1_95' title='bbox 742 1801 1110 1866; x_wconf 25' lang='lat' dir='ltr'>Sannio,rcogi</span> <span class='ocrx_word' id='word_1_96' title='bbox 1146 1808 1202 1854; x_wconf 81' lang='lat' dir='ltr'>te</span> <span class='ocrx_word' id='word_1_97' title='bbox 1236 1817 1340 1854; x_wconf 89' lang='lat' dir='ltr'>non</span> <span class='ocrx_word' id='word_1_98' title='bbox 1371 1818 1543 1869; x_wconf 88' lang='lat' dir='ltr'>posse,</span> <span class='ocrx_word' id='word_1_99' title='bbox 1575 1815 1635 1859; x_wconf 85' lang='lat' dir='ltr'>ut</span> 
     </span>
     <span class='ocr_line' id='line_1_20' title="bbox 567 1877 1634 1934; baseline 0.007 -8"><span class='ocrx_word' id='word_1_100' title='bbox 567 1877 696 1927; x_wconf 85' lang='lat' dir='ltr'>mihi</span> <span class='ocrx_word' id='word_1_101' title='bbox 731 1878 927 1930; x_wconf 77' lang='lat' dir='ltr'>vendas</span> <span class='ocrx_word' id='word_1_102' title='bbox 962 1879 1249 1931; x_wconf 88' lang='lat' dir='ltr'>mulierem.</span> <span class='ocrx_word' id='word_1_103' title='bbox 1281 1887 1443 1932; x_wconf 86' lang='lat' dir='ltr'>recte.</span> <span class='ocrx_word' id='word_1_104' title='bbox 1509 1882 1634 1934; x_wconf 85' lang='lat' dir='ltr'>Non</span> 
     </span>
     <span class='ocr_line' id='line_1_21' title="bbox 567 1955 1632 2022; baseline 0.008 -19"><span class='ocrx_word' id='word_1_105' title='bbox 567 1968 753 2018; x_wconf 82' lang='lat' dir='ltr'>cogam</span> <span class='ocrx_word' id='word_1_106' title='bbox 797 1961 867 2006; x_wconf 85' lang='lat' dir='ltr'>te.</span> <span class='ocrx_word' id='word_1_107' title='bbox 932 1955 1050 2008; x_wconf 86' lang='lat' dir='ltr'>Imo</span> <span class='ocrx_word' id='word_1_108' title='bbox 1084 1956 1373 2022; x_wconf 88' lang='lat' dir='ltr'>ostendam,</span> <span class='ocrx_word' id='word_1_109' title='bbox 1411 1972 1510 2009; x_wconf 90' lang='lat' dir='ltr'>nec</span> <span class='ocrx_word' id='word_1_110' title='bbox 1548 1958 1632 2011; x_wconf 82' lang='lat' dir='ltr'>fas</span> 
     </span>
     <span class='ocr_line' id='line_1_22' title="bbox 571 2032 1633 2102; baseline 0.008 -21"><span class='ocrx_word' id='word_1_111' title='bbox 571 2032 669 2082; x_wconf 89' lang='lat' dir='ltr'>tibi</span> <span class='ocrx_word' id='word_1_112' title='bbox 690 2046 822 2098; x_wconf 85' lang='lat' dir='ltr'>esse,</span> <span class='ocrx_word' id='word_1_113' title='bbox 844 2033 929 2084; x_wconf 79' lang='lat' dir='ltr'>vel</span> <span class='ocrx_word' id='word_1_114' title='bbox 959 2034 1085 2084; x_wconf 87' lang='lat' dir='ltr'>mihi</span> <span class='ocrx_word' id='word_1_115' title='bbox 1119 2037 1201 2086; x_wconf 85' lang='lat' dir='ltr'>vel</span> <span class='ocrx_word' id='word_1_116' title='bbox 1225 2035 1464 2102; x_wconf 88' lang='lat' dir='ltr'>cuiquam</span> <span class='ocrx_word' id='word_1_117' title='bbox 1495 2053 1633 2090; x_wconf 87' lang='lat' dir='ltr'>mor-</span> 
     </span>
     <span class='ocr_line' id='line_1_23' title="bbox 567 2108 1635 2180; baseline 0.005 -22"><span class='ocrx_word' id='word_1_118' title='bbox 567 2108 750 2159; x_wconf 80' lang='lat' dir='ltr'>talium</span> <span class='ocrx_word' id='word_1_119' title='bbox 768 2124 881 2161; x_wconf 84' lang='lat' dir='ltr'>eam</span> <span class='ocrx_word' id='word_1_120' title='bbox 899 2110 1144 2164; x_wconf 86' lang='lat' dir='ltr'>vendere.</span> <span class='ocrx_word' id='word_1_121' title='bbox 1177 2113 1369 2165; x_wconf 84' lang='lat' dir='ltr'>Libera</span> <span class='ocrx_word' id='word_1_122' title='bbox 1379 2121 1464 2165; x_wconf 88' lang='lat' dir='ltr'>est</span> <span class='ocrx_word' id='word_1_123' title='bbox 1479 2115 1635 2180; x_wconf 89' lang='lat' dir='ltr'>enim,</span> 
     </span>
     <span class='ocr_line' id='line_1_24' title="bbox 566 2183 1632 2257; baseline 0.007 -22"><span class='ocrx_word' id='word_1_124' title='bbox 566 2183 906 2251; x_wconf 69' lang='grc' dir='ltr'>(στρατήγημα</span> <span class='ocrx_word' id='word_1_125' title='bbox 924 2186 1252 2253; x_wconf 69' lang='grc' dir='ltr'>ἀγωνιστικὸν,</span> <span class='ocrx_word' id='word_1_126' title='bbox 1266 2190 1366 2241; x_wconf 85' lang='lat' dir='ltr'>hoc</span> <span class='ocrx_word' id='word_1_127' title='bbox 1379 2195 1481 2253; x_wconf 81' lang='lat' dir='ltr'>est,</span> <span class='ocrx_word' id='word_1_128' title='bbox 1492 2191 1632 2257; x_wconf 88' lang='lat' dir='ltr'>quod</span> 
     </span>
     <span class='ocr_line' id='line_1_25' title="bbox 566 2264 1635 2331; baseline 0.005 -16"><span class='ocrx_word' id='word_1_129' title='bbox 566 2264 864 2330; x_wconf 62' lang='lat' dir='ltr'>interjicit)</span> <span class='ocrx_word' id='word_1_130' title='bbox 882 2280 1037 2331; x_wconf 91' lang='lat' dir='ltr'>quam</span> <span class='ocrx_word' id='word_1_131' title='bbox 1075 2272 1133 2317; x_wconf 93' lang='lat' dir='ltr'>tu</span> <span class='ocrx_word' id='word_1_132' title='bbox 1167 2268 1422 2319; x_wconf 79' lang='lat' dir='ltr'>hactenus</span> <span class='ocrx_word' id='word_1_133' title='bbox 1452 2275 1509 2320; x_wconf 90' lang='lat' dir='ltr'>nt</span> <span class='ocrx_word' id='word_1_134' title='bbox 1530 2285 1635 2320; x_wconf 88' lang='lat' dir='ltr'>ser·</span> 
     </span>
     <span class='ocr_line' id='line_1_26' title="bbox 566 2343 1632 2406; baseline 0.006 -15"><span class='ocrx_word' id='word_1_135' title='bbox 566 2356 707 2406; x_wconf 82' lang='lat' dir='ltr'>vam,</span> <span class='ocrx_word' id='word_1_136' title='bbox 728 2350 788 2394; x_wconf 88' lang='lat' dir='ltr'>ut</span> <span class='ocrx_word' id='word_1_137' title='bbox 813 2344 1047 2393; x_wconf 80' lang='lat' dir='ltr'>venalem</span> <span class='ocrx_word' id='word_1_138' title='bbox 1071 2343 1364 2396; x_wconf 78' lang='lat' dir='ltr'>detinuisti.</span> <span class='ocrx_word' id='word_1_139' title='bbox 1428 2346 1508 2395; x_wconf 88' lang='lat' dir='ltr'>Eo</span> <span class='ocrx_word' id='word_1_140' title='bbox 1542 2361 1632 2397; x_wconf 91' lang='lat' dir='ltr'>no·</span> 
     </span>
     <span class='ocr_line' id='line_1_27' title="bbox 566 2418 1631 2489; baseline 0.007 -20"><span class='ocrx_word' id='word_1_141' title='bbox 566 2418 709 2469; x_wconf 91' lang='lat' dir='ltr'>mine</span> <span class='ocrx_word' id='word_1_142' title='bbox 732 2426 787 2469; x_wconf 85' lang='lat' dir='ltr'>te</span> <span class='ocrx_word' id='word_1_143' title='bbox 809 2419 863 2468; x_wconf 91' lang='lat' dir='ltr'>in</span> <span class='ocrx_word' id='word_1_144' title='bbox 889 2419 979 2484; x_wconf 85' lang='lat' dir='ltr'>jus</span> <span class='ocrx_word' id='word_1_145' title='bbox 1012 2422 1228 2484; x_wconf 80' lang='lat' dir='ltr'>vocabo,</span> <span class='ocrx_word' id='word_1_146' title='bbox 1250 2429 1555 2489; x_wconf 86' lang='lat' dir='ltr'>assertaque</span> <span class='ocrx_word' id='word_1_147' title='bbox 1576 2424 1631 2475; x_wconf 91' lang='lat' dir='ltr'>in</span> 
     </span>
     <span class='ocr_line' id='line_1_28' title="bbox 566 2495 1632 2565; baseline 0.005 -18"><span class='ocrx_word' id='word_1_148' title='bbox 566 2495 869 2549; x_wconf 86' lang='lat' dir='ltr'>libertatem</span> <span class='ocrx_word' id='word_1_149' title='bbox 891 2497 1126 2563; x_wconf 86' lang='lat' dir='ltr'>muliere,</span> <span class='ocrx_word' id='word_1_150' title='bbox 1148 2507 1207 2550; x_wconf 88' lang='lat' dir='ltr'>ut</span> <span class='ocrx_word' id='word_1_151' title='bbox 1225 2500 1335 2550; x_wconf 88' lang='lat' dir='ltr'>sine</span> <span class='ocrx_word' id='word_1_152' title='bbox 1353 2501 1492 2551; x_wconf 90' lang='lat' dir='ltr'>omni</span> <span class='ocrx_word' id='word_1_153' title='bbox 1514 2516 1632 2565; x_wconf 88' lang='lat' dir='ltr'>pre·</span> 
     </span>
     <span class='ocr_line' id='line_1_29' title="bbox 566 2573 1633 2639; baseline 0.004 -15"><span class='ocrx_word' id='word_1_154' title='bbox 566 2573 642 2624; x_wconf 82' lang='lat' dir='ltr'>tio</span> <span class='ocrx_word' id='word_1_155' title='bbox 663 2588 776 2624; x_wconf 88' lang='lat' dir='ltr'>eam</span> <span class='ocrx_word' id='word_1_156' title='bbox 816 2574 1080 2625; x_wconf 82' lang='lat' dir='ltr'>dimittere</span> <span class='ocrx_word' id='word_1_157' title='bbox 1111 2576 1338 2639; x_wconf 83' lang='lat' dir='ltr'>cogaris,</span> <span class='ocrx_word' id='word_1_158' title='bbox 1360 2577 1463 2627; x_wconf 92' lang='lat' dir='ltr'>imo</span> <span class='ocrx_word' id='word_1_159' title='bbox 1496 2578 1633 2628; x_wconf 88' lang='lat' dir='ltr'>ultro</span> 
     </span>
     <span class='ocr_line' id='line_1_30' title="bbox 565 2649 1631 2717; baseline 0.005 -17"><span class='ocrx_word' id='word_1_160' title='bbox 565 2650 815 2714; x_wconf 86' lang='lat' dir='ltr'>puniaris,</span> <span class='ocrx_word' id='word_1_161' title='bbox 854 2649 1098 2703; x_wconf 86' lang='lat' dir='ltr'>efficiam.</span> <span class='ocrx_word' id='word_1_162' title='bbox 1162 2652 1301 2702; x_wconf 83' lang='lat' dir='ltr'>Vide</span> <span class='ocrx_word' id='word_1_163' title='bbox 1337 2667 1481 2717; x_wconf 88' lang='lat' dir='ltr'>ergo,</span> <span class='ocrx_word' id='word_1_164' title='bbox 1510 2667 1631 2705; x_wconf 88' lang='lat' dir='ltr'>num</span> 
     </span>
     <span class='ocr_line' id='line_1_31' title="bbox 566 2726 1631 2794; baseline 0.007 -18"><span class='ocrx_word' id='word_1_165' title='bbox 566 2728 731 2778; x_wconf 84' lang='lat' dir='ltr'>satius</span> <span class='ocrx_word' id='word_1_166' title='bbox 752 2726 838 2791; x_wconf 84' lang='lat' dir='ltr'>sit,</span> <span class='ocrx_word' id='word_1_167' title='bbox 872 2733 1147 2792; x_wconf 85' lang='lat' dir='ltr'>argentum</span> <span class='ocrx_word' id='word_1_168' title='bbox 1181 2729 1322 2794; x_wconf 86' lang='lat' dir='ltr'>quod</span> <span class='ocrx_word' id='word_1_169' title='bbox 1357 2730 1522 2781; x_wconf 88' lang='lat' dir='ltr'>obtuli</span> <span class='ocrx_word' id='word_1_170' title='bbox 1545 2747 1631 2782; x_wconf 89' lang='lat' dir='ltr'>ac·</span> 
     </span>
     <span class='ocr_line' id='line_1_32' title="bbox 568 2802 1634 2868; baseline 0.007 -15"><span class='ocrx_word' id='word_1_171' title='bbox 568 2802 766 2868; x_wconf 79' lang='lat' dir='ltr'>cipere,</span> <span class='ocrx_word' id='word_1_172' title='bbox 794 2804 891 2855; x_wconf 59' lang='lat' dir='ltr'>fan</span> <span class='ocrx_word' id='word_1_173' title='bbox 927 2819 1134 2856; x_wconf 87' lang='lat' dir='ltr'>causam</span> <span class='ocrx_word' id='word_1_174' title='bbox 1177 2807 1420 2858; x_wconf 89' lang='lat' dir='ltr'>meditari</span> <span class='ocrx_word' id='word_1_175' title='bbox 1453 2807 1634 2860; x_wconf 86' lang='lat' dir='ltr'>tuam.’</span> 
     </span>
     <span class='ocr_line' id='line_1_33' title="bbox 566 2879 1636 2947; baseline 0.007 -17"><span class='ocrx_word' id='word_1_176' title='bbox 566 2879 739 2944; x_wconf 73' lang='lat' dir='ltr'>HuJus</span> <span class='ocrx_word' id='word_1_177' title='bbox 752 2880 956 2932; x_wconf 67' lang='lat' dir='ltr'>astutiae</span> <span class='ocrx_word' id='word_1_178' title='bbox 976 2881 1254 2947; x_wconf 82' lang='lat' dir='ltr'>Pamphilo</span> <span class='ocrx_word' id='word_1_179' title='bbox 1270 2884 1382 2935; x_wconf 80' lang='lat' dir='ltr'>liaec</span> <span class='ocrx_word' id='word_1_180' title='bbox 1404 2885 1636 2938; x_wconf 86' lang='lat' dir='ltr'>subsidia</span> 
     </span>
     <span class='ocr_line' id='line_1_34' title="bbox 564 2959 1635 3024; baseline 0.006 -16"><span class='ocrx_word' id='word_1_181' title='bbox 564 2964 946 3024; x_wconf 72' lang='lat' dir='ltr'>praestoerant,</span> <span class='ocrx_word' id='word_1_182' title='bbox 964 2959 1105 3024; x_wconf 87' lang='lat' dir='ltr'>quod</span> <span class='ocrx_word' id='word_1_183' title='bbox 1122 2960 1332 3012; x_wconf 87' lang='lat' dir='ltr'>lenones</span> <span class='ocrx_word' id='word_1_184' title='bbox 1351 2962 1500 3013; x_wconf 86' lang='lat' dir='ltr'>valde</span> <span class='ocrx_word' id='word_1_185' title='bbox 1526 2965 1635 3014; x_wconf 86' lang='lat' dir='ltr'>vul-</span> 
     </span>
     <span class='ocr_line' id='line_1_35' title="bbox 567 3037 1635 3105; baseline 0.005 -20"><span class='ocrx_word' id='word_1_186' title='bbox 567 3050 633 3100; x_wconf 83' lang='lat' dir='ltr'>go</span> <span class='ocrx_word' id='word_1_187' title='bbox 666 3037 899 3101; x_wconf 83' lang='lat' dir='ltr'>suspecti</span> <span class='ocrx_word' id='word_1_188' title='bbox 933 3042 1129 3096; x_wconf 85' lang='lat' dir='ltr'>essent,</span> <span class='ocrx_word' id='word_1_189' title='bbox 1163 3045 1408 3105; x_wconf 89' lang='lat' dir='ltr'>tanquam</span> <span class='ocrx_word' id='word_1_190' title='bbox 1447 3040 1537 3105; x_wconf 91' lang='lat' dir='ltr'>qui</span> <span class='ocrx_word' id='word_1_191' title='bbox 1572 3041 1635 3090; x_wconf 86' lang='lat' dir='ltr'>li·</span> 
     </span>
     <span class='ocr_line' id='line_1_36' title="bbox 564 3111 1635 3177; baseline 0.006 -15"><span class='ocrx_word' id='word_1_192' title='bbox 564 3111 718 3162; x_wconf 80' lang='lat' dir='ltr'>beras</span> <span class='ocrx_word' id='word_1_193' title='bbox 761 3114 979 3177; x_wconf 85' lang='lat' dir='ltr'>puellas,</span> <span class='ocrx_word' id='word_1_194' title='bbox 1030 3113 1284 3165; x_wconf 85' lang='lat' dir='ltr'>abductas</span> <span class='ocrx_word' id='word_1_195' title='bbox 1324 3116 1509 3167; x_wconf 76' lang='lat' dir='ltr'>,alibi</span> <span class='ocrx_word' id='word_1_196' title='bbox 1544 3125 1635 3169; x_wconf 89' lang='lat' dir='ltr'>aut</span> 
     </span>
     <span class='ocr_line' id='line_1_37' title="bbox 563 3190 1632 3258; baseline 0.006 -20"><span class='ocrx_word' id='word_1_197' title='bbox 563 3196 768 3254; x_wconf 87' lang='lat' dir='ltr'>raptas,</span> <span class='ocrx_word' id='word_1_198' title='bbox 784 3204 885 3241; x_wconf 86' lang='lat' dir='ltr'>nec</span> <span class='ocrx_word' id='word_1_199' title='bbox 902 3190 1201 3256; x_wconf 77' lang='lat' dir='ltr'>ignorantes</span> <span class='ocrx_word' id='word_1_200' title='bbox 1218 3191 1390 3258; x_wconf 90' lang='lat' dir='ltr'>modo,</span> <span class='ocrx_word' id='word_1_201' title='bbox 1412 3193 1503 3244; x_wconf 91' lang='lat' dir='ltr'>sed</span> <span class='ocrx_word' id='word_1_202' title='bbox 1531 3195 1632 3245; x_wconf 88' lang='lat' dir='ltr'>sci-</span> 
     </span>
     <span class='ocr_line' id='line_1_38' title="bbox 564 3260 1635 3336; baseline 0.007 -21"><span class='ocrx_word' id='word_1_203' title='bbox 564 3274 713 3316; x_wconf 83' lang='lat' dir='ltr'>entes</span> <span class='ocrx_word' id='word_1_204' title='bbox 727 3281 869 3330; x_wconf 78' lang='lat' dir='ltr'>saepe</span> <span class='ocrx_word' id='word_1_205' title='bbox 882 3274 1239 3318; x_wconf 84' lang='lat' dir='ltr'>mercarentur</span> <span class='ocrx_word' id='word_1_206' title='bbox 1253 3286 1267 3319; x_wconf 75' lang='grc' dir='ltr'><strong>ι</strong></span> <span class='ocrx_word' id='word_1_207' title='bbox 1293 3260 1456 3336; x_wconf 79' lang='lat' dir='ltr'>eoque</span> <span class='ocrx_word' id='word_1_208' title='bbox 1469 3286 1635 3336; x_wconf 83' lang='lat' dir='ltr'>quaes·</span> 
     </span>
     <span class='ocr_line' id='line_1_39' title="bbox 563 3343 1634 3413; baseline 0.007 -21"><span class='ocrx_word' id='word_1_209' title='bbox 563 3348 648 3393; x_wconf 86' lang='lat' dir='ltr'>tus</span> <span class='ocrx_word' id='word_1_210' title='bbox 671 3343 899 3408; x_wconf 90' lang='lat' dir='ltr'>ipsorum</span> <span class='ocrx_word' id='word_1_211' title='bbox 923 3344 1062 3409; x_wconf 90' lang='lat' dir='ltr'>apud</span> <span class='ocrx_word' id='word_1_212' title='bbox 1091 3345 1325 3410; x_wconf 87' lang='lat' dir='ltr'>judices,</span> <span class='ocrx_word' id='word_1_213' title='bbox 1348 3347 1403 3398; x_wconf 91' lang='lat' dir='ltr'>in</span> <span class='ocrx_word' id='word_1_214' title='bbox 1429 3348 1634 3413; x_wconf 84' lang='lat' dir='ltr'>judicio</span> 
     </span>
     <span class='ocr_line' id='line_1_40' title="bbox 560 3419 1634 3484; baseline 0.009 -17"><span class='ocrx_word' id='word_1_215' title='bbox 560 3419 838 3484; x_wconf 85' lang='lat' dir='ltr'>libertatis,</span> <span class='ocrx_word' id='word_1_216' title='bbox 881 3435 1063 3484; x_wconf 85' lang='lat' dir='ltr'>parum</span> <span class='ocrx_word' id='word_1_217' title='bbox 1119 3429 1262 3474; x_wconf 88' lang='lat' dir='ltr'>esset</span> <span class='ocrx_word' id='word_1_218' title='bbox 1312 3421 1634 3478; x_wconf 80' lang='lat' dir='ltr'>favorabilis.</span> 
     </span>
     <span class='ocr_line' id='line_1_41' title="bbox 564 3493 1631 3558; baseline 0.009 -15"><span class='ocrx_word' id='word_1_219' title='bbox 564 3493 726 3558; x_wconf 85' lang='lat' dir='ltr'>Apud</span> <span class='ocrx_word' id='word_1_220' title='bbox 758 3495 1005 3546; x_wconf 88' lang='lat' dir='ltr'>Plautum</span> <span class='ocrx_word' id='word_1_221' title='bbox 1025 3497 1076 3546; x_wconf 88' lang='lat' dir='ltr'>in</span> <span class='ocrx_word' id='word_1_222' title='bbox 1100 3496 1266 3549; x_wconf 80' lang='lat' dir='ltr'>Persa</span> <span class='ocrx_word' id='word_1_223' title='bbox 1297 3513 1377 3550; x_wconf 69' lang='grc' dir='ltr'>ιν.</span> <span class='ocrx_word' id='word_1_224' title='bbox 1399 3505 1448 3550; x_wconf 84' lang='grc'>9.</span> <span class='ocrx_word' id='word_1_225' title='bbox 1489 3503 1506 3531; x_wconf 87' lang='lat'>‘</span> <span class='ocrx_word' id='word_1_226' title='bbox 1526 3517 1631 3553; x_wconf 89' lang='lat' dir='ltr'>am·</span> 
     </span>
     <span class='ocr_line' id='line_1_42' title="bbox 496 3566 1633 3638; baseline 0.009 -21"><span class='ocrx_word' id='word_1_227' title='bbox 496 3566 497 3573; x_wconf 76' lang='grc'>’</span> <span class='ocrx_word' id='word_1_228' title='bbox 565 3567 693 3618; x_wconf 89' lang='lat' dir='ltr'>bula</span> <span class='ocrx_word' id='word_1_229' title='bbox 710 3568 763 3619; x_wconf 89' lang='lat' dir='ltr'>in</span> <span class='ocrx_word' id='word_1_230' title='bbox 777 3569 862 3634; x_wconf 89' lang='lat' dir='ltr'>jus</span> <span class='ocrx_word' id='word_1_231' title='bbox 885 3571 1003 3620; x_wconf 91' lang='lat' dir='ltr'>leno</span> <span class='ocrx_word' id='word_1_232' title='bbox 1027 3605 1043 3622; x_wconf 90' lang='lat'><strong>.</strong></span> <span class='ocrx_word' id='word_1_233' title='bbox 1067 3604 1080 3621; x_wconf 88' lang='lat'><strong>.</strong></span> <span class='ocrx_word' id='word_1_234' title='bbox 1107 3601 1123 3620; x_wconf 84' lang='lat'><strong>.</strong></span> <span class='ocrx_word' id='word_1_235' title='bbox 1138 3607 1152 3622; x_wconf 87' lang='lat'><strong>.</strong></span> <span class='ocrx_word' id='word_1_236' title='bbox 1170 3573 1359 3638; x_wconf 80' lang='lat' dir='ltr'>quiliic</span> <span class='ocrx_word' id='word_1_237' title='bbox 1383 3590 1633 3629; x_wconf 86' lang='lat' dir='ltr'>commer-</span> 
     </span>
     <span class='ocr_line' id='line_1_43' title="bbox 569 3645 1633 3706; baseline 0.012 -13"><span class='ocrx_word' id='word_1_238' title='bbox 569 3645 705 3694; x_wconf 87' lang='lat' dir='ltr'>caris</span> <span class='ocrx_word' id='word_1_239' title='bbox 742 3646 884 3697; x_wconf 83' lang='lat' dir='ltr'>cives</span> <span class='ocrx_word' id='word_1_240' title='bbox 919 3647 1150 3697; x_wconf 86' lang='lat' dir='ltr'>homiues</span> <span class='ocrx_word' id='word_1_241' title='bbox 1188 3650 1413 3701; x_wconf 69' lang='lat' dir='ltr'>liberos!</span> <span class='ocrx_word' id='word_1_242' title='bbox 1478 3655 1633 3706; x_wconf 87' lang='lat' dir='ltr'>Unde</span> 
     </span>
     <span class='ocr_line' id='line_1_44' title="bbox 564 3722 1633 3791; baseline 0.013 -22"><span class='ocrx_word' id='word_1_243' title='bbox 564 3736 689 3770; x_wconf 89' lang='lat' dir='ltr'>mox</span> <span class='ocrx_word' id='word_1_244' title='bbox 701 3725 907 3785; x_wconf 70' lang='grc' dir='ltr'><strong>κωμικῶς</strong></span> <span class='ocrx_word' id='word_1_245' title='bbox 927 3725 943 3752; x_wconf 88' lang='lat'>‘</span> <span class='ocrx_word' id='word_1_246' title='bbox 962 3722 1094 3774; x_wconf 85' lang='lat' dir='ltr'>feles</span> <span class='ocrx_word' id='word_1_247' title='bbox 1104 3725 1399 3791; x_wconf 79' lang='lat' dir='ltr'>virginaria’</span> <span class='ocrx_word' id='word_1_248' title='bbox 1421 3730 1633 3783; x_wconf 87' lang='lat' dir='ltr'>dicitur.</span> 
     </span>
     <span class='ocr_line' id='line_1_45' title="bbox 564 3799 1636 3863; baseline 0.009 -14"><span class='ocrx_word' id='word_1_249' title='bbox 564 3806 625 3850; x_wconf 89' lang='lat' dir='ltr'>ut</span> <span class='ocrx_word' id='word_1_250' title='bbox 658 3807 716 3851; x_wconf 90' lang='lat' dir='ltr'>et</span> <span class='ocrx_word' id='word_1_251' title='bbox 747 3801 801 3851; x_wconf 89' lang='lat' dir='ltr'>in</span> <span class='ocrx_word' id='word_1_252' title='bbox 834 3799 1078 3853; x_wconf 87' lang='lat' dir='ltr'>Rudente</span> <span class='ocrx_word' id='word_1_253' title='bbox 1112 3810 1215 3854; x_wconf 88' lang='lat' dir='ltr'>act.</span> <span class='ocrx_word' id='word_1_254' title='bbox 1238 3819 1324 3856; x_wconf 90' lang='grc' dir='ltr'>ιιι.</span> <span class='ocrx_word' id='word_1_255' title='bbox 1365 3813 1511 3863; x_wconf 75' lang='grc' dir='ltr'><strong>εο.4.</strong></span> <span class='ocrx_word' id='word_1_256' title='bbox 1546 3811 1636 3861; x_wconf 91' lang='lat' dir='ltr'>ubi</span> 
     </span>
     <span class='ocr_line' id='line_1_46' title="bbox 564 3876 1636 3947; baseline 0.012 -21"><span class='ocrx_word' id='word_1_257' title='bbox 564 3876 740 3928; x_wconf 68' lang='lat' dir='ltr'>Poeta</span> <span class='ocrx_word' id='word_1_258' title='bbox 760 3878 1118 3930; x_wconf 84' lang='lat' dir='ltr'>talis-lenonis</span> <span class='ocrx_word' id='word_1_259' title='bbox 1162 3883 1490 3947; x_wconf 88' lang='lat' dir='ltr'>propositum</span> <span class='ocrx_word' id='word_1_260' title='bbox 1526 3888 1636 3946; x_wconf 75' lang='grc' dir='ltr'>ἠθο-</span> 
     </span>
     <span class='ocr_line' id='line_1_47' title="bbox 565 3953 1633 4029; baseline 0.007 -20"><span class='ocrx_word' id='word_1_261' title='bbox 565 3957 706 4020; x_wconf 68' lang='grc' dir='ltr'>ποιεῖ,</span> <span class='ocrx_word' id='word_1_262' title='bbox 745 3953 869 4007; x_wconf 87' lang='lat' dir='ltr'>dum</span> <span class='ocrx_word' id='word_1_263' title='bbox 910 3955 989 4006; x_wconf 76' lang='lat' dir='ltr'>ita</span> <span class='ocrx_word' id='word_1_264' title='bbox 1045 3957 1248 4013; x_wconf 79' lang='lat' dir='ltr'>inducit</span> <span class='ocrx_word' id='word_1_265' title='bbox 1288 3961 1633 4029; x_wconf 76' lang='lat' dir='ltr'>loquentem:</span> 
     </span>
     <span class='ocr_line' id='line_1_48' title="bbox 562 4034 1633 4107; baseline 0.008 -24"><span class='ocrx_word' id='word_1_266' title='bbox 562 4038 579 4062; x_wconf 83' lang='lat'>‘</span> <span class='ocrx_word' id='word_1_267' title='bbox 606 4034 894 4098; x_wconf 83' lang='lat' dir='ltr'>Argentum</span> <span class='ocrx_word' id='word_1_268' title='bbox 913 4048 1012 4100; x_wconf 91' lang='lat' dir='ltr'>ego</span> <span class='ocrx_word' id='word_1_269' title='bbox 1037 4050 1136 4100; x_wconf 92' lang='lat' dir='ltr'>pro</span> <span class='ocrx_word' id='word_1_270' title='bbox 1159 4037 1339 4090; x_wconf 79' lang='lat' dir='ltr'>istisce</span> <span class='ocrx_word' id='word_1_271' title='bbox 1362 4040 1633 4107; x_wconf 83' lang='lat' dir='ltr'>ambabus,</span> 
     </span>
     <span class='ocr_line' id='line_1_49' title="bbox 565 4108 1635 4176; baseline 0.008 -14"><span class='ocrx_word' id='word_1_272' title='bbox 565 4112 715 4175; x_wconf 65' lang='lat' dir='ltr'>cujae‘</span> <span class='ocrx_word' id='word_1_273' title='bbox 739 4120 909 4176; x_wconf 87' lang='lat' dir='ltr'>erant,</span> <span class='ocrx_word' id='word_1_274' title='bbox 933 4112 1144 4166; x_wconf 84' lang='lat' dir='ltr'>domino</span> <span class='ocrx_word' id='word_1_275' title='bbox 1166 4113 1318 4166; x_wconf 87' lang='lat' dir='ltr'>dedi:</span> <span class='ocrx_word' id='word_1_276' title='bbox 1354 4108 1492 4170; x_wconf 82' lang='lat' dir='ltr'>Quid</span> <span class='ocrx_word' id='word_1_277' title='bbox 1516 4135 1635 4171; x_wconf 86' lang='lat' dir='ltr'>mea</span> 
     </span>
     <span class='ocr_line' id='line_1_50' title="bbox 569 4185 1633 4255; baseline 0.012 -21"><span class='ocrx_word' id='word_1_278' title='bbox 569 4185 753 4250; x_wconf 84' lang='lat' dir='ltr'>refert,</span> <span class='ocrx_word' id='word_1_279' title='bbox 788 4190 868 4238; x_wconf 77' lang='lat' dir='ltr'>hae</span> <span class='ocrx_word' id='word_1_280' title='bbox 909 4187 1130 4241; x_wconf 85' lang='lat' dir='ltr'>Athenis</span> <span class='ocrx_word' id='word_1_281' title='bbox 1172 4200 1311 4243; x_wconf 85' lang='lat' dir='ltr'>natae</span> <span class='ocrx_word' id='word_1_282' title='bbox 1342 4208 1406 4243; x_wconf 90' lang='lat' dir='ltr'>an</span> <span class='ocrx_word' id='word_1_283' title='bbox 1442 4195 1633 4255; x_wconf 82' lang='lat' dir='ltr'>Thebis</span> 
     </span>
     <span class='ocr_line' id='line_1_51' title="bbox 567 4261 1634 4331; baseline 0.016 -20"><span class='ocrx_word' id='word_1_284' title='bbox 567 4261 723 4321; x_wconf 87' lang='lat' dir='ltr'>sient,</span> <span class='ocrx_word' id='word_1_285' title='bbox 768 4264 905 4331; x_wconf 82' lang='lat' dir='ltr'>Dum</span> <span class='ocrx_word' id='word_1_286' title='bbox 949 4265 1075 4318; x_wconf 85' lang='lat' dir='ltr'>mihi</span> <span class='ocrx_word' id='word_1_287' title='bbox 1125 4274 1274 4324; x_wconf 82' lang='lat' dir='ltr'>recte</span> <span class='ocrx_word' id='word_1_288' title='bbox 1321 4272 1634 4328; x_wconf 87' lang='lat' dir='ltr'>servitutem</span> 
     </span>
    </p>
   </div>
   <div class='ocr_carea' id='block_1_3' title="bbox 1271 349 2073 401">
    <p class='ocr_par' dir='ltr' id='par_1_3' title="bbox 1271 349 2073 401">
     <span class='ocr_line' id='line_1_52' title="bbox 1271 349 2073 401; baseline 0.001 -1"><span class='ocrx_word' id='word_1_289' title='bbox 1271 350 1488 401; x_wconf 53' lang='lat' dir='ltr'>1401*AE</span> <span class='ocrx_word' id='word_1_290' title='bbox 1539 349 1942 401; x_wconf 75' lang='lat' dir='ltr'>vAmoRtJM</span> <span class='ocrx_word' id='word_1_291' title='bbox 1995 352 2073 401; x_wconf 75' lang='grc' dir='ltr'>ΙΝ</span> 
     </span>
    </p>
   </div>
   <div class='ocr_carea' id='block_1_4' title="bbox 1702 486 2772 4348">
    <p class='ocr_par' dir='ltr' id='par_1_4' title="bbox 1702 486 2772 3317">
     <span class='ocr_line' id='line_1_53' title="bbox 1705 486 2754 559; baseline -0.002 -12"><span class='ocrx_word' id='word_1_292' title='bbox 1705 495 1969 548; x_wconf 67' lang='lat' dir='ltr'>serviant!</span> <span class='ocrx_word' id='word_1_293' title='bbox 2033 495 2338 559; x_wconf 81' lang='lat' dir='ltr'>Respondet</span> <span class='ocrx_word' id='word_1_294' title='bbox 2351 486 2623 547; x_wconf 75' lang='lat' dir='ltr'>Trachalio</span> <span class='ocrx_word' id='word_1_295' title='bbox 2639 511 2654 545; x_wconf 69' lang='grc' dir='ltr'><strong>ι</strong></span> <span class='ocrx_word' id='word_1_296' title='bbox 2676 495 2692 525; x_wconf 77' lang='lat'>⁸</span> <span class='ocrx_word' id='word_1_297' title='bbox 2708 492 2754 545; x_wconf 83' lang='lat'>1·</span> 
     </span>
     <span class='ocr_line' id='line_1_54' title="bbox 1706 573 2756 639; baseline -0.002 -15"><span class='ocrx_word' id='word_1_298' title='bbox 1706 580 1829 625; x_wconf 87' lang='lat' dir='ltr'>tane</span> <span class='ocrx_word' id='word_1_299' title='bbox 1849 575 2141 639; x_wconf 81' lang='lat' dir='ltr'>impudens,</span> <span class='ocrx_word' id='word_1_300' title='bbox 2174 577 2319 625; x_wconf 83' lang='lat' dir='ltr'>Tune</span> <span class='ocrx_word' id='word_1_301' title='bbox 2353 575 2439 625; x_wconf 86' lang='lat' dir='ltr'>hic</span> <span class='ocrx_word' id='word_1_302' title='bbox 2461 575 2594 626; x_wconf 88' lang='lat' dir='ltr'>feles</span> <span class='ocrx_word' id='word_1_303' title='bbox 2618 573 2756 639; x_wconf 79' lang='lat' dir='ltr'>virgi·</span> 
     </span>
     <span class='ocr_line' id='line_1_55' title="bbox 1704 651 2758 717; baseline -0.003 -16"><span class='ocrx_word' id='word_1_304' title='bbox 1704 652 1836 702; x_wconf 83' lang='lat' dir='ltr'>nalis</span> <span class='ocrx_word' id='word_1_305' title='bbox 1885 651 2078 704; x_wconf 91' lang='lat' dir='ltr'>liberos</span> <span class='ocrx_word' id='word_1_306' title='bbox 2137 653 2442 717; x_wconf 87' lang='lat' dir='ltr'>parentibus</span> <span class='ocrx_word' id='word_1_307' title='bbox 2495 652 2758 703; x_wconf 78' lang='lat' dir='ltr'>sublectos</span> 
     </span>
     <span class='ocr_line' id='line_1_56' title="bbox 1702 728 2759 795; baseline 0 -18"><span class='ocrx_word' id='word_1_308' title='bbox 1702 728 1939 794; x_wconf 83' lang='lat' dir='ltr'>babebis,</span> <span class='ocrx_word' id='word_1_309' title='bbox 1963 736 2119 794; x_wconf 81' lang='lat' dir='ltr'>atque</span> <span class='ocrx_word' id='word_1_310' title='bbox 2156 729 2371 794; x_wconf 77' lang='lat' dir='ltr'>indigno</span> <span class='ocrx_word' id='word_1_311' title='bbox 2409 736 2615 795; x_wconf 79' lang='lat' dir='ltr'>quaestu</span> <span class='ocrx_word' id='word_1_312' title='bbox 2646 735 2759 779; x_wconf 78' lang='lat' dir='ltr'>con-</span> 
     </span>
     <span class='ocr_line' id='line_1_57' title="bbox 1704 806 2758 871; baseline -0.002 -15"><span class='ocrx_word' id='word_1_313' title='bbox 1704 812 1841 856; x_wconf 85' lang='lat' dir='ltr'>teres</span> <span class='ocrx_word' id='word_1_314' title='bbox 1860 806 1903 855; x_wconf 85' lang='lat'>?’</span> <span class='ocrx_word' id='word_1_315' title='bbox 1956 808 2187 871; x_wconf 85' lang='lat' dir='ltr'>Propter</span> <span class='ocrx_word' id='word_1_316' title='bbox 2205 806 2426 871; x_wconf 84' lang='lat' dir='ltr'>hujusce</span> <span class='ocrx_word' id='word_1_317' title='bbox 2448 806 2529 856; x_wconf 87' lang='lat' dir='ltr'>rei</span> <span class='ocrx_word' id='word_1_318' title='bbox 2552 806 2758 871; x_wconf 83' lang='lat' dir='ltr'>suspici-</span> 
     </span>
     <span class='ocr_line' id='line_1_58' title="bbox 1703 881 2761 949; baseline -0.002 -17"><span class='ocrx_word' id='word_1_319' title='bbox 1703 896 1876 946; x_wconf 84' lang='lat' dir='ltr'>onem,</span> <span class='ocrx_word' id='word_1_320' title='bbox 1899 883 2178 949; x_wconf 84' lang='lat' dir='ltr'>aliquando</span> <span class='ocrx_word' id='word_1_321' title='bbox 2201 881 2279 931; x_wconf 87' lang='lat' dir='ltr'>ita</span> <span class='ocrx_word' id='word_1_322' title='bbox 2298 882 2615 932; x_wconf 85' lang='lat' dir='ltr'>emebantur</span> <span class='ocrx_word' id='word_1_323' title='bbox 2646 897 2677 931; x_wconf 89' lang='lat' dir='ltr'>a</span> <span class='ocrx_word' id='word_1_324' title='bbox 2695 882 2761 930; x_wconf 89' lang='lat' dir='ltr'>le·</span> 
     </span>
     <span class='ocr_line' id='line_1_59' title="bbox 1704 956 2761 1024; baseline -0.001 -16"><span class='ocrx_word' id='word_1_325' title='bbox 1704 974 1838 1009; x_wconf 87' lang='lat' dir='ltr'>noue</span> <span class='ocrx_word' id='word_1_326' title='bbox 1859 960 2067 1024; x_wconf 82' lang='lat' dir='ltr'>pneilae,</span> <span class='ocrx_word' id='word_1_327' title='bbox 2086 965 2146 1008; x_wconf 89' lang='lat' dir='ltr'>ut</span> <span class='ocrx_word' id='word_1_328' title='bbox 2175 963 2450 1009; x_wconf 85' lang='lat' dir='ltr'>teneretur</span> <span class='ocrx_word' id='word_1_329' title='bbox 2468 959 2562 1008; x_wconf 89' lang='lat' dir='ltr'>ille</span> <span class='ocrx_word' id='word_1_330' title='bbox 2587 956 2761 1007; x_wconf 79' lang='lat' dir='ltr'>emtori</span> 
     </span>
     <span class='ocr_line' id='line_1_60' title="bbox 1703 1035 2763 1100; baseline -0.003 -15"><span class='ocrx_word' id='word_1_331' title='bbox 1703 1035 1930 1100; x_wconf 88' lang='lat' dir='ltr'>pretium</span> <span class='ocrx_word' id='word_1_332' title='bbox 1957 1037 2259 1099; x_wconf 84' lang='lat' dir='ltr'>restituere,</span> <span class='ocrx_word' id='word_1_333' title='bbox 2292 1037 2336 1087; x_wconf 86' lang='lat' dir='ltr'>si</span> <span class='ocrx_word' id='word_1_334' title='bbox 2363 1036 2581 1087; x_wconf 79' lang='lat' dir='ltr'>vendita</span> <span class='ocrx_word' id='word_1_335' title='bbox 2601 1035 2763 1099; x_wconf 82' lang='lat' dir='ltr'>puella</span> 
     </span>
     <span class='ocr_line' id='line_1_61' title="bbox 1704 1111 2762 1176; baseline -0.001 -15"><span class='ocrx_word' id='word_1_336' title='bbox 1704 1112 1757 1162; x_wconf 91' lang='lat' dir='ltr'>in</span> <span class='ocrx_word' id='word_1_337' title='bbox 1770 1112 2069 1162; x_wconf 88' lang='lat' dir='ltr'>libertatem</span> <span class='ocrx_word' id='word_1_338' title='bbox 2087 1119 2424 1164; x_wconf 81' lang='lat' dir='ltr'>assereretur.</span> <span class='ocrx_word' id='word_1_339' title='bbox 2459 1111 2762 1176; x_wconf 83' lang='lat' dir='ltr'>Exemplum</span> 
     </span>
     <span class='ocr_line' id='line_1_62' title="bbox 1706 1189 2763 1240; baseline -0.004 -1"><span class='ocrx_word' id='word_1_340' title='bbox 1706 1195 1790 1239; x_wconf 90' lang='lat' dir='ltr'>est</span> <span class='ocrx_word' id='word_1_341' title='bbox 1812 1190 1866 1239; x_wconf 94' lang='lat' dir='ltr'>in</span> <span class='ocrx_word' id='word_1_342' title='bbox 1889 1189 2200 1240; x_wconf 85' lang='lat' dir='ltr'>Curculione</span> <span class='ocrx_word' id='word_1_343' title='bbox 2220 1189 2401 1240; x_wconf 84' lang='lat' dir='ltr'>Plauti</span> <span class='ocrx_word' id='word_1_344' title='bbox 2425 1196 2536 1239; x_wconf 82' lang='lat' dir='ltr'>act.</span> <span class='ocrx_word' id='word_1_345' title='bbox 2559 1203 2616 1239; x_wconf 77' lang='lat' dir='ltr'>v,</span> <span class='ocrx_word' id='word_1_346' title='bbox 2637 1192 2763 1238; x_wconf 83' lang='lat' dir='ltr'>sc.2.</span> 
     </span>
     <span class='ocr_line' id='line_1_63' title="bbox 1707 1266 2766 1331; baseline -0.001 -17"><span class='ocrx_word' id='word_1_347' title='bbox 1707 1280 1781 1315; x_wconf 84' lang='lat' dir='ltr'>vs.</span> <span class='ocrx_word' id='word_1_348' title='bbox 1828 1270 1915 1317; x_wconf 82' lang='lat'>66.</span> <span class='ocrx_word' id='word_1_349' title='bbox 1961 1268 2062 1317; x_wconf 70' lang='grc' dir='ltr'>διο.</span> <span class='ocrx_word' id='word_1_350' title='bbox 2123 1266 2214 1316; x_wconf 84' lang='lat' dir='ltr'>ubi</span> <span class='ocrx_word' id='word_1_351' title='bbox 2257 1266 2425 1331; x_wconf 88' lang='lat' dir='ltr'>miles,</span> <span class='ocrx_word' id='word_1_352' title='bbox 2481 1266 2553 1317; x_wconf 91' lang='lat' dir='ltr'>de</span> <span class='ocrx_word' id='word_1_353' title='bbox 2604 1266 2766 1331; x_wconf 83' lang='lat' dir='ltr'>puella</span> 
     </span>
     <span class='ocr_line' id='line_1_64' title="bbox 1706 1342 2766 1408; baseline -0.001 -17"><span class='ocrx_word' id='word_1_354' title='bbox 1706 1357 1859 1408; x_wconf 80' lang='lat' dir='ltr'>quam</span> <span class='ocrx_word' id='word_1_355' title='bbox 1892 1357 1925 1392; x_wconf 86' lang='lat' dir='ltr'>a</span> <span class='ocrx_word' id='word_1_356' title='bbox 1945 1344 2136 1393; x_wconf 89' lang='lat' dir='ltr'>lenone</span> <span class='ocrx_word' id='word_1_357' title='bbox 2156 1350 2376 1400; x_wconf 78' lang='lat' dir='ltr'>emerat,</span> <span class='ocrx_word' id='word_1_358' title='bbox 2403 1350 2592 1407; x_wconf 84' lang='lat' dir='ltr'>postea</span> <span class='ocrx_word' id='word_1_359' title='bbox 2611 1342 2766 1393; x_wconf 82' lang='lat' dir='ltr'>libera</span> 
     </span>
     <span class='ocr_line' id='line_1_65' title="bbox 1706 1418 2765 1482; baseline -0.002 -12"><span class='ocrx_word' id='word_1_360' title='bbox 1706 1420 1954 1482; x_wconf 76' lang='lat' dir='ltr'>inventa3</span> <span class='ocrx_word' id='word_1_361' title='bbox 2000 1420 2017 1449; x_wconf 90' lang='lat'>‘</span> <span class='ocrx_word' id='word_1_362' title='bbox 2038 1421 2108 1470; x_wconf 85' lang='lat' dir='ltr'>Et</span> <span class='ocrx_word' id='word_1_363' title='bbox 2145 1420 2266 1471; x_wconf 90' lang='lat' dir='ltr'>leno</span> <span class='ocrx_word' id='word_1_364' title='bbox 2299 1419 2385 1470; x_wconf 87' lang='lat' dir='ltr'>hic</span> <span class='ocrx_word' id='word_1_365' title='bbox 2415 1419 2586 1471; x_wconf 85' lang='lat' dir='ltr'>debet</span> <span class='ocrx_word' id='word_1_366' title='bbox 2621 1418 2765 1469; x_wconf 56' lang='lat' dir='ltr'>‘nobis</span> 
     </span>
     <span class='ocr_line' id='line_1_66' title="bbox 1710 1496 2765 1561; baseline -0.001 -15"><span class='ocrx_word' id='word_1_367' title='bbox 1710 1496 1927 1561; x_wconf 84' lang='lat' dir='ltr'>triginta</span> <span class='ocrx_word' id='word_1_368' title='bbox 1941 1496 2124 1547; x_wconf 89' lang='lat' dir='ltr'>minas.</span> <span class='ocrx_word' id='word_1_369' title='bbox 2159 1496 2269 1547; x_wconf 79' lang='grc' dir='ltr'>Ριι.</span> <span class='ocrx_word' id='word_1_370' title='bbox 2302 1496 2668 1552; x_wconf 82' lang='lat' dir='ltr'>Quamobrem</span> <span class='ocrx_word' id='word_1_371' title='bbox 2684 1497 2765 1546; x_wconf 83' lang='lat' dir='ltr'>ist·</span> 
     </span>
     <span class='ocr_line' id='line_1_67' title="bbox 1708 1572 2767 1639; baseline 0.003 -18"><span class='ocrx_word' id='word_1_372' title='bbox 1708 1572 1844 1622; x_wconf 87' lang='lat' dir='ltr'>buc?</span> <span class='ocrx_word' id='word_1_373' title='bbox 1890 1574 1993 1625; x_wconf 88' lang='grc' dir='ltr'>Μι.</span> <span class='ocrx_word' id='word_1_374' title='bbox 2050 1573 2174 1639; x_wconf 87' lang='lat' dir='ltr'>quia</span> <span class='ocrx_word' id='word_1_375' title='bbox 2219 1573 2310 1623; x_wconf 87' lang='lat' dir='ltr'>ille</span> <span class='ocrx_word' id='word_1_376' title='bbox 2355 1573 2767 1638; x_wconf 28' lang='lat' dir='ltr'>ita-repromisit</span> 
     </span>
     <span class='ocr_line' id='line_1_68' title="bbox 1708 1650 2766 1717; baseline 0.001 -17"><span class='ocrx_word' id='word_1_377' title='bbox 1708 1650 1865 1702; x_wconf 80' lang='lat' dir='ltr'>mihi:</span> <span class='ocrx_word' id='word_1_378' title='bbox 1888 1651 2231 1717; x_wconf 75' lang='lat' dir='ltr'>Siquisqnam</span> <span class='ocrx_word' id='word_1_379' title='bbox 2252 1652 2385 1702; x_wconf 80' lang='lat' dir='ltr'>hane</span> <span class='ocrx_word' id='word_1_380' title='bbox 2396 1651 2766 1703; x_wconf 67' lang='lat' dir='ltr'>&#39;liberaliasse-</span> 
     </span>
     <span class='ocr_line' id='line_1_69' title="bbox 1708 1728 2765 1793; baseline 0 -15"><span class='ocrx_word' id='word_1_381' title='bbox 1708 1728 1899 1778; x_wconf 81' lang='lat' dir='ltr'>ruisset</span> <span class='ocrx_word' id='word_1_382' title='bbox 1919 1743 2093 1793; x_wconf 85' lang='lat' dir='ltr'>manu,</span> <span class='ocrx_word' id='word_1_383' title='bbox 2110 1728 2233 1778; x_wconf 88' lang='lat' dir='ltr'>Sine</span> <span class='ocrx_word' id='word_1_384' title='bbox 2249 1728 2617 1780; x_wconf 79' lang='lat' dir='ltr'>controversia</span> <span class='ocrx_word' id='word_1_385' title='bbox 2628 1733 2765 1784; x_wconf 84' lang='lat' dir='ltr'>omne</span> 
     </span>
     <span class='ocr_line' id='line_1_70' title="bbox 1710 1803 2767 1869; baseline 0.002 -16"><span class='ocrx_word' id='word_1_386' title='bbox 1710 1810 1984 1868; x_wconf 86' lang='lat' dir='ltr'>argentum</span> <span class='ocrx_word' id='word_1_387' title='bbox 2005 1803 2286 1856; x_wconf 67' lang='lat' dir='ltr'>redderet!</span> <span class='ocrx_word' id='word_1_388' title='bbox 2317 1804 2474 1855; x_wconf 86' lang='lat' dir='ltr'>Adde</span> <span class='ocrx_word' id='word_1_389' title='bbox 2496 1805 2767 1869; x_wconf 79' lang='lat' dir='ltr'>Seen.seq.</span> 
     </span>
     <span class='ocr_line' id='line_1_71' title="bbox 1709 1880 2768 1934; baseline 0.002 -5"><span class='ocrx_word' id='word_1_390' title='bbox 1709 1896 1787 1931; x_wconf 73' lang='lat' dir='ltr'>vs.</span> <span class='ocrx_word' id='word_1_391' title='bbox 1821 1885 1905 1931; x_wconf 74' lang='lat'>31.</span> <span class='ocrx_word' id='word_1_392' title='bbox 1942 1882 2041 1933; x_wconf 76' lang='grc' dir='ltr'>διο.</span> <span class='ocrx_word' id='word_1_393' title='bbox 2108 1880 2173 1931; x_wconf 88' lang='lat' dir='ltr'>In</span> <span class='ocrx_word' id='word_1_394' title='bbox 2211 1881 2393 1931; x_wconf 87' lang='lat' dir='ltr'>eadem</span> <span class='ocrx_word' id='word_1_395' title='bbox 2428 1882 2683 1934; x_wconf 82' lang='lat' dir='ltr'>Plautina</span> <span class='ocrx_word' id='word_1_396' title='bbox 2700 1882 2768 1932; x_wconf 80' lang='lat' dir='ltr'>fs·</span> 
     </span>
     <span class='ocr_line' id='line_1_72' title="bbox 1706 1957 2769 2023; baseline 0.004 -16"><span class='ocrx_word' id='word_1_397' title='bbox 1706 1957 1829 2008; x_wconf 86' lang='lat' dir='ltr'>bula</span> <span class='ocrx_word' id='word_1_398' title='bbox 1849 1958 1983 2023; x_wconf 88' lang='lat' dir='ltr'>(act.</span> <span class='ocrx_word' id='word_1_399' title='bbox 2014 1973 2072 2009; x_wconf 79' lang='lat' dir='ltr'>v.</span> <span class='ocrx_word' id='word_1_400' title='bbox 2090 1974 2164 2010; x_wconf 89' lang='lat' dir='ltr'>sc.</span> <span class='ocrx_word' id='word_1_401' title='bbox 2187 1963 2238 2010; x_wconf 81' lang='lat'>2.</span> <span class='ocrx_word' id='word_1_402' title='bbox 2259 1958 2471 2023; x_wconf 55' lang='lat' dir='ltr'>vsae22.)</span> <span class='ocrx_word' id='word_1_403' title='bbox 2501 1959 2769 2011; x_wconf 77' lang='lat' dir='ltr'>formulam</span> 
     </span>
     <span class='ocr_line' id='line_1_73' title="bbox 1708 2035 2768 2099; baseline 0.002 -17"><span class='ocrx_word' id='word_1_404' title='bbox 1708 2040 1764 2084; x_wconf 91' lang='lat' dir='ltr'>et</span> <span class='ocrx_word' id='word_1_405' title='bbox 1813 2035 2040 2099; x_wconf 89' lang='lat' dir='ltr'>elogium</span> <span class='ocrx_word' id='word_1_406' title='bbox 2091 2035 2352 2099; x_wconf 70' lang='lat' dir='ltr'>ejusmodi</span> <span class='ocrx_word' id='word_1_407' title='bbox 2403 2036 2768 2097; x_wconf 81' lang='lat' dir='ltr'>accusationis,</span> 
     </span>
     <span class='ocr_line' id='line_1_74' title="bbox 1707 2111 2768 2177; baseline 0 -17"><span class='ocrx_word' id='word_1_408' title='bbox 1707 2125 1810 2162; x_wconf 87' lang='lat' dir='ltr'>non</span> <span class='ocrx_word' id='word_1_409' title='bbox 1833 2112 2042 2177; x_wconf 88' lang='lat' dir='ltr'>quidem</span> <span class='ocrx_word' id='word_1_410' title='bbox 2082 2111 2138 2161; x_wconf 90' lang='lat' dir='ltr'>in</span> <span class='ocrx_word' id='word_1_411' title='bbox 2179 2113 2422 2164; x_wconf 88' lang='lat' dir='ltr'>lenonem</span> <span class='ocrx_word' id='word_1_412' title='bbox 2441 2113 2617 2165; x_wconf 90' lang='lat' dir='ltr'>sedin</span> <span class='ocrx_word' id='word_1_413' title='bbox 2648 2112 2768 2163; x_wconf 83' lang='lat' dir='ltr'>mili··</span> 
     </span>
     <span class='ocr_line' id='line_1_75' title="bbox 1708 2187 2770 2253; baseline -0.002 -15"><span class='ocrx_word' id='word_1_414' title='bbox 1708 2194 1835 2251; x_wconf 85' lang='lat' dir='ltr'>tem,</span> <span class='ocrx_word' id='word_1_415' title='bbox 1878 2187 2098 2253; x_wconf 73' lang='lat' dir='ltr'>proponi</span> <span class='ocrx_word' id='word_1_416' title='bbox 2139 2188 2371 2238; x_wconf 79' lang='lat' dir='ltr'>videmus</span> <span class='ocrx_word' id='word_1_417' title='bbox 2396 2188 2607 2243; x_wconf 76' lang='lat' dir='ltr'>2-‘Qui</span> <span class='ocrx_word' id='word_1_418' title='bbox 2649 2187 2770 2237; x_wconf 81' lang='lat' dir='ltr'>scias</span> 
     </span>
     <span class='ocr_line' id='line_1_76' title="bbox 1706 2263 2770 2331; baseline -0.001 -16"><span class='ocrx_word' id='word_1_419' title='bbox 1706 2265 1927 2318; x_wconf 87' lang='lat' dir='ltr'>mercari</span> <span class='ocrx_word' id='word_1_420' title='bbox 1950 2264 2169 2316; x_wconf 83' lang='lat' dir='ltr'>furtivas</span> <span class='ocrx_word' id='word_1_421' title='bbox 2191 2272 2351 2331; x_wconf 79' lang='lat' dir='ltr'>atque</span> <span class='ocrx_word' id='word_1_422' title='bbox 2384 2266 2649 2329; x_wconf 81' lang='lat' dir='ltr'>ingenuas</span> <span class='ocrx_word' id='word_1_423' title='bbox 2681 2263 2770 2314; x_wconf 81' lang='lat' dir='ltr'>vir·</span> 
     </span>
     <span class='ocr_line' id='line_1_77' title="bbox 1706 2342 2770 2408; baseline -0.003 -16"><span class='ocrx_word' id='word_1_424' title='bbox 1706 2342 1874 2408; x_wconf 85' lang='lat' dir='ltr'>gines,</span> <span class='ocrx_word' id='word_1_425' title='bbox 1893 2342 2123 2394; x_wconf 82' lang='lat' dir='ltr'>Ambula</span> <span class='ocrx_word' id='word_1_426' title='bbox 2153 2343 2208 2393; x_wconf 89' lang='lat' dir='ltr'>in</span> <span class='ocrx_word' id='word_1_427' title='bbox 2242 2344 2363 2408; x_wconf 62' lang='lat' dir='ltr'>jus?</span> <span class='ocrx_word' id='word_1_428' title='bbox 2429 2343 2626 2408; x_wconf 79' lang='lat' dir='ltr'>Itaque</span> <span class='ocrx_word' id='word_1_429' title='bbox 2656 2342 2770 2394; x_wconf 69' lang='lat' dir='ltr'>San-2</span> 
     </span>
     <span class='ocr_line' id='line_1_78' title="bbox 1706 2417 2769 2472; baseline 0 -5"><span class='ocrx_word' id='word_1_430' title='bbox 1706 2418 1851 2469; x_wconf 89' lang='lat' dir='ltr'>nioni</span> <span class='ocrx_word' id='word_1_431' title='bbox 1874 2418 1976 2469; x_wconf 87' lang='lat' dir='ltr'>ista</span> <span class='ocrx_word' id='word_1_432' title='bbox 1997 2419 2330 2472; x_wconf 83' lang='lat' dir='ltr'>comminatio</span> <span class='ocrx_word' id='word_1_433' title='bbox 2366 2419 2609 2470; x_wconf 81' lang='lat' dir='ltr'>AE‘schini</span> <span class='ocrx_word' id='word_1_434' title='bbox 2633 2417 2769 2468; x_wconf 86' lang='lat' dir='ltr'>terri·</span> 
     </span>
     <span class='ocr_line' id='line_1_79' title="bbox 1704 2494 2770 2560; baseline -0.001 -15"><span class='ocrx_word' id='word_1_435' title='bbox 1704 2494 1825 2545; x_wconf 88' lang='lat' dir='ltr'>bilis</span> <span class='ocrx_word' id='word_1_436' title='bbox 1869 2495 1991 2560; x_wconf 88' lang='lat' dir='ltr'>fuit,</span> <span class='ocrx_word' id='word_1_437' title='bbox 2035 2512 2156 2549; x_wconf 88' lang='lat' dir='ltr'>cnm</span> <span class='ocrx_word' id='word_1_438' title='bbox 2199 2497 2453 2548; x_wconf 86' lang='lat' dir='ltr'>vindicias</span> <span class='ocrx_word' id='word_1_439' title='bbox 2492 2496 2770 2548; x_wconf 85' lang='lat' dir='ltr'>secundum</span> 
     </span>
     <span class='ocr_line' id='line_1_80' title="bbox 1706 2570 2772 2638; baseline 0.003 -18"><span class='ocrx_word' id='word_1_440' title='bbox 1706 2570 2007 2623; x_wconf 85' lang='lat' dir='ltr'>libertatem</span> <span class='ocrx_word' id='word_1_441' title='bbox 2039 2588 2095 2623; x_wconf 89' lang='lat' dir='ltr'>se</span> <span class='ocrx_word' id='word_1_442' title='bbox 2128 2575 2518 2638; x_wconf 55' lang='lat' dir='ltr'>⁴postulaturum</span> <span class='ocrx_word' id='word_1_443' title='bbox 2560 2573 2772 2624; x_wconf 82' lang='lat' dir='ltr'>diceret.</span> 
     </span>
     <span class='ocr_line' id='line_1_81' title="bbox 1707 2650 2770 2710; baseline -0.004 -8"><span class='ocrx_word' id='word_1_444' title='bbox 1707 2650 1912 2702; x_wconf 82' lang='lat' dir='ltr'>Quibus</span> <span class='ocrx_word' id='word_1_445' title='bbox 1955 2651 2260 2702; x_wconf 51' lang='lat' dir='ltr'>secundum*</span> <span class='ocrx_word' id='word_1_446' title='bbox 2293 2651 2572 2702; x_wconf 90' lang='lat' dir='ltr'>mulierem</span> <span class='ocrx_word' id='word_1_447' title='bbox 2623 2650 2770 2710; x_wconf 83' lang='lat' dir='ltr'>datis,</span> 
     </span>
     <span class='ocr_line' id='line_1_82' title="bbox 1707 2725 2769 2791; baseline 0 -16"><span class='ocrx_word' id='word_1_448' title='bbox 1707 2728 1792 2776; x_wconf 83' lang='lat' dir='ltr'>vei</span> <span class='ocrx_word' id='word_1_449' title='bbox 1834 2725 2067 2778; x_wconf 85' lang='lat' dir='ltr'>futurum</span> <span class='ocrx_word' id='word_1_450' title='bbox 2109 2735 2244 2791; x_wconf 86' lang='lat' dir='ltr'>erat,</span> <span class='ocrx_word' id='word_1_451' title='bbox 2282 2735 2341 2778; x_wconf 89' lang='lat' dir='ltr'>ut</span> <span class='ocrx_word' id='word_1_452' title='bbox 2360 2727 2769 2787; x_wconf 81' lang='lat' dir='ltr'>convinceretur,</span> 
     </span>
     <span class='ocr_line' id='line_1_83' title="bbox 1708 2804 2768 2870; baseline -0.002 -17"><span class='ocrx_word' id='word_1_453' title='bbox 1708 2804 1846 2870; x_wconf 76' lang='lat' dir='ltr'>quod</span> <span class='ocrx_word' id='word_1_454' title='bbox 1876 2804 2056 2857; x_wconf 78' lang='lat' dir='ltr'>sciens</span> <span class='ocrx_word' id='word_1_455' title='bbox 2098 2805 2154 2858; x_wconf 92' lang='lat' dir='ltr'>in</span> <span class='ocrx_word' id='word_1_456' title='bbox 2208 2805 2515 2856; x_wconf 85' lang='lat' dir='ltr'>libertatem</span> <span class='ocrx_word' id='word_1_457' title='bbox 2550 2805 2768 2858; x_wconf 82' lang='lat' dir='ltr'>mulieris</span> 
     </span>
     <span class='ocr_line' id='line_1_84' title="bbox 1709 2881 2767 2947; baseline -0.001 -18"><span class='ocrx_word' id='word_1_458' title='bbox 1709 2888 2004 2944; x_wconf 84' lang='lat' dir='ltr'>peccasset,</span> <span class='ocrx_word' id='word_1_459' title='bbox 2042 2881 2279 2947; x_wconf 88' lang='lat' dir='ltr'>adeoque</span> <span class='ocrx_word' id='word_1_460' title='bbox 2325 2896 2536 2947; x_wconf 85' lang='lat' dir='ltr'>poenam</span> <span class='ocrx_word' id='word_1_461' title='bbox 2575 2892 2767 2947; x_wconf 78' lang='lat' dir='ltr'>quoqne</span> 
     </span>
     <span class='ocr_line' id='line_1_85' title="bbox 1707 2948 2766 3022; baseline 0.003 -17"><span class='ocrx_word' id='word_1_462' title='bbox 1707 2955 1874 3007; x_wconf 85' lang='lat' dir='ltr'>ferret</span> <span class='ocrx_word' id='word_1_463' title='bbox 1900 2948 1917 3018; x_wconf 62' lang='grc' dir='ltr'><strong><em>ς</em></strong></span> <span class='ocrx_word' id='word_1_464' title='bbox 1950 2958 2034 3007; x_wconf 86' lang='lat' dir='ltr'>vel</span> <span class='ocrx_word' id='word_1_465' title='bbox 2057 2958 2101 3008; x_wconf 89' lang='lat' dir='ltr'>si</span> <span class='ocrx_word' id='word_1_466' title='bbox 2133 2958 2428 3022; x_wconf 84' lang='lat' dir='ltr'>ambiguum</span> <span class='ocrx_word' id='word_1_467' title='bbox 2450 2959 2586 3009; x_wconf 87' lang='lat' dir='ltr'>illud</span> <span class='ocrx_word' id='word_1_468' title='bbox 2607 2973 2766 3008; x_wconf 85' lang='lat' dir='ltr'>mane·</span> 
     </span>
     <span class='ocr_line' id='line_1_86' title="bbox 1709 3036 2767 3097; baseline 0 -13"><span class='ocrx_word' id='word_1_469' title='bbox 1709 3040 1813 3097; x_wconf 87' lang='lat' dir='ltr'>ret,</span> <span class='ocrx_word' id='word_1_470' title='bbox 1859 3036 2140 3086; x_wconf 81' lang='lat' dir='ltr'>restituere</span> <span class='ocrx_word' id='word_1_471' title='bbox 2184 3042 2241 3087; x_wconf 87' lang='lat' dir='ltr'>et</span> <span class='ocrx_word' id='word_1_472' title='bbox 2283 3036 2349 3086; x_wconf 89' lang='lat' dir='ltr'>ab</span> <span class='ocrx_word' id='word_1_473' title='bbox 2401 3051 2458 3086; x_wconf 91' lang='lat' dir='ltr'>se</span> <span class='ocrx_word' id='word_1_474' title='bbox 2515 3037 2767 3087; x_wconf 85' lang='lat' dir='ltr'>dimittere</span> 
     </span>
     <span class='ocr_line' id='line_1_87' title="bbox 1709 3112 2767 3178; baseline 0.001 -18"><span class='ocrx_word' id='word_1_475' title='bbox 1709 3125 1823 3161; x_wconf 91' lang='lat' dir='ltr'>eam</span> <span class='ocrx_word' id='word_1_476' title='bbox 1856 3112 2035 3162; x_wconf 87' lang='lat' dir='ltr'>statim</span> <span class='ocrx_word' id='word_1_477' title='bbox 2074 3118 2370 3177; x_wconf 86' lang='lat' dir='ltr'>cogeretur,</span> <span class='ocrx_word' id='word_1_478' title='bbox 2413 3114 2626 3163; x_wconf 88' lang='lat' dir='ltr'>nemine</span> <span class='ocrx_word' id='word_1_479' title='bbox 2662 3127 2767 3178; x_wconf 86' lang='lat' dir='ltr'>prc-</span> 
     </span>
     <span class='ocr_line' id='line_1_88' title="bbox 1710 3187 2764 3254; baseline 0.002 -17"><span class='ocrx_word' id='word_1_480' title='bbox 1710 3187 1844 3238; x_wconf 89' lang='lat' dir='ltr'>tium</span> <span class='ocrx_word' id='word_1_481' title='bbox 1880 3188 2153 3253; x_wconf 85' lang='lat' dir='ltr'>reddente,</span> <span class='ocrx_word' id='word_1_482' title='bbox 2186 3189 2369 3254; x_wconf 82' lang='lat' dir='ltr'>quanti</span> <span class='ocrx_word' id='word_1_483' title='bbox 2410 3196 2632 3241; x_wconf 88' lang='lat' dir='ltr'>emerat.</span> <span class='ocrx_word' id='word_1_484' title='bbox 2663 3190 2764 3240; x_wconf 70' lang='grc' dir='ltr'>Βε-</span> 
     </span>
     <span class='ocr_line' id='line_1_89' title="bbox 1706 3267 2769 3317; baseline 0.002 -2"><span class='ocrx_word' id='word_1_485' title='bbox 1706 3267 1878 3317; x_wconf 78' lang='lat' dir='ltr'>clerus.</span> <span class='ocrx_word' id='word_1_486' title='bbox 2762 3276 2769 3287; x_wconf 82' lang='grc'>’</span> 
     </span>
    </p>

    <p class='ocr_par' dir='ltr' id='par_1_5' title="bbox 1707 3344 2770 4171">
     <span class='ocr_line' id='line_1_90' title="bbox 1771 3344 2765 3407; baseline 0.003 -13"><span class='ocrx_word' id='word_1_487' title='bbox 1771 3347 1840 3395; x_wconf 80' lang='lat'>40</span> <span class='ocrx_word' id='word_1_488' title='bbox 1901 3345 2052 3394; x_wconf 85' lang='lat' dir='ltr'>Nam·</span> <span class='ocrx_word' id='word_1_489' title='bbox 2083 3359 2170 3407; x_wconf 77' lang='lat' dir='ltr'>ego</span> <span class='ocrx_word' id='word_1_490' title='bbox 2212 3344 2347 3394; x_wconf 77' lang='lat' dir='ltr'>illam</span> <span class='ocrx_word' id='word_1_491' title='bbox 2390 3345 2582 3397; x_wconf 66' lang='lat' dir='ltr'>liberati</span> <span class='ocrx_word' id='word_1_492' title='bbox 2624 3358 2765 3396; x_wconf 69' lang='lat' dir='ltr'>assem</span> 
     </span>
     <span class='ocr_line' id='line_1_91' title="bbox 1707 3420 2766 3485; baseline 0.002 -15"><span class='ocrx_word' id='word_1_493' title='bbox 1707 3435 1851 3471; x_wconf 72' lang='lat' dir='ltr'>causa</span> <span class='ocrx_word' id='word_1_494' title='bbox 1895 3420 2062 3483; x_wconf 69' lang='lat' dir='ltr'>monet]</span> <span class='ocrx_word' id='word_1_495' title='bbox 2111 3421 2261 3472; x_wconf 89' lang='lat' dir='ltr'>Ordo</span> <span class='ocrx_word' id='word_1_496' title='bbox 2318 3428 2419 3485; x_wconf 86' lang='lat' dir='ltr'>est,</span> <span class='ocrx_word' id='word_1_497' title='bbox 2466 3438 2559 3485; x_wconf 72' lang='lat' dir='ltr'>ego</span> <span class='ocrx_word' id='word_1_498' title='bbox 2597 3421 2766 3485; x_wconf 76' lang='lat' dir='ltr'>liberali</span> 
     </span>
     <span class='ocr_line' id='line_1_92' title="bbox 1707 3500 2770 3564; baseline -0.002 -15"><span class='ocrx_word' id='word_1_499' title='bbox 1707 3513 1875 3563; x_wconf 78' lang='lat' dir='ltr'>causo,</span> <span class='ocrx_word' id='word_1_500' title='bbox 1922 3514 2068 3548; x_wconf 66' lang='lat' dir='ltr'>mim</span> <span class='ocrx_word' id='word_1_501' title='bbox 2111 3515 2286 3550; x_wconf 80' lang='lat' dir='ltr'>assero.</span> <span class='ocrx_word' id='word_1_502' title='bbox 2371 3501 2445 3550; x_wconf 91' lang='lat' dir='ltr'>Et</span> <span class='ocrx_word' id='word_1_503' title='bbox 2489 3508 2613 3551; x_wconf 90' lang='lat' dir='ltr'>sunt</span> <span class='ocrx_word' id='word_1_504' title='bbox 2639 3500 2770 3564; x_wconf 83' lang='lat' dir='ltr'>juris</span> 
     </span>
     <span class='ocr_line' id='line_1_93' title="bbox 1709 3574 2765 3640; baseline -0.002 -15"><span class='ocrx_word' id='word_1_505' title='bbox 1709 3574 1908 3625; x_wconf 85' lang='lat' dir='ltr'>verba:</span> <span class='ocrx_word' id='word_1_506' title='bbox 1946 3590 1978 3625; x_wconf 90' lang='lat' dir='ltr'>a</span> <span class='ocrx_word' id='word_1_507' title='bbox 2002 3576 2185 3640; x_wconf 85' lang='lat' dir='ltr'>quibus</span> <span class='ocrx_word' id='word_1_508' title='bbox 2224 3576 2382 3627; x_wconf 83' lang='lat' dir='ltr'>etiam</span> <span class='ocrx_word' id='word_1_509' title='bbox 2421 3576 2765 3628; x_wconf 77' lang='lat' dir='ltr'>‘assertores’„</span> 
     </span>
     <span class='ocr_line' id='line_1_94' title="bbox 1708 3650 2764 3734; baseline 0.001 -34"><span class='ocrx_word' id='word_1_510' title='bbox 1708 3650 1957 3701; x_wconf 89' lang='lat' dir='ltr'>dicuntur</span> <span class='ocrx_word' id='word_1_511' title='bbox 1995 3652 2231 3703; x_wconf 82' lang='lat' dir='ltr'>vindices</span> <span class='ocrx_word' id='word_1_512' title='bbox 2274 3654 2461 3704; x_wconf 83' lang='lat' dir='ltr'>alienae</span> <span class='ocrx_word' id='word_1_513' title='bbox 2501 3653 2764 3734; x_wconf 62' lang='lat' dir='ltr'>libertatis.</span> 
     </span>
     <span class='ocr_line' id='line_1_95' title="bbox 1710 3728 2760 3798; baseline -0.002 -19"><span class='ocrx_word' id='word_1_514' title='bbox 1710 3728 1940 3782; x_wconf 83' lang='lat' dir='ltr'>Nam.et</span> <span class='ocrx_word' id='word_1_515' title='bbox 1970 3729 2275 3798; x_wconf 82' lang='lat' dir='ltr'>causaipsa</span> <span class='ocrx_word' id='word_1_516' title='bbox 2307 3730 2584 3781; x_wconf 86' lang='lat' dir='ltr'>‘liberalis</span> <span class='ocrx_word' id='word_1_517' title='bbox 2603 3729 2617 3752; x_wconf 90' lang='lat'>&#39;</span> <span class='ocrx_word' id='word_1_518' title='bbox 2646 3728 2760 3779; x_wconf 87' lang='lat' dir='ltr'>dici·</span> 
     </span>
     <span class='ocr_line' id='line_1_96' title="bbox 1710 3800 2763 3870; baseline 0.004 -16"><span class='ocrx_word' id='word_1_519' title='bbox 1710 3810 1818 3869; x_wconf 88' lang='lat' dir='ltr'>tur,</span> <span class='ocrx_word' id='word_1_520' title='bbox 1851 3800 1967 3870; x_wconf 80' lang='lat' dir='ltr'>quae</span> <span class='ocrx_word' id='word_1_521' title='bbox 1992 3806 2251 3855; x_wconf 87' lang='lat' dir='ltr'>actionem</span> <span class='ocrx_word' id='word_1_522' title='bbox 2275 3806 2329 3855; x_wconf 88' lang='lat' dir='ltr'>in</span> <span class='ocrx_word' id='word_1_523' title='bbox 2351 3820 2408 3856; x_wconf 85' lang='lat' dir='ltr'>se</span> <span class='ocrx_word' id='word_1_524' title='bbox 2429 3808 2681 3858; x_wconf 54' lang='lat' dir='ltr'>‘continet</span> <span class='ocrx_word' id='word_1_525' title='bbox 2708 3806 2763 3858; x_wconf 60' lang='lat' dir='ltr'>li-⁴</span> 
     </span>
     <span class='ocr_line' id='line_1_97' title="bbox 1711 3881 2588 3949; baseline 0 -17"><span class='ocrx_word' id='word_1_526' title='bbox 1711 3881 1949 3934; x_wconf 87' lang='lat' dir='ltr'>bertatis.</span> <span class='ocrx_word' id='word_1_527' title='bbox 1991 3884 2232 3934; x_wconf 73' lang='lat' dir='ltr'>Donatus.</span> <span class='ocrx_word' id='word_1_528' title='bbox 2585 3946 2588 3949; x_wconf 13' lang='grc' dir='ltr'><strong>Α</strong></span> 
     </span>
     <span class='ocr_line' id='line_1_98' title="bbox 1721 3961 2762 4023; baseline 0.001 -12"><span class='ocrx_word' id='word_1_529' title='bbox 1721 4006 1722 4011; x_wconf 75' lang='grc'>,</span> <span class='ocrx_word' id='word_1_530' title='bbox 1777 3963 1911 4011; x_wconf 85' lang='lat' dir='ltr'>Nam</span> <span class='ocrx_word' id='word_1_531' title='bbox 1940 3976 2029 4023; x_wconf 83' lang='lat' dir='ltr'>ego</span> <span class='ocrx_word' id='word_1_532' title='bbox 2050 3961 2185 4010; x_wconf 78' lang='lat' dir='ltr'>illam</span> <span class='ocrx_word' id='word_1_533' title='bbox 2218 3961 2408 4011; x_wconf 76' lang='lat' dir='ltr'>liberali</span> <span class='ocrx_word' id='word_1_534' title='bbox 2439 3978 2596 4014; x_wconf 63' lang='lat' dir='ltr'>umero</span> <span class='ocrx_word' id='word_1_535' title='bbox 2632 3976 2762 4012; x_wconf 73' lang='lat' dir='ltr'>ceusu</span> 
     </span>
     <span class='ocr_line' id='line_1_99' title="bbox 1709 4037 2764 4108; baseline 0.004 -21"><span class='ocrx_word' id='word_1_536' title='bbox 1709 4037 1889 4108; x_wconf 78' lang='lat' dir='ltr'>manu]</span> <span class='ocrx_word' id='word_1_537' title='bbox 1933 4039 2174 4088; x_wconf 87' lang='lat' dir='ltr'>Donatus</span> <span class='ocrx_word' id='word_1_538' title='bbox 2213 4045 2270 4088; x_wconf 86' lang='lat' dir='ltr'>et</span> <span class='ocrx_word' id='word_1_539' title='bbox 2305 4054 2355 4090; x_wconf 88' lang='lat' dir='ltr'>o.</span> <span class='ocrx_word' id='word_1_540' title='bbox 2389 4040 2425 4090; x_wconf 89' lang='lat' dir='ltr'>l.</span> <span class='ocrx_word' id='word_1_541' title='bbox 2458 4056 2502 4089; x_wconf 82' lang='lat' dir='ltr'>s.</span> <span class='ocrx_word' id='word_1_542' title='bbox 2542 4056 2646 4096; x_wconf 70' lang='lat' dir='ltr'>m</span> <span class='ocrx_word' id='word_1_543' title='bbox 2673 4053 2764 4100; x_wconf 68' lang='lat' dir='ltr'>ege</span> 
     </span>
     <span class='ocr_line' id='line_1_100' title="bbox 1709 4114 2548 4171; baseline 0.004 -6"><span class='ocrx_word' id='word_1_544' title='bbox 1709 4114 1897 4165; x_wconf 78' lang='lat' dir='ltr'>liberali</span> <span class='ocrx_word' id='word_1_545' title='bbox 1914 4114 2047 4171; x_wconf 79' lang='lat' dir='ltr'>illam</span> <span class='ocrx_word' id='word_1_546' title='bbox 2066 4131 2112 4165; x_wconf 81' lang='grc' dir='ltr'>α.</span> <span class='ocrx_word' id='word_1_547' title='bbox 2135 4130 2180 4165; x_wconf 84' lang='lat' dir='ltr'>c.</span> <span class='ocrx_word' id='word_1_548' title='bbox 2197 4130 2263 4166; x_wconf 86' lang='lat' dir='ltr'>m.</span> <span class='ocrx_word' id='word_1_549' title='bbox 2292 4115 2548 4168; x_wconf 68' lang='lat' dir='ltr'>Faernus.</span> 
     </span>
    </p>

    <p class='ocr_par' dir='ltr' id='par_1_6' title="bbox 1707 4193 2762 4348">
     <span class='ocr_line' id='line_1_101' title="bbox 1775 4193 2762 4255; baseline 0 -11"><span class='ocrx_word' id='word_1_550' title='bbox 1775 4195 1907 4244; x_wconf 80' lang='lat' dir='ltr'>Nam</span> <span class='ocrx_word' id='word_1_551' title='bbox 1948 4207 2037 4255; x_wconf 80' lang='lat' dir='ltr'>ego</span> <span class='ocrx_word' id='word_1_552' title='bbox 2065 4193 2198 4245; x_wconf 73' lang='lat' dir='ltr'>illam</span> <span class='ocrx_word' id='word_1_553' title='bbox 2216 4194 2405 4245; x_wconf 74' lang='lat' dir='ltr'>liberali</span> <span class='ocrx_word' id='word_1_554' title='bbox 2439 4211 2593 4246; x_wconf 80' lang='lat' dir='ltr'>assero</span> <span class='ocrx_word' id='word_1_555' title='bbox 2624 4209 2762 4244; x_wconf 71' lang='lat' dir='ltr'>cause</span> 
     </span>
     <span class='ocr_line' id='line_1_102' title="bbox 1707 4270 2754 4348; baseline -0.003 -21"><span class='ocrx_word' id='word_1_556' title='bbox 1707 4272 1876 4337; x_wconf 63' lang='lat' dir='ltr'>maweu]</span> <span class='ocrx_word' id='word_1_557' title='bbox 1909 4272 2022 4338; x_wconf 80' lang='lat' dir='ltr'>Ego</span> <span class='ocrx_word' id='word_1_558' title='bbox 2058 4270 2219 4342; x_wconf 79' lang='lat' dir='ltr'>illam,</span> <span class='ocrx_word' id='word_1_559' title='bbox 2244 4288 2362 4345; x_wconf 81' lang='lat' dir='ltr'>quse</span> <span class='ocrx_word' id='word_1_560' title='bbox 2387 4274 2553 4332; x_wconf 81' lang='lat' dir='ltr'>libera</span> <span class='ocrx_word' id='word_1_561' title='bbox 2572 4280 2754 4348; x_wconf 67' lang='lat' dir='ltr'>est„ex</span> 
     </span>
    </p>
   </div>
  </div>
 </body>
</html>
