<?xml version="1.0" encoding="UTF-8"?>
<!DOCTYPE html PUBLIC "-//W3C//DTD XHTML 1.0 Transitional//EN"
    "http://www.w3.org/TR/xhtml1/DTD/xhtml1-transitional.dtd">
<html xmlns="http://www.w3.org/1999/xhtml" xml:lang="en" lang="en">
 <head>
  <title>
</title>
<meta http-equiv="Content-Type" content="text/html;charset=utf-8" />
  <meta name='ocr-system' content='tesseract 3.04.00' />
  <meta name='ocr-capabilities' content='ocr_page ocr_carea ocr_par ocr_line ocrx_word'/>
</head>
<body>
  <div class='ocr_page' id='page_1' title='image "./comoedisexvolum00westgoog_0259.png"; bbox 0 0 3035 4941; ppageno 0'>
   <div class='ocr_carea' id='block_1_1' title="bbox 683 431 2054 482">
    <p class='ocr_par' dir='ltr' id='par_1_1' title="bbox 683 431 2054 482">
     <span class='ocr_line' id='line_1_1' title="bbox 683 431 2054 482; baseline -0.001 -2"><span class='ocrx_word' id='word_1_1' title='bbox 683 431 1041 481; x_wconf 79' lang='lat' dir='ltr'><strong>&#39;I&#39;ERENTH</strong></span> <span class='ocrx_word' id='word_1_2' title='bbox 1093 431 1427 482; x_wconf 84' lang='lat' dir='ltr'><strong>EUNUCH.</strong></span> <span class='ocrx_word' id='word_1_3' title='bbox 1473 431 1639 481; x_wconf 83' lang='lat' dir='ltr'><strong>Ac&#39;r.</strong></span> <span class='ocrx_word' id='word_1_4' title='bbox 1689 432 1756 479; x_wconf 87' lang='lat' dir='ltr'><strong>V.</strong></span> <span class='ocrx_word' id='word_1_5' title='bbox 1801 431 1908 481; x_wconf 86' lang='lat' dir='ltr'><strong>Sc.</strong></span> <span class='ocrx_word' id='word_1_6' title='bbox 1958 433 2054 480; x_wconf 76' lang='lat' dir='ltr'><strong>vl.</strong></span> 
     </span>
    </p>
   </div>
   <div class='ocr_carea' id='block_1_2' title="bbox 267 570 1333 4191">
    <p class='ocr_par' dir='ltr' id='par_1_2' title="bbox 285 570 1292 643">
     <span class='ocr_line' id='line_1_2' title="bbox 285 570 1292 643; baseline 0.007 -20"><span class='ocrx_word' id='word_1_7' title='bbox 285 590 373 626; x_wconf 79' lang='lat' dir='ltr'><strong>car.</strong></span> <span class='ocrx_word' id='word_1_8' title='bbox 404 570 518 642; x_wconf 75' lang='lat' dir='ltr'><strong>quia</strong></span> <span class='ocrx_word' id='word_1_9' title='bbox 536 578 826 628; x_wconf 82' lang='lat' dir='ltr'><strong>necessario</strong></span> <span class='ocrx_word' id='word_1_10' title='bbox 848 578 1097 643; x_wconf 85' lang='lat' dir='ltr'><strong>sequitur.</strong></span> <span class='ocrx_word' id='word_1_11' title='bbox 1141 580 1292 630; x_wconf 85' lang='lat' dir='ltr'><strong><em>Idem.</em></strong></span> 
     </span>
    </p>

    <p class='ocr_par' dir='ltr' id='par_1_3' title="bbox 280 654 1325 1173">
     <span class='ocr_line' id='line_1_3' title="bbox 343 654 1323 724; baseline 0.002 -21"><span class='ocrx_word' id='word_1_12' title='bbox 343 654 433 704; x_wconf 84' lang='lat' dir='ltr'><strong>Sed</strong></span> <span class='ocrx_word' id='word_1_13' title='bbox 451 655 574 724; x_wconf 77' lang='lat' dir='ltr'><strong>istuc</strong></span> <span class='ocrx_word' id='word_1_14' title='bbox 591 655 817 720; x_wconf 80' lang='lat' dir='ltr'><strong>quidquid</strong></span> <span class='ocrx_word' id='word_1_15' title='bbox 831 655 925 718; x_wconf 80' lang='lat' dir='ltr'><strong>est]</strong></span> <span class='ocrx_word' id='word_1_16' title='bbox 958 656 1180 706; x_wconf 85' lang='lat' dir='ltr'><strong>Inventa</strong></span> <span class='ocrx_word' id='word_1_17' title='bbox 1202 671 1323 706; x_wconf 89' lang='lat' dir='ltr'><strong>cau-</strong></span> 
     </span>
     <span class='ocr_line' id='line_1_4' title="bbox 285 732 1322 797; baseline 0.004 -19"><span class='ocrx_word' id='word_1_18' title='bbox 285 744 334 778; x_wconf 86' lang='lat' dir='ltr'><strong>sa</strong></span> <span class='ocrx_word' id='word_1_19' title='bbox 374 747 463 780; x_wconf 87' lang='lat' dir='ltr'><strong>cur</strong></span> <span class='ocrx_word' id='word_1_20' title='bbox 497 734 756 797; x_wconf 87' lang='lat' dir='ltr'><strong>supplicia</strong></span> <span class='ocrx_word' id='word_1_21' title='bbox 799 732 1117 796; x_wconf 82' lang='lat' dir='ltr'><strong>differantur,</strong></span> <span class='ocrx_word' id='word_1_22' title='bbox 1157 733 1322 782; x_wconf 89' lang='lat' dir='ltr'><strong>donec</strong></span> 
     </span>
     <span class='ocr_line' id='line_1_5' title="bbox 282 808 1325 875; baseline 0.006 -22"><span class='ocrx_word' id='word_1_23' title='bbox 282 820 476 857; x_wconf 87' lang='lat' dir='ltr'><strong>uxorem</strong></span> <span class='ocrx_word' id='word_1_24' title='bbox 496 808 655 858; x_wconf 90' lang='lat' dir='ltr'><strong>ducat</strong></span> <span class='ocrx_word' id='word_1_25' title='bbox 674 809 908 873; x_wconf 78' lang='lat' dir='ltr'><strong>Chaerea,</strong></span> <span class='ocrx_word' id='word_1_26' title='bbox 926 816 982 859; x_wconf 92' lang='lat' dir='ltr'><strong>et</strong></span> <span class='ocrx_word' id='word_1_27' title='bbox 999 812 1114 875; x_wconf 88' lang='lat' dir='ltr'><strong>ipse</strong></span> <span class='ocrx_word' id='word_1_28' title='bbox 1133 816 1325 874; x_wconf 84' lang='lat' dir='ltr'><strong>purget</strong></span> 
     </span>
     <span class='ocr_line' id='line_1_6' title="bbox 281 879 1321 952; baseline 0.007 -23"><span class='ocrx_word' id='word_1_29' title='bbox 281 879 676 936; x_wconf 78' lang='lat' dir='ltr'><strong>Parmenonem:</strong></span> <span class='ocrx_word' id='word_1_30' title='bbox 702 887 980 936; x_wconf 88' lang='lat' dir='ltr'><strong>secundum</strong></span> <span class='ocrx_word' id='word_1_31' title='bbox 997 893 1321 952; x_wconf 85' lang='lat' dir='ltr'><strong>argumenta,</strong></span> 
     </span>
     <span class='ocr_line' id='line_1_7' title="bbox 283 959 1321 1027; baseline 0.007 -21"><span class='ocrx_word' id='word_1_32' title='bbox 283 970 387 1019; x_wconf 81' lang='lat' dir='ltr'><strong>quae</strong></span> <span class='ocrx_word' id='word_1_33' title='bbox 413 959 507 1009; x_wconf 90' lang='lat' dir='ltr'><strong>sibi</strong></span> <span class='ocrx_word' id='word_1_34' title='bbox 537 961 653 1025; x_wconf 91' lang='lat' dir='ltr'><strong>ipse</strong></span> <span class='ocrx_word' id='word_1_35' title='bbox 689 964 976 1027; x_wconf 79' lang='lat' dir='ltr'><strong>prospexit,</strong></span> <span class='ocrx_word' id='word_1_36' title='bbox 996 963 1143 1027; x_wconf 86' lang='lat' dir='ltr'><strong>jussu</strong></span> <span class='ocrx_word' id='word_1_37' title='bbox 1176 977 1321 1013; x_wconf 87' lang='lat' dir='ltr'><strong>coac·</strong></span> 
     </span>
     <span class='ocr_line' id='line_1_8' title="bbox 280 1034 1322 1103; baseline 0.008 -22"><span class='ocrx_word' id='word_1_38' title='bbox 280 1037 427 1098; x_wconf 89' lang='lat' dir='ltr'><strong>tuque</strong></span> <span class='ocrx_word' id='word_1_39' title='bbox 456 1034 752 1101; x_wconf 57' lang='lat' dir='ltr'><strong>fecisseset</strong></span> <span class='ocrx_word' id='word_1_40' title='bbox 778 1040 996 1103; x_wconf 89' lang='lat' dir='ltr'><strong>imperio</strong></span> <span class='ocrx_word' id='word_1_41' title='bbox 1022 1040 1196 1090; x_wconf 84' lang='lat' dir='ltr'><strong>herilis</strong></span> <span class='ocrx_word' id='word_1_42' title='bbox 1232 1039 1322 1089; x_wconf 82' lang='lat' dir='ltr'><strong>filii</strong></span> 
     </span>
     <span class='ocr_line' id='line_1_9' title="bbox 281 1109 1047 1173; baseline 0.013 -17"><span class='ocrx_word' id='word_1_43' title='bbox 281 1109 371 1173; x_wconf 83' lang='lat' dir='ltr'><strong>sui,</strong></span> <span class='ocrx_word' id='word_1_44' title='bbox 390 1111 618 1162; x_wconf 81' lang='lat' dir='ltr'><strong>Chaereae</strong></span> <span class='ocrx_word' id='word_1_45' title='bbox 640 1114 862 1165; x_wconf 89' lang='lat' dir='ltr'><strong>scilicet.</strong></span> <span class='ocrx_word' id='word_1_46' title='bbox 896 1116 1047 1166; x_wconf 87' lang='lat' dir='ltr'><strong>Idem.</strong></span> 
     </span>
    </p>

    <p class='ocr_par' dir='ltr' id='par_1_4' title="bbox 278 1188 1319 1332">
     <span class='ocr_line' id='line_1_10' title="bbox 315 1188 1319 1259; baseline 0.011 -24"><span class='ocrx_word' id='word_1_47' title='bbox 315 1191 392 1237; x_wconf 76' lang='lat'><strong>-21</strong></span> <span class='ocrx_word' id='word_1_48' title='bbox 423 1188 503 1239; x_wconf 78' lang='lat' dir='ltr'><strong>Ad</strong></span> <span class='ocrx_word' id='word_1_49' title='bbox 527 1191 757 1242; x_wconf 78' lang='lat' dir='ltr'><strong><em>Thaidem</em></strong></span> <span class='ocrx_word' id='word_1_50' title='bbox 783 1194 1007 1244; x_wconf 83' lang='lat' dir='ltr'><strong>deductus</strong></span> <span class='ocrx_word' id='word_1_51' title='bbox 1032 1193 1130 1259; x_wconf 78' lang='lat' dir='ltr'><strong>est]</strong></span> <span class='ocrx_word' id='word_1_52' title='bbox 1165 1195 1319 1246; x_wconf 84' lang='lat' dir='ltr'>Unde</span> 
     </span>
     <span class='ocr_line' id='line_1_11' title="bbox 278 1260 1095 1332; baseline 0.016 -21"><span class='ocrx_word' id='word_1_53' title='bbox 278 1260 452 1315; x_wconf 90' lang='lat' dir='ltr'><strong>ductor</strong></span> <span class='ocrx_word' id='word_1_54' title='bbox 471 1267 586 1332; x_wconf 90' lang='lat' dir='ltr'><strong>ipse</strong></span> <span class='ocrx_word' id='word_1_55' title='bbox 608 1270 910 1320; x_wconf 88' lang='lat' dir='ltr'><strong>sceleratus.</strong></span> <span class='ocrx_word' id='word_1_56' title='bbox 941 1271 1095 1324; x_wconf 87' lang='lat' dir='ltr'><strong>Idem.</strong></span> 
     </span>
    </p>

    <p class='ocr_par' dir='ltr' id='par_1_5' title="bbox 279 1346 1321 1475">
     <span class='ocr_line' id='line_1_12' title="bbox 335 1346 1321 1415; baseline 0.01 -23"><span class='ocrx_word' id='word_1_57' title='bbox 335 1346 394 1393; x_wconf 89' lang='grc'><strong>22</strong></span> <span class='ocrx_word' id='word_1_58' title='bbox 411 1346 509 1395; x_wconf 76' lang='lat' dir='ltr'><strong>Pr0</strong></span> <span class='ocrx_word' id='word_1_59' title='bbox 532 1348 835 1412; x_wconf 78' lang='lat' dir='ltr'><strong>Eunuchon&#39;]</strong></span> <span class='ocrx_word' id='word_1_60' title='bbox 871 1350 993 1400; x_wconf 88' lang='lat' dir='ltr'><strong>Non</strong></span> <span class='ocrx_word' id='word_1_61' title='bbox 1014 1350 1321 1415; x_wconf 86' lang='lat' dir='ltr'><strong>interrogat,</strong></span> 
     </span>
     <span class='ocr_line' id='line_1_13' title="bbox 279 1417 907 1475; baseline 0.014 -10"><span class='ocrx_word' id='word_1_62' title='bbox 279 1417 360 1466; x_wconf 87' lang='lat' dir='ltr'><strong>sed</strong></span> <span class='ocrx_word' id='word_1_63' title='bbox 381 1422 723 1474; x_wconf 79' lang='lat' dir='ltr'><strong>exhorrescit.</strong></span> <span class='ocrx_word' id='word_1_64' title='bbox 756 1424 907 1475; x_wconf 85' lang='lat' dir='ltr'><strong><em>Idem.</em></strong></span> 
     </span>
    </p>

    <p class='ocr_par' dir='ltr' id='par_1_6' title="bbox 277 1496 1322 2014">
     <span class='ocr_line' id='line_1_14' title="bbox 336 1496 1321 1567; baseline 0.008 -20"><span class='ocrx_word' id='word_1_65' title='bbox 336 1496 477 1548; x_wconf 72' lang='lat' dir='ltr'><strong>Hunc</strong></span> <span class='ocrx_word' id='word_1_66' title='bbox 511 1515 601 1563; x_wconf 73' lang='lat' dir='ltr'><strong>pro</strong></span> <span class='ocrx_word' id='word_1_67' title='bbox 635 1503 809 1551; x_wconf 75' lang='lat' dir='ltr'><strong>moecho</strong></span> <span class='ocrx_word' id='word_1_68' title='bbox 835 1503 1024 1567; x_wconf 77' lang='lat' dir='ltr'><strong>postea]</strong></span> <span class='ocrx_word' id='word_1_69' title='bbox 1046 1504 1192 1553; x_wconf 87' lang='lat' dir='ltr'><strong>Bene</strong></span> <span class='ocrx_word' id='word_1_70' title='bbox 1215 1510 1321 1555; x_wconf 88' lang='lat' dir='ltr'><strong>stu-</strong></span> 
     </span>
     <span class='ocr_line' id='line_1_15' title="bbox 279 1571 1320 1642; baseline 0.011 -22"><span class='ocrx_word' id='word_1_71' title='bbox 279 1571 384 1622; x_wconf 83' lang='lat' dir='ltr'><strong>duit</strong></span> <span class='ocrx_word' id='word_1_72' title='bbox 412 1575 713 1642; x_wconf 77' lang='lat' dir='ltr'><strong>Terentius,</strong></span> <span class='ocrx_word' id='word_1_73' title='bbox 742 1593 850 1641; x_wconf 86' lang='lat' dir='ltr'><strong>pro,</strong></span> <span class='ocrx_word' id='word_1_74' title='bbox 879 1579 958 1629; x_wconf 90' lang='lat' dir='ltr'><strong>bis</strong></span> <span class='ocrx_word' id='word_1_75' title='bbox 999 1594 1211 1630; x_wconf 89' lang='lat' dir='ltr'><strong>numero</strong></span> <span class='ocrx_word' id='word_1_76' title='bbox 1244 1581 1320 1632; x_wconf 91' lang='lat' dir='ltr'><strong>di·</strong></span> 
     </span>
     <span class='ocr_line' id='line_1_16' title="bbox 278 1656 1318 1720; baseline 0.012 -22"><span class='ocrx_word' id='word_1_77' title='bbox 278 1664 410 1702; x_wconf 90' lang='lat' dir='ltr'><strong>cere:</strong></span> <span class='ocrx_word' id='word_1_78' title='bbox 435 1660 489 1704; x_wconf 87' lang='lat' dir='ltr'><strong>et</strong></span> <span class='ocrx_word' id='word_1_79' title='bbox 507 1670 597 1718; x_wconf 84' lang='lat' dir='ltr'><strong>pro</strong></span> <span class='ocrx_word' id='word_1_80' title='bbox 617 1656 887 1720; x_wconf 85' lang='lat' dir='ltr'><strong>Eunucho,</strong></span> <span class='ocrx_word' id='word_1_81' title='bbox 909 1663 964 1706; x_wconf 89' lang='lat' dir='ltr'><strong>et</strong></span> <span class='ocrx_word' id='word_1_82' title='bbox 981 1672 1070 1719; x_wconf 84' lang='lat' dir='ltr'><strong>pro</strong></span> <span class='ocrx_word' id='word_1_83' title='bbox 1090 1658 1318 1710; x_wconf 75' lang='lat' dir='ltr'><strong>Moecho.</strong></span> 
     </span>
     <span class='ocr_line' id='line_1_17' title="bbox 277 1726 1318 1798; baseline 0.009 -22"><span class='ocrx_word' id='word_1_84' title='bbox 277 1726 370 1778; x_wconf 86' lang='lat' dir='ltr'><strong>Pro</strong></span> <span class='ocrx_word' id='word_1_85' title='bbox 409 1732 581 1780; x_wconf 74' lang='lat' dir='ltr'><strong>moecho</strong></span> <span class='ocrx_word' id='word_1_86' title='bbox 635 1738 811 1782; x_wconf 89' lang='lat' dir='ltr'><strong>autem</strong></span> <span class='ocrx_word' id='word_1_87' title='bbox 864 1733 1036 1798; x_wconf 84' lang='lat' dir='ltr'><strong>quasi·</strong></span> <span class='ocrx_word' id='word_1_88' title='bbox 1068 1747 1318 1785; x_wconf 86' lang='lat' dir='ltr'><strong>excusans</strong></span> 
     </span>
     <span class='ocr_line' id='line_1_18' title="bbox 277 1803 1320 1875; baseline 0.01 -23"><span class='ocrx_word' id='word_1_89' title='bbox 277 1803 413 1856; x_wconf 82' lang='lat' dir='ltr'><strong>dixit.</strong></span> <span class='ocrx_word' id='word_1_90' title='bbox 480 1809 619 1858; x_wconf 88' lang='lat' dir='ltr'><strong>Nam</strong></span> <span class='ocrx_word' id='word_1_91' title='bbox 655 1822 782 1858; x_wconf 79' lang='lat' dir='ltr'><strong>vere</strong></span> <span class='ocrx_word' id='word_1_92' title='bbox 814 1809 866 1859; x_wconf 88' lang='lat' dir='ltr'><strong>in</strong></span> <span class='ocrx_word' id='word_1_93' title='bbox 887 1810 1155 1875; x_wconf 78' lang='lat' dir='ltr'><strong>Virginem</strong></span> <span class='ocrx_word' id='word_1_94' title='bbox 1178 1809 1320 1862; x_wconf 90' lang='lat' dir='ltr'><strong>Atti-</strong></span> 
     </span>
     <span class='ocr_line' id='line_1_19' title="bbox 277 1887 1322 1953; baseline 0.007 -21"><span class='ocrx_word' id='word_1_95' title='bbox 277 1896 397 1947; x_wconf 85' lang='lat' dir='ltr'><strong>cam,</strong></span> <span class='ocrx_word' id='word_1_96' title='bbox 429 1900 532 1936; x_wconf 89' lang='lat' dir='ltr'><strong>non</strong></span> <span class='ocrx_word' id='word_1_97' title='bbox 573 1901 672 1951; x_wconf 89' lang='lat' dir='ltr'><strong>pro</strong></span> <span class='ocrx_word' id='word_1_98' title='bbox 712 1887 930 1953; x_wconf 84' lang='lat' dir='ltr'><strong>moecho,</strong></span> <span class='ocrx_word' id='word_1_99' title='bbox 963 1888 1057 1938; x_wconf 83' lang='lat' dir='ltr'><strong>sed</strong></span> <span class='ocrx_word' id='word_1_100' title='bbox 1095 1889 1322 1940; x_wconf 84' lang='lat' dir='ltr'><strong>moechus</strong></span> 
     </span>
     <span class='ocr_line' id='line_1_20' title="bbox 278 1963 550 2014; baseline 0.022 -6"><span class='ocrx_word' id='word_1_101' title='bbox 278 1968 366 2011; x_wconf 87' lang='lat' dir='ltr'><strong>est.</strong></span> <span class='ocrx_word' id='word_1_102' title='bbox 399 1963 550 2014; x_wconf 90' lang='lat' dir='ltr'><strong>Idem.</strong></span> 
     </span>
    </p>

    <p class='ocr_par' dir='ltr' id='par_1_7' title="bbox 274 2040 1325 2706">
     <span class='ocr_line' id='line_1_21' title="bbox 338 2040 1320 2109; baseline 0.005 -19"><span class='ocrx_word' id='word_1_103' title='bbox 338 2040 475 2091; x_wconf 72' lang='lat' dir='ltr'><strong>Hunc</strong></span> <span class='ocrx_word' id='word_1_104' title='bbox 514 2058 604 2106; x_wconf 82' lang='lat' dir='ltr'><strong>pro</strong></span> <span class='ocrx_word' id='word_1_105' title='bbox 648 2045 824 2094; x_wconf 74' lang='lat' dir='ltr'><strong>moecho</strong></span> <span class='ocrx_word' id='word_1_106' title='bbox 862 2044 1046 2109; x_wconf 77' lang='lat' dir='ltr'><strong>postea]</strong></span> <span class='ocrx_word' id='word_1_107' title='bbox 1081 2046 1226 2094; x_wconf 88' lang='lat' dir='ltr'><strong>Bene</strong></span> <span class='ocrx_word' id='word_1_108' title='bbox 1263 2060 1320 2095; x_wconf 87' lang='lat' dir='ltr'><strong>u·</strong></span> 
     </span>
     <span class='ocr_line' id='line_1_22' title="bbox 277 2121 1321 2187; baseline 0.006 -22"><span class='ocrx_word' id='word_1_109' title='bbox 277 2121 500 2184; x_wconf 89' lang='lat' dir='ltr'><strong>trumque</strong></span> <span class='ocrx_word' id='word_1_110' title='bbox 537 2135 650 2185; x_wconf 80' lang='lat' dir='ltr'><strong>pro,</strong></span> <span class='ocrx_word' id='word_1_111' title='bbox 693 2122 813 2185; x_wconf 90' lang='lat' dir='ltr'><strong>quia</strong></span> <span class='ocrx_word' id='word_1_112' title='bbox 835 2137 1007 2187; x_wconf 88' lang='lat' dir='ltr'><strong>neque</strong></span> <span class='ocrx_word' id='word_1_113' title='bbox 1047 2123 1321 2172; x_wconf 85' lang='lat' dir='ltr'><strong>Eunuchus</strong></span> 
     </span>
     <span class='ocr_line' id='line_1_23' title="bbox 277 2197 1323 2265; baseline 0.009 -24"><span class='ocrx_word' id='word_1_114' title='bbox 277 2201 365 2257; x_wconf 85' lang='lat' dir='ltr'><strong>est,</strong></span> <span class='ocrx_word' id='word_1_115' title='bbox 410 2197 495 2260; x_wconf 84' lang='lat' dir='ltr'><strong>qui</strong></span> <span class='ocrx_word' id='word_1_116' title='bbox 541 2198 751 2248; x_wconf 74' lang='lat' dir='ltr'><strong>vitiavit</strong></span> <span class='ocrx_word' id='word_1_117' title='bbox 804 2199 1097 2263; x_wconf 84' lang='lat' dir='ltr'><strong>virginem3</strong></span> <span class='ocrx_word' id='word_1_118' title='bbox 1151 2215 1323 2265; x_wconf 88' lang='lat' dir='ltr'><strong>neque</strong></span> 
     </span>
     <span class='ocr_line' id='line_1_24' title="bbox 275 2272 1322 2340; baseline 0.007 -20"><span class='ocrx_word' id='word_1_119' title='bbox 275 2272 511 2334; x_wconf 84' lang='lat' dir='ltr'><strong>moechns,</strong></span> <span class='ocrx_word' id='word_1_120' title='bbox 557 2275 652 2340; x_wconf 90' lang='lat' dir='ltr'><strong>qui</strong></span> <span class='ocrx_word' id='word_1_121' title='bbox 697 2276 751 2325; x_wconf 90' lang='lat' dir='ltr'><strong>in</strong></span> <span class='ocrx_word' id='word_1_122' title='bbox 799 2275 951 2326; x_wconf 87' lang='lat' dir='ltr'><strong>domo</strong></span> <span class='ocrx_word' id='word_1_123' title='bbox 1005 2277 1322 2327; x_wconf 88' lang='lat' dir='ltr'><strong>meretricia.</strong></span> 
     </span>
     <span class='ocr_line' id='line_1_25' title="bbox 276 2348 1325 2418; baseline 0.005 -20"><span class='ocrx_word' id='word_1_124' title='bbox 276 2348 339 2398; x_wconf 86' lang='lat' dir='ltr'><strong>Et</strong></span> <span class='ocrx_word' id='word_1_125' title='bbox 359 2358 539 2414; x_wconf 87' lang='lat' dir='ltr'><strong>specta</strong></span> <span class='ocrx_word' id='word_1_126' title='bbox 559 2367 714 2418; x_wconf 87' lang='lat' dir='ltr'><strong>quam</strong></span> <span class='ocrx_word' id='word_1_127' title='bbox 744 2354 972 2403; x_wconf 88' lang='lat' dir='ltr'><strong>oratorie</strong></span> <span class='ocrx_word' id='word_1_128' title='bbox 997 2353 1325 2403; x_wconf 77' lang='lat' dir='ltr'><strong>transtulerit</strong></span> 
     </span>
     <span class='ocr_line' id='line_1_26' title="bbox 275 2426 1324 2495; baseline 0.006 -22"><span class='ocrx_word' id='word_1_129' title='bbox 275 2426 574 2478; x_wconf 80' lang='lat' dir='ltr'><strong>mentionem</strong></span> <span class='ocrx_word' id='word_1_130' title='bbox 641 2427 844 2479; x_wconf 78' lang='lat' dir='ltr'><strong>vitiatae</strong></span> <span class='ocrx_word' id='word_1_131' title='bbox 898 2428 1134 2495; x_wconf 83' lang='lat' dir='ltr'><strong>virginis.</strong></span> <span class='ocrx_word' id='word_1_132' title='bbox 1219 2430 1324 2479; x_wconf 82' lang='lat' dir='ltr'><strong>Pro</strong></span> 
     </span>
     <span class='ocr_line' id='line_1_27' title="bbox 274 2503 1324 2571; baseline 0.006 -19"><span class='ocrx_word' id='word_1_133' title='bbox 274 2503 449 2567; x_wconf 80' lang='lat' dir='ltr'><strong>moecho,</strong></span> <span class='ocrx_word' id='word_1_134' title='bbox 500 2505 693 2571; x_wconf 89' lang='lat' dir='ltr'><strong>inquit,</strong></span> <span class='ocrx_word' id='word_1_135' title='bbox 737 2512 797 2557; x_wconf 90' lang='lat' dir='ltr'><strong>ut</strong></span> <span class='ocrx_word' id='word_1_136' title='bbox 849 2509 1053 2571; x_wconf 87' lang='lat' dir='ltr'><strong>culpam</strong></span> <span class='ocrx_word' id='word_1_137' title='bbox 1097 2508 1324 2558; x_wconf 75' lang='lat' dir='ltr'><strong>Chaereae</strong></span> 
     </span>
     <span class='ocr_line' id='line_1_28' title="bbox 276 2580 1323 2663; baseline 0.008 -37"><span class='ocrx_word' id='word_1_138' title='bbox 276 2580 360 2630; x_wconf 86' lang='lat' dir='ltr'><strong>sub</strong></span> <span class='ocrx_word' id='word_1_139' title='bbox 391 2581 684 2632; x_wconf 88' lang='lat' dir='ltr'><strong>meretricis</strong></span> <span class='ocrx_word' id='word_1_140' title='bbox 719 2583 1049 2663; x_wconf 77' lang='lat' dir='ltr'><strong>accusatione</strong></span> <span class='ocrx_word' id='word_1_141' title='bbox 1091 2585 1323 2635; x_wconf 89' lang='lat' dir='ltr'><strong>coelaret.</strong></span> 
     </span>
     <span class='ocr_line' id='line_1_29' title="bbox 276 2655 412 2710; baseline 0.025 -6"><span class='ocrx_word' id='word_1_142' title='bbox 276 2655 412 2710; x_wconf 84' lang='lat' dir='ltr'><strong>Idem.</strong></span> 
     </span>
    </p>

    <p class='ocr_par' dir='ltr' id='par_1_8' title="bbox 275 2734 1326 2955">
     <span class='ocr_line' id='line_1_30' title="bbox 331 2734 1325 2801; baseline 0.003 -18"><span class='ocrx_word' id='word_1_143' title='bbox 331 2734 472 2785; x_wconf 76' lang='lat' dir='ltr'><strong>Hunc</strong></span> <span class='ocrx_word' id='word_1_144' title='bbox 489 2751 579 2800; x_wconf 80' lang='lat' dir='ltr'><strong>pro</strong></span> <span class='ocrx_word' id='word_1_145' title='bbox 600 2734 799 2799; x_wconf 66' lang='lat' dir='ltr'><strong>marcho]</strong></span> <span class='ocrx_word' id='word_1_146' title='bbox 837 2736 984 2786; x_wconf 88' lang='lat' dir='ltr'><strong>Bene</strong></span> <span class='ocrx_word' id='word_1_147' title='bbox 1020 2742 1189 2787; x_wconf 88' lang='lat' dir='ltr'><strong>totum</strong></span> <span class='ocrx_word' id='word_1_148' title='bbox 1204 2752 1325 2801; x_wconf 80' lang='lat' dir='ltr'><strong>pro.-</strong></span> 
     </span>
     <span class='ocr_line' id='line_1_31' title="bbox 275 2811 1324 2880; baseline 0.004 -20"><span class='ocrx_word' id='word_1_149' title='bbox 275 2811 385 2874; x_wconf 87' lang='lat' dir='ltr'><strong>quia</strong></span> <span class='ocrx_word' id='word_1_150' title='bbox 404 2828 572 2879; x_wconf 87' lang='lat' dir='ltr'><strong>neque</strong></span> <span class='ocrx_word' id='word_1_151' title='bbox 594 2814 893 2877; x_wconf 77' lang='lat' dir='ltr'><strong>Eunuchus,</strong></span> <span class='ocrx_word' id='word_1_152' title='bbox 925 2813 1012 2879; x_wconf 88' lang='lat' dir='ltr'><strong>qui</strong></span> <span class='ocrx_word' id='word_1_153' title='bbox 1046 2815 1324 2880; x_wconf 82' lang='lat' dir='ltr'><strong>Ephebus3</strong></span> 
     </span>
     <span class='ocr_line' id='line_1_32' title="bbox 275 2889 1326 2955; baseline 0.008 -20"><span class='ocrx_word' id='word_1_154' title='bbox 275 2900 428 2953; x_wconf 85' lang='lat' dir='ltr'><strong>neque</strong></span> <span class='ocrx_word' id='word_1_155' title='bbox 452 2890 700 2951; x_wconf 82' lang='lat' dir='ltr'><strong>Adulter,</strong></span> <span class='ocrx_word' id='word_1_156' title='bbox 722 2891 811 2955; x_wconf 88' lang='lat' dir='ltr'><strong>qui</strong></span> <span class='ocrx_word' id='word_1_157' title='bbox 834 2889 1068 2942; x_wconf 81' lang='lat' dir='ltr'><strong>Amator.</strong></span> <span class='ocrx_word' id='word_1_158' title='bbox 1109 2893 1260 2944; x_wconf 88' lang='lat' dir='ltr'><strong>Idem.</strong></span> <span class='ocrx_word' id='word_1_159' title='bbox 1319 2916 1326 2922; x_wconf 87' lang='lat'><em>·</em></span> 
     </span>
    </p>

    <p class='ocr_par' dir='ltr' id='par_1_9' title="bbox 271 2967 1327 3338">
     <span class='ocr_line' id='line_1_33' title="bbox 329 2967 1325 3031; baseline 0.003 -17"><span class='ocrx_word' id='word_1_160' title='bbox 329 2970 389 3015; x_wconf 77' lang='grc'><strong>23</strong></span> <span class='ocrx_word' id='word_1_161' title='bbox 457 2967 860 3031; x_wconf 78' lang='lat' dir='ltr'><strong>Comprehendere</strong></span> <span class='ocrx_word' id='word_1_162' title='bbox 911 2968 1061 3031; x_wconf 83' lang='lat' dir='ltr'><strong>intus,</strong></span> <span class='ocrx_word' id='word_1_163' title='bbox 1116 2972 1164 3017; x_wconf 81' lang='lat' dir='ltr'><strong>et</strong></span> <span class='ocrx_word' id='word_1_164' title='bbox 1218 2983 1325 3017; x_wconf 83' lang='lat' dir='ltr'><strong>con·</strong></span> 
     </span>
     <span class='ocr_line' id='line_1_34' title="bbox 271 3042 1324 3108; baseline 0.006 -20"><span class='ocrx_word' id='word_1_165' title='bbox 271 3042 519 3108; x_wconf 77' lang='lat' dir='ltr'><strong>strinxere]</strong></span> <span class='ocrx_word' id='word_1_166' title='bbox 566 3045 690 3096; x_wconf 78' lang='lat' dir='ltr'><strong>Quo</strong></span> <span class='ocrx_word' id='word_1_167' title='bbox 735 3044 875 3094; x_wconf 92' lang='lat' dir='ltr'><strong>dicto</strong></span> <span class='ocrx_word' id='word_1_168' title='bbox 920 3044 1021 3093; x_wconf 82' lang='lat' dir='ltr'><strong>vim</strong></span> <span class='ocrx_word' id='word_1_169' title='bbox 1064 3044 1324 3106; x_wconf 78' lang='lat' dir='ltr'><strong>ingentem</strong></span> 
     </span>
     <span class='ocr_line' id='line_1_35' title="bbox 274 3114 1326 3186; baseline 0.007 -22"><span class='ocrx_word' id='word_1_170' title='bbox 274 3114 438 3186; x_wconf 81' lang='lat' dir='ltr'><strong>inferri</strong></span> <span class='ocrx_word' id='word_1_171' title='bbox 478 3119 744 3184; x_wconf 82' lang='lat' dir='ltr'><strong>significat</strong></span> <span class='ocrx_word' id='word_1_172' title='bbox 786 3120 1038 3170; x_wconf 83' lang='lat' dir='ltr'><strong>Chaereae.</strong></span> <span class='ocrx_word' id='word_1_173' title='bbox 1107 3121 1326 3184; x_wconf 80' lang='lat' dir='ltr'><strong>Compre-</strong></span> 
     </span>
     <span class='ocr_line' id='line_1_36' title="bbox 275 3194 1327 3263; baseline 0.001 -18"><span class='ocrx_word' id='word_1_174' title='bbox 275 3194 475 3262; x_wconf 76' lang='lat' dir='ltr'><strong>hendere,</strong></span> <span class='ocrx_word' id='word_1_175' title='bbox 493 3196 757 3263; x_wconf 78' lang='lat' dir='ltr'><strong>significat</strong></span> <span class='ocrx_word' id='word_1_176' title='bbox 778 3197 1003 3247; x_wconf 89' lang='lat' dir='ltr'><strong>strictim</strong></span> <span class='ocrx_word' id='word_1_177' title='bbox 1025 3197 1250 3263; x_wconf 81' lang='lat' dir='ltr'><strong>aliquem</strong></span> <span class='ocrx_word' id='word_1_178' title='bbox 1272 3198 1327 3247; x_wconf 89' lang='lat' dir='ltr'><strong>in</strong></span> 
     </span>
     <span class='ocr_line' id='line_1_37' title="bbox 271 3269 1097 3338; baseline 0.002 -17"><span class='ocrx_word' id='word_1_179' title='bbox 271 3269 488 3325; x_wconf 82' lang='lat' dir='ltr'><strong>facinore</strong></span> <span class='ocrx_word' id='word_1_180' title='bbox 512 3274 904 3338; x_wconf 88' lang='lat' dir='ltr'><strong>deprehensum.</strong></span> <span class='ocrx_word' id='word_1_181' title='bbox 939 3274 1097 3323; x_wconf 87' lang='lat' dir='ltr'><strong>Idem.</strong></span> 
     </span>
    </p>

    <p class='ocr_par' dir='ltr' id='par_1_10' title="bbox 267 3350 1328 3794">
     <span class='ocr_line' id='line_1_38' title="bbox 327 3350 1326 3415; baseline 0 -15"><span class='ocrx_word' id='word_1_182' title='bbox 327 3355 389 3402; x_wconf 82' lang='grc'><strong>24</strong></span> <span class='ocrx_word' id='word_1_183' title='bbox 402 3351 673 3403; x_wconf 74' lang='lat' dir='ltr'><strong>Audaciam</strong></span> <span class='ocrx_word' id='word_1_184' title='bbox 695 3352 992 3401; x_wconf 78' lang='lat' dir='ltr'><strong>meretricum</strong></span> <span class='ocrx_word' id='word_1_185' title='bbox 1005 3350 1196 3415; x_wconf 80' lang='lat' dir='ltr'><strong>specta]</strong></span> <span class='ocrx_word' id='word_1_186' title='bbox 1209 3350 1326 3400; x_wconf 87' lang='lat' dir='ltr'><strong>Ma-</strong></span> 
     </span>
     <span class='ocr_line' id='line_1_39' title="bbox 267 3425 1327 3493; baseline -0.001 -16"><span class='ocrx_word' id='word_1_187' title='bbox 267 3425 345 3490; x_wconf 88' lang='lat' dir='ltr'><strong>jor</strong></span> <span class='ocrx_word' id='word_1_188' title='bbox 376 3427 578 3493; x_wconf 77' lang='grc' dir='ltr'><strong>ἔμφασις</strong></span> <span class='ocrx_word' id='word_1_189' title='bbox 609 3427 957 3479; x_wconf 77' lang='lat' dir='ltr'><strong>accusationis</strong></span> <span class='ocrx_word' id='word_1_190' title='bbox 991 3434 1072 3477; x_wconf 89' lang='lat' dir='ltr'><strong>est</strong></span> <span class='ocrx_word' id='word_1_191' title='bbox 1094 3441 1192 3492; x_wconf 84' lang='lat' dir='ltr'><strong>per</strong></span> <span class='ocrx_word' id='word_1_192' title='bbox 1213 3428 1327 3492; x_wconf 90' lang='lat' dir='ltr'><strong>plu·</strong></span> 
     </span>
     <span class='ocr_line' id='line_1_40' title="bbox 273 3505 1328 3569; baseline 0.003 -16"><span class='ocrx_word' id='word_1_193' title='bbox 273 3507 423 3556; x_wconf 80' lang='lat' dir='ltr'><strong>talem</strong></span> <span class='ocrx_word' id='word_1_194' title='bbox 464 3521 758 3568; x_wconf 87' lang='lat' dir='ltr'><strong>numerum,</strong></span> <span class='ocrx_word' id='word_1_195' title='bbox 804 3519 957 3568; x_wconf 88' lang='lat' dir='ltr'><strong>quam</strong></span> <span class='ocrx_word' id='word_1_196' title='bbox 995 3505 1328 3569; x_wconf 80' lang='lat' dir='ltr'><strong>singularem.</strong></span> 
     </span>
     <span class='ocr_line' id='line_1_41' title="bbox 279 3583 1327 3648; baseline -0.002 -16"><span class='ocrx_word' id='word_1_197' title='bbox 279 3583 358 3634; x_wconf 89' lang='lat' dir='ltr'><strong>Sic</strong></span> <span class='ocrx_word' id='word_1_198' title='bbox 378 3585 501 3635; x_wconf 88' lang='lat' dir='ltr'><strong>alibi</strong></span> <span class='ocrx_word' id='word_1_199' title='bbox 522 3603 537 3636; x_wconf 68' lang='grc' dir='ltr'>ς</span> <span class='ocrx_word' id='word_1_200' title='bbox 574 3586 591 3614; x_wconf 77' lang='lat'><strong><em>⁴</em></strong></span> <span class='ocrx_word' id='word_1_201' title='bbox 610 3583 693 3634; x_wconf 88' lang='lat' dir='ltr'><strong>An</strong></span> <span class='ocrx_word' id='word_1_202' title='bbox 717 3583 892 3648; x_wconf 85' lang='lat' dir='ltr'><strong>potius</strong></span> <span class='ocrx_word' id='word_1_203' title='bbox 927 3583 1002 3632; x_wconf 88' lang='lat' dir='ltr'><strong>ita</strong></span> <span class='ocrx_word' id='word_1_204' title='bbox 1023 3597 1106 3631; x_wconf 90' lang='lat' dir='ltr'><strong>me</strong></span> <span class='ocrx_word' id='word_1_205' title='bbox 1120 3595 1327 3646; x_wconf 88' lang='lat' dir='ltr'><strong>compa-</strong></span> 
     </span>
     <span class='ocr_line' id='line_1_42' title="bbox 276 3660 1327 3726; baseline 0.001 -18"><span class='ocrx_word' id='word_1_206' title='bbox 276 3674 374 3711; x_wconf 86' lang='lat' dir='ltr'><strong>rem</strong></span> <span class='ocrx_word' id='word_1_207' title='bbox 419 3664 540 3713; x_wconf 88' lang='lat' dir='ltr'><strong>Non</strong></span> <span class='ocrx_word' id='word_1_208' title='bbox 584 3661 791 3726; x_wconf 80' lang='lat' dir='ltr'><strong>perpeti</strong></span> <span class='ocrx_word' id='word_1_209' title='bbox 829 3660 1162 3711; x_wconf 82' lang='lat' dir='ltr'><strong>meretricum</strong></span> <span class='ocrx_word' id='word_1_210' title='bbox 1206 3674 1327 3710; x_wconf 89' lang='lat' dir='ltr'><strong>con-</strong></span> 
     </span>
     <span class='ocr_line' id='line_1_43' title="bbox 267 3737 759 3794; baseline 0.016 -10"><span class='ocrx_word' id='word_1_211' title='bbox 267 3738 504 3789; x_wconf 76' lang='lat' dir='ltr'><strong>tumelias</strong></span> <span class='ocrx_word' id='word_1_212' title='bbox 528 3737 569 3794; x_wconf 60' lang='grc' dir='ltr'><strong>θ’</strong></span> <span class='ocrx_word' id='word_1_213' title='bbox 606 3737 759 3791; x_wconf 75' lang='lat' dir='ltr'><strong>Idem.</strong></span> 
     </span>
    </p>

    <p class='ocr_par' dir='ltr' id='par_1_11' title="bbox 278 3813 1329 4030">
     <span class='ocr_line' id='line_1_44' title="bbox 333 3813 1329 3883; baseline -0.003 -17"><span class='ocrx_word' id='word_1_214' title='bbox 333 3815 594 3866; x_wconf 77' lang='lat' dir='ltr'><strong>Audaciam</strong></span> <span class='ocrx_word' id='word_1_215' title='bbox 629 3813 950 3883; x_wconf 83' lang='lat' dir='ltr'><strong>meretricum]</strong></span> <span class='ocrx_word' id='word_1_216' title='bbox 992 3813 1239 3864; x_wconf 90' lang='lat' dir='ltr'><strong>Oratorie</strong></span> <span class='ocrx_word' id='word_1_217' title='bbox 1276 3828 1329 3863; x_wconf 91' lang='lat' dir='ltr'><strong>a·</strong></span> 
     </span>
     <span class='ocr_line' id='line_1_45' title="bbox 280 3890 1331 3954; baseline 0.005 -19"><span class='ocrx_word' id='word_1_218' title='bbox 280 3892 429 3942; x_wconf 83' lang='lat' dir='ltr'><strong>vertit</strong></span> <span class='ocrx_word' id='word_1_219' title='bbox 457 3893 590 3942; x_wconf 89' lang='lat' dir='ltr'><strong>iram</strong></span> <span class='ocrx_word' id='word_1_220' title='bbox 626 3891 778 3942; x_wconf 86' lang='lat' dir='ltr'><strong>Senis</strong></span> <span class='ocrx_word' id='word_1_221' title='bbox 798 3905 830 3940; x_wconf 92' lang='lat' dir='ltr'><strong>a</strong></span> <span class='ocrx_word' id='word_1_222' title='bbox 849 3905 925 3954; x_wconf 89' lang='lat' dir='ltr'><strong>se,</strong></span> <span class='ocrx_word' id='word_1_223' title='bbox 946 3897 1003 3940; x_wconf 91' lang='lat' dir='ltr'><strong>et</strong></span> <span class='ocrx_word' id='word_1_224' title='bbox 1024 3906 1057 3940; x_wconf 89' lang='lat' dir='ltr'><strong>a</strong></span> <span class='ocrx_word' id='word_1_225' title='bbox 1077 3890 1331 3942; x_wconf 80' lang='lat' dir='ltr'><strong>Choerea.</strong></span> 
     </span>
     <span class='ocr_line' id='line_1_46' title="bbox 278 3967 1288 4030; baseline 0.005 -18"><span class='ocrx_word' id='word_1_226' title='bbox 278 3970 423 4030; x_wconf 84' lang='lat' dir='ltr'><strong>atque</strong></span> <span class='ocrx_word' id='word_1_227' title='bbox 444 3968 652 4018; x_wconf 87' lang='lat' dir='ltr'><strong>derivat</strong></span> <span class='ocrx_word' id='word_1_228' title='bbox 668 3969 722 4016; x_wconf 88' lang='lat' dir='ltr'><strong>in</strong></span> <span class='ocrx_word' id='word_1_229' title='bbox 745 3967 1102 4017; x_wconf 83' lang='lat' dir='ltr'><strong>Meretricem.</strong></span> <span class='ocrx_word' id='word_1_230' title='bbox 1138 3967 1288 4017; x_wconf 82' lang='lat' dir='ltr'><strong>Idem.</strong></span> 
     </span>
    </p>

    <p class='ocr_par' dir='ltr' id='par_1_12' title="bbox 284 4047 1333 4191">
     <span class='ocr_line' id='line_1_47' title="bbox 341 4047 1331 4114; baseline 0.004 -20"><span class='ocrx_word' id='word_1_231' title='bbox 341 4047 583 4112; x_wconf 81' lang='lat' dir='ltr'><strong>Numquid</strong></span> <span class='ocrx_word' id='word_1_232' title='bbox 625 4053 695 4099; x_wconf 79' lang='lat' dir='ltr'><strong>est</strong></span> <span class='ocrx_word' id='word_1_233' title='bbox 737 4048 870 4099; x_wconf 80' lang='lat' dir='ltr'><strong>aliud</strong></span> <span class='ocrx_word' id='word_1_234' title='bbox 907 4048 1040 4112; x_wconf 75' lang='lat' dir='ltr'><strong>mali,</strong></span> <span class='ocrx_word' id='word_1_235' title='bbox 1088 4049 1331 4114; x_wconf 70' lang='lat' dir='ltr'><strong>damnis-e]</strong></span> 
     </span>
     <span class='ocr_line' id='line_1_48' title="bbox 284 4120 1333 4191; baseline 0.002 -20"><span class='ocrx_word' id='word_1_236' title='bbox 284 4120 420 4174; x_wconf 88' lang='lat' dir='ltr'><strong>Bene</strong></span> <span class='ocrx_word' id='word_1_237' title='bbox 442 4126 763 4191; x_wconf 81' lang='lat' dir='ltr'><strong>interrogat:</strong></span> <span class='ocrx_word' id='word_1_238' title='bbox 802 4125 926 4191; x_wconf 87' lang='lat' dir='ltr'><strong>quia</strong></span> <span class='ocrx_word' id='word_1_239' title='bbox 946 4124 1116 4174; x_wconf 88' lang='lat' dir='ltr'><strong>omnia</strong></span> <span class='ocrx_word' id='word_1_240' title='bbox 1140 4125 1333 4175; x_wconf 82' lang='lat' dir='ltr'><strong>invitus</strong></span> 
     </span>
    </p>
   </div>
   <div class='ocr_carea' id='block_1_3' title="bbox 287 4201 1341 4256">
    <p class='ocr_par' dir='ltr' id='par_1_13' title="bbox 287 4201 1341 4256">
     <span class='ocr_line' id='line_1_49' title="bbox 287 4201 1341 4256; baseline 0.007 -11"><span class='ocrx_word' id='word_1_241' title='bbox 287 4212 452 4251; x_wconf 79' lang='lat' dir='ltr'><strong>servus</strong></span> <span class='ocrx_word' id='word_1_242' title='bbox 496 4202 678 4252; x_wconf 86' lang='lat' dir='ltr'><strong>dicere</strong></span> <span class='ocrx_word' id='word_1_243' title='bbox 721 4201 1019 4256; x_wconf 82' lang='lat' dir='ltr'><strong>videbatur.</strong></span> <span class='ocrx_word' id='word_1_244' title='bbox 1108 4204 1180 4253; x_wconf 88' lang='lat' dir='ltr'><strong>Et</strong></span> <span class='ocrx_word' id='word_1_245' title='bbox 1215 4215 1341 4252; x_wconf 85' lang='lat' dir='ltr'><strong>cum·</strong></span> 
     </span>
    </p>
   </div>
   <div class='ocr_carea' id='block_1_4' title="bbox 288 4271 1333 4408">
    <p class='ocr_par' dir='ltr' id='par_1_14' title="bbox 288 4271 1333 4408">
     <span class='ocr_line' id='line_1_50' title="bbox 288 4271 1333 4344; baseline 0.007 -22"><span class='ocrx_word' id='word_1_246' title='bbox 288 4271 536 4339; x_wconf 86' lang='lat' dir='ltr'><strong>damnum,</strong></span> <span class='ocrx_word' id='word_1_247' title='bbox 587 4278 777 4327; x_wconf 86' lang='lat' dir='ltr'><strong>malum</strong></span> <span class='ocrx_word' id='word_1_248' title='bbox 830 4278 917 4341; x_wconf 88' lang='lat' dir='ltr'><strong>sit,</strong></span> <span class='ocrx_word' id='word_1_249' title='bbox 973 4279 1038 4328; x_wconf 91' lang='lat' dir='ltr'><strong>de</strong></span> <span class='ocrx_word' id='word_1_250' title='bbox 1093 4279 1333 4344; x_wconf 87' lang='lat' dir='ltr'><strong>proximo</strong></span> 
     </span>
     <span class='ocr_line' id='line_1_51' title="bbox 288 4351 1331 4408; baseline 0.006 -8"><span class='ocrx_word' id='word_1_251' title='bbox 288 4351 519 4406; x_wconf 82' lang='lat' dir='ltr'><strong>collatum</strong></span> <span class='ocrx_word' id='word_1_252' title='bbox 539 4355 885 4408; x_wconf 76' lang='lat' dir='ltr'><strong>discerniturx</strong></span> <span class='ocrx_word' id='word_1_253' title='bbox 920 4361 979 4406; x_wconf 89' lang='lat' dir='ltr'><strong>et</strong></span> <span class='ocrx_word' id='word_1_254' title='bbox 1000 4354 1242 4407; x_wconf 89' lang='lat' dir='ltr'><strong>damnum</strong></span> <span class='ocrx_word' id='word_1_255' title='bbox 1263 4355 1331 4406; x_wconf 90' lang='lat' dir='ltr'><strong>ad</strong></span> 
     </span>
    </p>
   </div>
   <div class='ocr_carea' id='block_1_5' title="bbox 2285 418 2456 484">
    <p class='ocr_par' dir='ltr' id='par_1_15' title="bbox 2285 418 2456 484">
     <span class='ocr_line' id='line_1_52' title="bbox 2285 418 2456 484; baseline 0.012 -1"><span class='ocrx_word' id='word_1_256' title='bbox 2285 418 2456 484; x_wconf 76' lang='lat'>1285</span> 
     </span>
    </p>
   </div>
   <div class='ocr_carea' id='block_1_6' title="bbox 1395 575 2509 1023">
    <p class='ocr_par' dir='ltr' id='par_1_16' title="bbox 1398 575 2509 781">
     <span class='ocr_line' id='line_1_53' title="bbox 1400 575 2457 641; baseline -0.001 -14"><span class='ocrx_word' id='word_1_257' title='bbox 1400 577 1717 641; x_wconf 86' lang='lat' dir='ltr'><strong>emptionem</strong></span> <span class='ocrx_word' id='word_1_258' title='bbox 1739 576 1993 640; x_wconf 86' lang='lat' dir='ltr'><strong>Eunuchi,</strong></span> <span class='ocrx_word' id='word_1_259' title='bbox 2019 575 2204 625; x_wconf 86' lang='lat' dir='ltr'><strong>malum</strong></span> <span class='ocrx_word' id='word_1_260' title='bbox 2227 575 2293 626; x_wconf 89' lang='lat' dir='ltr'><strong>ad</strong></span> <span class='ocrx_word' id='word_1_261' title='bbox 2318 591 2457 627; x_wconf 89' lang='lat' dir='ltr'><strong>eom-</strong></span> 
     </span>
     <span class='ocr_line' id='line_1_54' title="bbox 1399 653 2509 718; baseline -0.004 -14"><span class='ocrx_word' id='word_1_262' title='bbox 1399 655 1710 718; x_wconf 89' lang='lat' dir='ltr'><strong>prehensum</strong></span> <span class='ocrx_word' id='word_1_263' title='bbox 1744 654 1974 717; x_wconf 85' lang='lat' dir='ltr'><strong>pertinet</strong></span> <span class='ocrx_word' id='word_1_264' title='bbox 2018 659 2074 702; x_wconf 91' lang='lat' dir='ltr'><strong>et</strong></span> <span class='ocrx_word' id='word_1_265' title='bbox 2115 653 2453 703; x_wconf 82' lang='lat' dir='ltr'><strong>constrictum</strong></span> <span class='ocrx_word' id='word_1_266' title='bbox 2508 695 2509 700; x_wconf 75' lang='grc'>,</span> 
     </span>
     <span class='ocr_line' id='line_1_55' title="bbox 1398 731 1871 781; baseline -0.002 -1"><span class='ocrx_word' id='word_1_267' title='bbox 1398 732 1684 781; x_wconf 75' lang='lat' dir='ltr'><strong>Choeream.</strong></span> <span class='ocrx_word' id='word_1_268' title='bbox 1722 731 1871 779; x_wconf 88' lang='lat' dir='ltr'><strong>Idem.</strong></span> 
     </span>
    </p>

    <p class='ocr_par' dir='ltr' id='par_1_17' title="bbox 1395 805 2456 1023">
     <span class='ocr_line' id='line_1_56' title="bbox 1461 805 2456 869; baseline -0.001 -13"><span class='ocrx_word' id='word_1_269' title='bbox 1461 812 1544 857; x_wconf 84' lang='grc'><strong>24.</strong></span> <span class='ocrx_word' id='word_1_270' title='bbox 1566 811 1629 856; x_wconf 80' lang='grc'><strong>26</strong></span> <span class='ocrx_word' id='word_1_271' title='bbox 1657 806 1890 869; x_wconf 80' lang='lat' dir='ltr'><strong>Nunquid</strong></span> <span class='ocrx_word' id='word_1_272' title='bbox 1923 812 1993 856; x_wconf 85' lang='lat' dir='ltr'><strong>est</strong></span> <span class='ocrx_word' id='word_1_273' title='bbox 2025 805 2156 855; x_wconf 80' lang='lat' dir='ltr'><strong>uliud</strong></span> <span class='ocrx_word' id='word_1_274' title='bbox 2187 807 2302 855; x_wconf 81' lang='lat' dir='ltr'><strong>mali</strong></span> <span class='ocrx_word' id='word_1_275' title='bbox 2321 807 2456 855; x_wconf 80' lang='lat' dir='ltr'><strong>dam-</strong></span> 
     </span>
     <span class='ocr_line' id='line_1_57' title="bbox 1396 882 2456 947; baseline -0.001 -15"><span class='ocrx_word' id='word_1_276' title='bbox 1396 883 1526 947; x_wconf 71' lang='lat' dir='ltr'><strong>nive]</strong></span> <span class='ocrx_word' id='word_1_277' title='bbox 1551 885 1811 934; x_wconf 77' lang='lat' dir='ltr'><strong>Damnum</strong></span> <span class='ocrx_word' id='word_1_278' title='bbox 1851 882 1902 932; x_wconf 88' lang='lat' dir='ltr'><strong>in</strong></span> <span class='ocrx_word' id='word_1_279' title='bbox 1942 890 2148 943; x_wconf 79' lang='lat' dir='ltr'><strong>sumtu3</strong></span> <span class='ocrx_word' id='word_1_280' title='bbox 2188 883 2377 932; x_wconf 84' lang='lat' dir='ltr'><strong>malum</strong></span> <span class='ocrx_word' id='word_1_281' title='bbox 2401 883 2456 931; x_wconf 90' lang='lat' dir='ltr'><strong>in</strong></span> 
     </span>
     <span class='ocr_line' id='line_1_58' title="bbox 1395 958 2456 1023; baseline -0.003 -13"><span class='ocrx_word' id='word_1_282' title='bbox 1395 961 1657 1023; x_wconf 83' lang='lat' dir='ltr'><strong>corruptis</strong></span> <span class='ocrx_word' id='word_1_283' title='bbox 1695 959 1912 1009; x_wconf 82' lang='lat' dir='ltr'><strong>filiorum</strong></span> <span class='ocrx_word' id='word_1_284' title='bbox 1952 958 2196 1021; x_wconf 90' lang='lat' dir='ltr'><strong>moribus,</strong></span> <span class='ocrx_word' id='word_1_285' title='bbox 2233 965 2289 1007; x_wconf 90' lang='lat' dir='ltr'><strong>et</strong></span> <span class='ocrx_word' id='word_1_286' title='bbox 2327 960 2456 1007; x_wconf 84' lang='lat' dir='ltr'><strong>alte-</strong></span> 
     </span>
    </p>
   </div>
   <div class='ocr_carea' id='block_1_7' title="bbox 1388 1029 2458 1100">
    <p class='ocr_par' dir='ltr' id='par_1_18' title="bbox 1388 1029 2458 1100">
     <span class='ocr_line' id='line_1_59' title="bbox 1388 1029 2458 1100; baseline 0 -15"><span class='ocrx_word' id='word_1_287' title='bbox 1388 1035 1500 1086; x_wconf 86' lang='lat' dir='ltr'><strong>·rius</strong></span> <span class='ocrx_word' id='word_1_288' title='bbox 1548 1036 1814 1100; x_wconf 67' lang='lat' dir='ltr'><strong>periculos</strong></span> <span class='ocrx_word' id='word_1_289' title='bbox 1858 1029 1996 1100; x_wconf 78' lang='lat' dir='ltr'><strong>quod</strong></span> <span class='ocrx_word' id='word_1_290' title='bbox 2041 1043 2100 1085; x_wconf 90' lang='lat' dir='ltr'><strong>ut</strong></span> <span class='ocrx_word' id='word_1_291' title='bbox 2148 1035 2458 1099; x_wconf 88' lang='lat' dir='ltr'><strong>depelleret,</strong></span> 
     </span>
    </p>
   </div>
   <div class='ocr_carea' id='block_1_8' title="bbox 1393 1113 2461 1947">
    <p class='ocr_par' dir='ltr' id='par_1_19' title="bbox 1395 1113 2461 1181">
     <span class='ocr_line' id='line_1_60' title="bbox 1395 1113 2461 1181; baseline -0.003 -14"><span class='ocrx_word' id='word_1_292' title='bbox 1395 1115 1712 1181; x_wconf 81' lang='lat' dir='ltr'><strong>praetrepide</strong></span> <span class='ocrx_word' id='word_1_293' title='bbox 1732 1113 1948 1165; x_wconf 83' lang='lat' dir='ltr'><strong>festinat</strong></span> <span class='ocrx_word' id='word_1_294' title='bbox 1970 1128 2147 1164; x_wconf 85' lang='lat' dir='ltr'><strong>senex.</strong></span> <span class='ocrx_word' id='word_1_295' title='bbox 2181 1114 2461 1166; x_wconf 51' lang='lat' dir='ltr'><strong>nauclerus.</strong></span> 
     </span>
    </p>

    <p class='ocr_par' dir='ltr' id='par_1_20' title="bbox 1393 1191 2458 1718">
     <span class='ocr_line' id='line_1_61' title="bbox 1456 1191 2458 1255; baseline -0.003 -12"><span class='ocrx_word' id='word_1_296' title='bbox 1456 1198 1524 1243; x_wconf 90' lang='grc'><strong>26</strong></span> <span class='ocrx_word' id='word_1_297' title='bbox 1559 1194 1700 1243; x_wconf 87' lang='lat' dir='ltr'><strong>Cesso</strong></span> <span class='ocrx_word' id='word_1_298' title='bbox 1731 1194 1821 1243; x_wconf 76' lang='lat' dir='ltr'><strong>huc</strong></span> <span class='ocrx_word' id='word_1_299' title='bbox 1852 1191 2217 1255; x_wconf 78' lang='lat' dir='ltr'><strong>introrumpere]</strong></span> <span class='ocrx_word' id='word_1_300' title='bbox 2252 1191 2315 1241; x_wconf 90' lang='lat' dir='ltr'><strong>In</strong></span> <span class='ocrx_word' id='word_1_301' title='bbox 2339 1198 2458 1240; x_wconf 89' lang='lat' dir='ltr'><strong>tan·</strong></span> 
     </span>
     <span class='ocr_line' id='line_1_62' title="bbox 1396 1269 2451 1334; baseline -0.003 -13"><span class='ocrx_word' id='word_1_302' title='bbox 1396 1280 1502 1322; x_wconf 90' lang='lat' dir='ltr'><strong>tam</strong></span> <span class='ocrx_word' id='word_1_303' title='bbox 1525 1270 1848 1321; x_wconf 80' lang='lat' dir='ltr'><strong>formidinem</strong></span> <span class='ocrx_word' id='word_1_304' title='bbox 1871 1271 2143 1334; x_wconf 88' lang='lat' dir='ltr'><strong>conjectus</strong></span> <span class='ocrx_word' id='word_1_305' title='bbox 2159 1276 2242 1320; x_wconf 91' lang='lat' dir='ltr'><strong>est</strong></span> <span class='ocrx_word' id='word_1_306' title='bbox 2257 1269 2451 1332; x_wconf 86' lang='lat' dir='ltr'><strong>Senex,</strong></span> 
     </span>
     <span class='ocr_line' id='line_1_63' title="bbox 1397 1344 2458 1410; baseline -0.004 -13"><span class='ocrx_word' id='word_1_307' title='bbox 1397 1355 1456 1397; x_wconf 88' lang='lat' dir='ltr'><strong>nt</strong></span> <span class='ocrx_word' id='word_1_308' title='bbox 1478 1361 1580 1397; x_wconf 88' lang='lat' dir='ltr'><strong>non</strong></span> <span class='ocrx_word' id='word_1_309' title='bbox 1602 1347 1867 1409; x_wconf 87' lang='lat' dir='ltr'><strong>miremur,</strong></span> <span class='ocrx_word' id='word_1_310' title='bbox 1902 1344 2042 1410; x_wconf 88' lang='lat' dir='ltr'><strong>qnod</strong></span> <span class='ocrx_word' id='word_1_311' title='bbox 2067 1351 2171 1395; x_wconf 85' lang='lat' dir='ltr'><strong>tam</strong></span> <span class='ocrx_word' id='word_1_312' title='bbox 2195 1345 2303 1395; x_wconf 88' lang='lat' dir='ltr'><strong>cito</strong></span> <span class='ocrx_word' id='word_1_313' title='bbox 2324 1359 2458 1409; x_wconf 90' lang='lat' dir='ltr'><strong>nup-</strong></span> 
     </span>
     <span class='ocr_line' id='line_1_64' title="bbox 1396 1421 2453 1486; baseline -0.001 -14"><span class='ocrx_word' id='word_1_314' title='bbox 1396 1422 1493 1472; x_wconf 87' lang='lat' dir='ltr'><strong>tias</strong></span> <span class='ocrx_word' id='word_1_315' title='bbox 1536 1421 1706 1471; x_wconf 85' lang='lat' dir='ltr'><strong>firmet</strong></span> <span class='ocrx_word' id='word_1_316' title='bbox 1748 1421 1951 1486; x_wconf 87' lang='lat' dir='ltr'><strong>Ephebi</strong></span> <span class='ocrx_word' id='word_1_317' title='bbox 1995 1428 2052 1472; x_wconf 92' lang='lat' dir='ltr'><strong>et</strong></span> <span class='ocrx_word' id='word_1_318' title='bbox 2095 1421 2361 1485; x_wconf 81' lang='lat' dir='ltr'><strong>Virginis:</strong></span> <span class='ocrx_word' id='word_1_319' title='bbox 2397 1426 2453 1471; x_wconf 91' lang='lat' dir='ltr'><strong>et</strong></span> 
     </span>
     <span class='ocr_line' id='line_1_65' title="bbox 1395 1500 2457 1565; baseline -0.004 -15"><span class='ocrx_word' id='word_1_320' title='bbox 1395 1502 1626 1565; x_wconf 80' lang='lat' dir='ltr'><strong>quamvis</strong></span> <span class='ocrx_word' id='word_1_321' title='bbox 1647 1514 1750 1550; x_wconf 88' lang='lat' dir='ltr'><strong>non</strong></span> <span class='ocrx_word' id='word_1_322' title='bbox 1785 1500 2021 1561; x_wconf 90' lang='lat' dir='ltr'><strong>honeste,</strong></span> <span class='ocrx_word' id='word_1_323' title='bbox 2045 1506 2220 1549; x_wconf 87' lang='lat' dir='ltr'><strong>tamen</strong></span> <span class='ocrx_word' id='word_1_324' title='bbox 2244 1500 2366 1563; x_wconf 86' lang='lat' dir='ltr'><strong>quia</strong></span> <span class='ocrx_word' id='word_1_325' title='bbox 2388 1512 2457 1547; x_wconf 85' lang='lat' dir='ltr'><strong>ex</strong></span> 
     </span>
     <span class='ocr_line' id='line_1_66' title="bbox 1393 1574 2454 1641; baseline -0.003 -16"><span class='ocrx_word' id='word_1_326' title='bbox 1393 1576 1595 1641; x_wconf 82' lang='lat' dir='ltr'><strong>ingenti</strong></span> <span class='ocrx_word' id='word_1_327' title='bbox 1618 1584 1776 1640; x_wconf 89' lang='lat' dir='ltr'><strong>metu,</strong></span> <span class='ocrx_word' id='word_1_328' title='bbox 1817 1576 1901 1625; x_wconf 83' lang='lat' dir='ltr'><strong>vel</strong></span> <span class='ocrx_word' id='word_1_329' title='bbox 1939 1575 2151 1640; x_wconf 81' lang='lat' dir='ltr'><strong>indigno</strong></span> <span class='ocrx_word' id='word_1_330' title='bbox 2190 1574 2454 1624; x_wconf 85' lang='lat' dir='ltr'><strong>matrimo-</strong></span> 
     </span>
     <span class='ocr_line' id='line_1_67' title="bbox 1393 1650 2429 1718; baseline -0.003 -16"><span class='ocrx_word' id='word_1_331' title='bbox 1393 1654 1498 1714; x_wconf 87' lang='lat' dir='ltr'><strong>nio,</strong></span> <span class='ocrx_word' id='word_1_332' title='bbox 1516 1654 1635 1704; x_wconf 87' lang='lat' dir='ltr'><strong>Filii</strong></span> <span class='ocrx_word' id='word_1_333' title='bbox 1658 1654 1820 1703; x_wconf 85' lang='lat' dir='ltr'><strong>vitam</strong></span> <span class='ocrx_word' id='word_1_334' title='bbox 1843 1652 2042 1718; x_wconf 85' lang='lat' dir='ltr'><strong>pacisci</strong></span> <span class='ocrx_word' id='word_1_335' title='bbox 2066 1650 2208 1702; x_wconf 85' lang='lat' dir='ltr'><strong>velit.</strong></span> <span class='ocrx_word' id='word_1_336' title='bbox 2244 1651 2429 1700; x_wconf 77' lang='lat' dir='ltr'><strong>Donat.</strong></span> 
     </span>
    </p>

    <p class='ocr_par' dir='ltr' id='par_1_21' title="bbox 1395 1727 2453 1858">
     <span class='ocr_line' id='line_1_68' title="bbox 1458 1727 2453 1795; baseline -0.004 -16"><span class='ocrx_word' id='word_1_337' title='bbox 1458 1731 1662 1780; x_wconf 76' lang='lat' dir='ltr'><strong>Tantum</strong></span> <span class='ocrx_word' id='word_1_338' title='bbox 1703 1734 1793 1793; x_wconf 80' lang='lat' dir='ltr'><strong>est,</strong></span> <span class='ocrx_word' id='word_1_339' title='bbox 1832 1728 1941 1795; x_wconf 50' lang='lat' dir='ltr'><strong>qm]</strong></span> <span class='ocrx_word' id='word_1_340' title='bbox 1985 1727 2131 1778; x_wconf 90' lang='lat' dir='ltr'><strong>Nihil</strong></span> <span class='ocrx_word' id='word_1_341' title='bbox 2176 1733 2453 1791; x_wconf 65' lang='lat' dir='ltr'><strong>preterea.</strong></span> 
     </span>
     <span class='ocr_line' id='line_1_69' title="bbox 1395 1808 1682 1858; baseline -0.007 0"><span class='ocrx_word' id='word_1_342' title='bbox 1395 1808 1682 1858; x_wconf 79' lang='lat' dir='ltr'><strong>Furnabius.</strong></span> 
     </span>
    </p>

    <p class='ocr_par' dir='ltr' id='par_1_22' title="bbox 1457 1882 2456 1947">
     <span class='ocr_line' id='line_1_70' title="bbox 1457 1882 2456 1947; baseline -0.004 -12"><span class='ocrx_word' id='word_1_343' title='bbox 1457 1889 1522 1935; x_wconf 81' lang='grc'><strong>27</strong></span> <span class='ocrx_word' id='word_1_344' title='bbox 1560 1886 1670 1934; x_wconf 80' lang='lat' dir='ltr'><strong>Non</strong></span> <span class='ocrx_word' id='word_1_345' title='bbox 1703 1883 1894 1933; x_wconf 79' lang='lat' dir='ltr'><strong>dubium</strong></span> <span class='ocrx_word' id='word_1_346' title='bbox 1926 1887 2015 1946; x_wconf 80' lang='lat' dir='ltr'><strong>est,</strong></span> <span class='ocrx_word' id='word_1_347' title='bbox 2048 1884 2161 1947; x_wconf 78' lang='lat' dir='ltr'><strong>quin</strong></span> <span class='ocrx_word' id='word_1_348' title='bbox 2181 1882 2300 1932; x_wconf 72' lang='lat' dir='ltr'><strong>mihi</strong></span> <span class='ocrx_word' id='word_1_349' title='bbox 2320 1897 2456 1945; x_wconf 78' lang='lat' dir='ltr'><strong>mug-</strong></span> 
     </span>
    </p>
   </div>
   <div class='ocr_carea' id='block_1_9' title="bbox 1325 1959 2458 2024">
    <p class='ocr_par' dir='ltr' id='par_1_23' title="bbox 1325 1959 2458 2024">
     <span class='ocr_line' id='line_1_71' title="bbox 1325 1959 2458 2024; baseline -0.004 -12"><span class='ocrx_word' id='word_1_350' title='bbox 1325 1985 1330 1992; x_wconf 81' lang='grc'><em>·</em></span> <span class='ocrx_word' id='word_1_351' title='bbox 1392 1977 1506 2012; x_wconf 72' lang='lat' dir='ltr'><strong>num</strong></span> <span class='ocrx_word' id='word_1_352' title='bbox 1536 1976 1597 2011; x_wconf 82' lang='lat' dir='ltr'><strong>ex</strong></span> <span class='ocrx_word' id='word_1_353' title='bbox 1628 1962 1716 2011; x_wconf 73' lang='lat' dir='ltr'><strong>huc</strong></span> <span class='ocrx_word' id='word_1_354' title='bbox 1746 1976 1801 2011; x_wconf 87' lang='lat' dir='ltr'><strong>re</strong></span> <span class='ocrx_word' id='word_1_355' title='bbox 1834 1960 1900 2010; x_wconf 80' lang='lat' dir='ltr'><strong>sit</strong></span> <span class='ocrx_word' id='word_1_356' title='bbox 1931 1960 2132 2024; x_wconf 73' lang='lat' dir='ltr'><strong>malum]</strong></span> <span class='ocrx_word' id='word_1_357' title='bbox 2166 1959 2338 2009; x_wconf 83' lang='lat' dir='ltr'><strong>Suave</strong></span> <span class='ocrx_word' id='word_1_358' title='bbox 2372 1964 2458 2008; x_wconf 88' lang='lat' dir='ltr'><strong>est</strong></span> 
     </span>
    </p>
   </div>
   <div class='ocr_carea' id='block_1_10' title="bbox 1394 2035 2467 3035">
    <p class='ocr_par' dir='ltr' id='par_1_24' title="bbox 1394 2035 2467 2709">
     <span class='ocr_line' id='line_1_72' title="bbox 1395 2035 2457 2103; baseline -0.005 -13"><span class='ocrx_word' id='word_1_359' title='bbox 1395 2040 1599 2090; x_wconf 88' lang='lat' dir='ltr'><strong>nescire</strong></span> <span class='ocrx_word' id='word_1_360' title='bbox 1641 2052 1907 2103; x_wconf 85' lang='lat' dir='ltr'><strong>personas,</strong></span> <span class='ocrx_word' id='word_1_361' title='bbox 1951 2036 2075 2101; x_wconf 88' lang='lat' dir='ltr'><strong>quid</strong></span> <span class='ocrx_word' id='word_1_362' title='bbox 2113 2043 2235 2101; x_wconf 83' lang='lat' dir='ltr'><strong>agat</strong></span> <span class='ocrx_word' id='word_1_363' title='bbox 2271 2035 2457 2086; x_wconf 84' lang='lat' dir='ltr'><strong>Po‘e‘ta.</strong></span> 
     </span>
     <span class='ocr_line' id='line_1_73' title="bbox 1395 2112 2458 2181; baseline -0.006 -15"><span class='ocrx_word' id='word_1_364' title='bbox 1395 2116 1483 2166; x_wconf 88' lang='lat' dir='ltr'><strong>Ita</strong></span> <span class='ocrx_word' id='word_1_365' title='bbox 1499 2131 1603 2166; x_wconf 91' lang='lat' dir='ltr'><strong>non</strong></span> <span class='ocrx_word' id='word_1_366' title='bbox 1624 2114 2012 2181; x_wconf 89' lang='lat' dir='ltr'><strong>periclitaturus</strong></span> <span class='ocrx_word' id='word_1_367' title='bbox 2035 2112 2314 2163; x_wconf 86' lang='lat' dir='ltr'><strong>Parmeno.</strong></span> <span class='ocrx_word' id='word_1_368' title='bbox 2352 2112 2458 2161; x_wconf 81' lang='lat' dir='ltr'><strong>Do·</strong></span> 
     </span>
     <span class='ocr_line' id='line_1_74' title="bbox 1394 2200 2136 2245; baseline -0.005 0"><span class='ocrx_word' id='word_1_369' title='bbox 1394 2200 1555 2245; x_wconf 80' lang='lat' dir='ltr'><strong>natus.</strong></span> <span class='ocrx_word' id='word_1_370' title='bbox 1874 2221 1877 2226; x_wconf 91' lang='lat'><em>-</em></span> <span class='ocrx_word' id='word_1_371' title='bbox 2131 2210 2136 2215; x_wconf 60' lang='lat'>‘</span> 
     </span>
     <span class='ocr_line' id='line_1_75' title="bbox 1459 2266 2461 2335; baseline -0.008 -12"><span class='ocrx_word' id='word_1_372' title='bbox 1459 2278 1526 2323; x_wconf 83' lang='lat'><strong>28</strong></span> <span class='ocrx_word' id='word_1_373' title='bbox 1561 2272 1678 2322; x_wconf 89' lang='lat' dir='ltr'><strong>Nisi</strong></span> <span class='ocrx_word' id='word_1_374' title='bbox 1712 2271 1826 2335; x_wconf 81' lang='lat' dir='ltr'><strong>quia</strong></span> <span class='ocrx_word' id='word_1_375' title='bbox 1859 2282 2038 2320; x_wconf 72' lang='lat' dir='ltr'><strong>necesse</strong></span> <span class='ocrx_word' id='word_1_376' title='bbox 2064 2266 2191 2331; x_wconf 80' lang='lat' dir='ltr'><strong>suit]</strong></span> <span class='ocrx_word' id='word_1_377' title='bbox 2240 2267 2461 2329; x_wconf 80' lang='lat' dir='ltr'><strong>Necesse,</strong></span> 
     </span>
     <span class='ocr_line' id='line_1_76' title="bbox 1396 2344 2460 2408; baseline -0.009 -7"><span class='ocrx_word' id='word_1_378' title='bbox 1396 2358 1478 2401; x_wconf 91' lang='lat' dir='ltr'><strong>est</strong></span> <span class='ocrx_word' id='word_1_379' title='bbox 1519 2363 1724 2400; x_wconf 86' lang='lat' dir='ltr'><strong>nomen.</strong></span> <span class='ocrx_word' id='word_1_380' title='bbox 1788 2346 1926 2396; x_wconf 85' lang='lat' dir='ltr'><strong>Nam</strong></span> <span class='ocrx_word' id='word_1_381' title='bbox 1967 2359 2201 2407; x_wconf 78' lang='lat' dir='ltr'><strong>necessus,</strong></span> <span class='ocrx_word' id='word_1_382' title='bbox 2242 2344 2460 2408; x_wconf 73' lang='lat' dir='ltr'><strong>accessis,</strong></span> 
     </span>
     <span class='ocr_line' id='line_1_77' title="bbox 1398 2424 2453 2491; baseline -0.008 -13"><span class='ocrx_word' id='word_1_383' title='bbox 1398 2433 1452 2478; x_wconf 93' lang='lat' dir='ltr'><strong>et</strong></span> <span class='ocrx_word' id='word_1_384' title='bbox 1471 2427 1741 2491; x_wconf 78' lang='lat' dir='ltr'><strong>necessitas,</strong></span> <span class='ocrx_word' id='word_1_385' title='bbox 1763 2429 1818 2476; x_wconf 94' lang='lat' dir='ltr'><strong>et</strong></span> <span class='ocrx_word' id='word_1_386' title='bbox 1848 2437 2106 2487; x_wconf 73' lang='lat' dir='ltr'><strong>necessum,</strong></span> <span class='ocrx_word' id='word_1_387' title='bbox 2133 2424 2330 2473; x_wconf 89' lang='lat' dir='ltr'><strong>lectum</strong></span> <span class='ocrx_word' id='word_1_388' title='bbox 2353 2427 2453 2472; x_wconf 90' lang='lat' dir='ltr'><strong>est.</strong></span> 
     </span>
     <span class='ocr_line' id='line_1_78' title="bbox 1399 2505 2467 2557; baseline -0.01 -2"><span class='ocrx_word' id='word_1_389' title='bbox 1399 2505 1552 2557; x_wconf 84' lang='lat' dir='ltr'><strong>Idem.</strong></span> <span class='ocrx_word' id='word_1_390' title='bbox 2462 2528 2467 2535; x_wconf 83' lang='lat'><em>-</em></span> 
     </span>
     <span class='ocr_line' id='line_1_79' title="bbox 1466 2524 2460 2647; baseline -0.006 -13"><span class='ocrx_word' id='word_1_391' title='bbox 1466 2582 1611 2646; x_wconf 81' lang='lat' dir='ltr'><strong>Quia,</strong></span> <span class='ocrx_word' id='word_1_392' title='bbox 1622 2585 1704 2647; x_wconf 58' lang='lat' dir='ltr'><strong>&amp;a</strong></span> <span class='ocrx_word' id='word_1_393' title='bbox 1709 2580 1824 2645; x_wconf 88' lang='lat' dir='ltr'><strong>]Ut</strong></span> <span class='ocrx_word' id='word_1_394' title='bbox 1844 2580 1948 2631; x_wconf 90' lang='lat' dir='ltr'><strong>filio</strong></span> <span class='ocrx_word' id='word_1_395' title='bbox 1973 2594 2065 2629; x_wconf 92' lang='lat' dir='ltr'><strong>suo</strong></span> <span class='ocrx_word' id='word_1_396' title='bbox 2089 2524 2320 2630; x_wconf 81' lang='lat' dir='ltr'><strong>Choereae</strong></span> <span class='ocrx_word' id='word_1_397' title='bbox 2344 2592 2460 2628; x_wconf 87' lang='lat' dir='ltr'><strong>suc-</strong></span> 
     </span>
     <span class='ocr_line' id='line_1_80' title="bbox 1399 2656 2111 2709; baseline -0.006 -1"><span class='ocrx_word' id='word_1_398' title='bbox 1399 2666 1654 2709; x_wconf 87' lang='lat' dir='ltr'><strong>curreret.</strong></span> <span class='ocrx_word' id='word_1_399' title='bbox 1690 2656 1980 2707; x_wconf 70' lang='lat' dir='ltr'><strong>Far-nubitis.</strong></span> <span class='ocrx_word' id='word_1_400' title='bbox 2108 2682 2111 2687; x_wconf 92' lang='lat'><em>·</em></span> 
     </span>
    </p>

    <p class='ocr_par' dir='ltr' id='par_1_25' title="bbox 1400 2734 2460 2876">
     <span class='ocr_line' id='line_1_81' title="bbox 1465 2734 2460 2798; baseline -0.008 -12"><span class='ocrx_word' id='word_1_401' title='bbox 1465 2737 1528 2786; x_wconf 87' lang='lat' dir='ltr'><strong>Id</strong></span> <span class='ocrx_word' id='word_1_402' title='bbox 1544 2734 1750 2798; x_wconf 78' lang='lat' dir='ltr'><strong>gaudeo]</strong></span> <span class='ocrx_word' id='word_1_403' title='bbox 1778 2734 2014 2794; x_wconf 88' lang='lat' dir='ltr'><strong>Scilicet,</strong></span> <span class='ocrx_word' id='word_1_404' title='bbox 2042 2736 2102 2781; x_wconf 90' lang='lat' dir='ltr'><strong>ut</strong></span> <span class='ocrx_word' id='word_1_405' title='bbox 2125 2736 2460 2781; x_wconf 86' lang='lat' dir='ltr'><strong>succurratur</strong></span> 
     </span>
     <span class='ocr_line' id='line_1_82' title="bbox 1400 2810 2269 2876; baseline -0.008 -13"><span class='ocrx_word' id='word_1_406' title='bbox 1400 2814 1630 2864; x_wconf 79' lang='lat' dir='ltr'><strong>Chaereae</strong></span> <span class='ocrx_word' id='word_1_407' title='bbox 1663 2810 2011 2876; x_wconf 52' lang='lat' dir='ltr'><strong>periclitantia</strong></span> <span class='ocrx_word' id='word_1_408' title='bbox 2031 2810 2269 2858; x_wconf 71' lang='lat' dir='ltr'><strong>Donatus.</strong></span> 
     </span>
    </p>

    <p class='ocr_par' dir='ltr' id='par_1_26' title="bbox 1395 2883 2465 3035">
     <span class='ocr_line' id='line_1_83' title="bbox 1462 2883 2465 2953; baseline -0.008 -13"><span class='ocrx_word' id='word_1_409' title='bbox 1462 2895 1530 2941; x_wconf 88' lang='grc'><strong>29</strong></span> <span class='ocrx_word' id='word_1_410' title='bbox 1564 2890 1767 2953; x_wconf 81' lang='lat' dir='ltr'><strong>Propter</strong></span> <span class='ocrx_word' id='word_1_411' title='bbox 1786 2887 1883 2951; x_wconf 90' lang='lat' dir='ltr'><strong>me]</strong></span> <span class='ocrx_word' id='word_1_412' title='bbox 1907 2887 2038 2936; x_wconf 86' lang='lat' dir='ltr'><strong>Plus</strong></span> <span class='ocrx_word' id='word_1_413' title='bbox 2058 2885 2213 2947; x_wconf 87' lang='lat' dir='ltr'><strong>dixit,</strong></span> <span class='ocrx_word' id='word_1_414' title='bbox 2234 2897 2387 2950; x_wconf 84' lang='lat' dir='ltr'><strong>quam</strong></span> <span class='ocrx_word' id='word_1_415' title='bbox 2419 2883 2465 2932; x_wconf 89' lang='lat' dir='ltr'><strong>si</strong></span> 
     </span>
     <span class='ocr_line' id='line_1_84' title="bbox 1395 2964 2006 3035; baseline -0.011 -16"><span class='ocrx_word' id='word_1_416' title='bbox 1395 2983 1481 3035; x_wconf 81' lang='lat' dir='ltr'><strong>per</strong></span> <span class='ocrx_word' id='word_1_417' title='bbox 1500 2982 1574 3017; x_wconf 87' lang='lat' dir='ltr'><strong>me</strong></span> <span class='ocrx_word' id='word_1_418' title='bbox 1595 2967 1816 3016; x_wconf 89' lang='lat' dir='ltr'><strong>diceret.</strong></span> <span class='ocrx_word' id='word_1_419' title='bbox 1856 2964 2006 3013; x_wconf 84' lang='lat' dir='ltr'><strong>Idem.</strong></span> 
     </span>
    </p>
   </div>
   <div class='ocr_carea' id='block_1_11' title="bbox 1467 3035 2564 3104">
    <p class='ocr_par' dir='ltr' id='par_1_27' title="bbox 1467 3035 2564 3104">
     <span class='ocr_line' id='line_1_85' title="bbox 1467 3035 2564 3104; baseline -0.011 -10"><span class='ocrx_word' id='word_1_420' title='bbox 1467 3044 1621 3094; x_wconf 85' lang='lat' dir='ltr'><strong>Hisce</strong></span> <span class='ocrx_word' id='word_1_421' title='bbox 1657 3038 1867 3104; x_wconf 80' lang='lat' dir='ltr'><strong>aliquid]</strong></span> <span class='ocrx_word' id='word_1_422' title='bbox 1915 3035 2310 3098; x_wconf 84' lang='lat' dir='ltr'><strong>Meretricibus,</strong></span> <span class='ocrx_word' id='word_1_423' title='bbox 2356 3047 2462 3085; x_wconf 88' lang='lat' dir='ltr'><strong>non</strong></span> <span class='ocrx_word' id='word_1_424' title='bbox 2558 3055 2564 3062; x_wconf 46' lang='grc'><strong>“</strong></span> 
     </span>
    </p>
   </div>
   <div class='ocr_carea' id='block_1_12' title="bbox 1400 3113 2464 3256">
    <p class='ocr_par' dir='ltr' id='par_1_28' title="bbox 1400 3113 2464 3256">
     <span class='ocr_line' id='line_1_86' title="bbox 1401 3113 2464 3178; baseline -0.011 -6"><span class='ocrx_word' id='word_1_425' title='bbox 1401 3118 1831 3173; x_wconf 87' lang='lat' dir='ltr'><strong>adolescentibus.</strong></span> <span class='ocrx_word' id='word_1_426' title='bbox 1888 3122 1944 3166; x_wconf 91' lang='lat' dir='ltr'><strong>et</strong></span> <span class='ocrx_word' id='word_1_427' title='bbox 1989 3116 2116 3165; x_wconf 88' lang='lat' dir='ltr'><strong>item</strong></span> <span class='ocrx_word' id='word_1_428' title='bbox 2171 3113 2464 3178; x_wconf 86' lang='lat' dir='ltr'><strong>pluraliter,</strong></span> 
     </span>
     <span class='ocr_line' id='line_1_87' title="bbox 1400 3188 2460 3256; baseline -0.013 -7"><span class='ocrx_word' id='word_1_429' title='bbox 1400 3213 1493 3249; x_wconf 84' lang='lat' dir='ltr'><strong>suo</strong></span> <span class='ocrx_word' id='word_1_430' title='bbox 1526 3210 1699 3247; x_wconf 83' lang='lat' dir='ltr'><strong>more:</strong></span> <span class='ocrx_word' id='word_1_431' title='bbox 1733 3195 1828 3256; x_wconf 83' lang='lat' dir='ltr'><strong>Ut,</strong></span> <span class='ocrx_word' id='word_1_432' title='bbox 1865 3191 2188 3242; x_wconf 87' lang='lat' dir='ltr'><strong>‘Audaciam</strong></span> <span class='ocrx_word' id='word_1_433' title='bbox 2223 3188 2460 3237; x_wconf 87' lang='lat' dir='ltr'><strong>meretri·</strong></span> 
     </span>
    </p>
   </div>
   <div class='ocr_carea' id='block_1_13' title="bbox 1299 3265 2462 3337">
    <p class='ocr_par' dir='ltr' id='par_1_29' title="bbox 1299 3265 2462 3337">
     <span class='ocr_line' id='line_1_88' title="bbox 1299 3265 2462 3337; baseline -0.012 -10"><span class='ocrx_word' id='word_1_434' title='bbox 1299 3297 1326 3305; x_wconf 89' lang='lat'><strong>··</strong></span> <span class='ocrx_word' id='word_1_435' title='bbox 1400 3289 1516 3326; x_wconf 89' lang='lat' dir='ltr'><strong>eum</strong></span> <span class='ocrx_word' id='word_1_436' title='bbox 1541 3270 1756 3337; x_wconf 88' lang='lat' dir='ltr'><strong>specta.’</strong></span> <span class='ocrx_word' id='word_1_437' title='bbox 1820 3267 2049 3330; x_wconf 90' lang='lat' dir='ltr'><strong>Et,Non</strong></span> <span class='ocrx_word' id='word_1_438' title='bbox 2073 3265 2281 3330; x_wconf 90' lang='lat' dir='ltr'><strong>perpeti</strong></span> <span class='ocrx_word' id='word_1_439' title='bbox 2298 3277 2462 3314; x_wconf 81' lang='lat' dir='ltr'><strong>mere·</strong></span> 
     </span>
    </p>
   </div>
   <div class='ocr_carea' id='block_1_14' title="bbox 1398 3343 2471 4329">
    <p class='ocr_par' dir='ltr' id='par_1_30' title="bbox 1399 3343 2166 3405">
     <span class='ocr_line' id='line_1_89' title="bbox 1399 3343 2166 3405; baseline -0.016 -2"><span class='ocrx_word' id='word_1_440' title='bbox 1399 3354 1589 3405; x_wconf 77' lang='lat' dir='ltr'><strong>tticum</strong></span> <span class='ocrx_word' id='word_1_441' title='bbox 1611 3346 1966 3401; x_wconf 87' lang='lat' dir='ltr'><strong>contumelias.</strong></span> <span class='ocrx_word' id='word_1_442' title='bbox 1970 3343 1986 3368; x_wconf 88' lang='lat'>&#39;</span> <span class='ocrx_word' id='word_1_443' title='bbox 2016 3344 2166 3393; x_wconf 86' lang='lat' dir='ltr'><strong>Idem.</strong></span> 
     </span>
    </p>

    <p class='ocr_par' dir='ltr' id='par_1_31' title="bbox 1398 3416 2463 3711">
     <span class='ocr_line' id='line_1_90' title="bbox 1466 3416 2460 3493; baseline -0.013 -14"><span class='ocrx_word' id='word_1_444' title='bbox 1466 3430 1676 3493; x_wconf 79' lang='lat' dir='ltr'><strong>Propter</strong></span> <span class='ocrx_word' id='word_1_445' title='bbox 1696 3440 1770 3475; x_wconf 90' lang='lat' dir='ltr'><strong>me</strong></span> <span class='ocrx_word' id='word_1_446' title='bbox 1790 3424 1917 3473; x_wconf 77' lang='lat' dir='ltr'><strong>hisce</strong></span> <span class='ocrx_word' id='word_1_447' title='bbox 1946 3421 2132 3486; x_wconf 79' lang='lat' dir='ltr'><strong>aliquid</strong></span> <span class='ocrx_word' id='word_1_448' title='bbox 2166 3433 2263 3469; x_wconf 88' lang='lat' dir='ltr'><strong>esse</strong></span> <span class='ocrx_word' id='word_1_449' title='bbox 2298 3416 2460 3481; x_wconf 78' lang='lat' dir='ltr'><strong>event]</strong></span> 
     </span>
     <span class='ocr_line' id='line_1_91' title="bbox 1398 3497 2463 3569; baseline -0.015 -12"><span class='ocrx_word' id='word_1_450' title='bbox 1398 3506 1527 3556; x_wconf 89' lang='lat' dir='ltr'><strong>Mea</strong></span> <span class='ocrx_word' id='word_1_451' title='bbox 1547 3517 1725 3569; x_wconf 89' lang='lat' dir='ltr'><strong>opera.</strong></span> <span class='ocrx_word' id='word_1_452' title='bbox 1759 3502 1834 3550; x_wconf 89' lang='lat' dir='ltr'><strong>ita</strong></span> <span class='ocrx_word' id='word_1_453' title='bbox 1877 3511 2038 3563; x_wconf 79' lang='lat' dir='ltr'><strong>saepe.</strong></span> <span class='ocrx_word' id='word_1_454' title='bbox 2069 3498 2085 3525; x_wconf 87' lang='lat'>‘</span> <span class='ocrx_word' id='word_1_455' title='bbox 2106 3497 2221 3560; x_wconf 81' lang='lat' dir='ltr'><strong>Ego</strong></span> <span class='ocrx_word' id='word_1_456' title='bbox 2244 3500 2463 3559; x_wconf 88' lang='lat' dir='ltr'><strong>propter</strong></span> 
     </span>
     <span class='ocr_line' id='line_1_92' title="bbox 1399 3568 2466 3642; baseline -0.014 -9"><span class='ocrx_word' id='word_1_457' title='bbox 1399 3596 1483 3633; x_wconf 85' lang='lat' dir='ltr'><strong>me</strong></span> <span class='ocrx_word' id='word_1_458' title='bbox 1527 3582 1668 3631; x_wconf 88' lang='lat' dir='ltr'><strong>illam</strong></span> <span class='ocrx_word' id='word_1_459' title='bbox 1714 3577 1890 3642; x_wconf 90' lang='lat' dir='ltr'><strong>decipi</strong></span> <span class='ocrx_word' id='word_1_460' title='bbox 1934 3576 2176 3625; x_wconf 86' lang='lat' dir='ltr'><strong>miseram</strong></span> <span class='ocrx_word' id='word_1_461' title='bbox 2229 3572 2392 3622; x_wconf 87' lang='lat' dir='ltr'><strong>sinam</strong></span> <span class='ocrx_word' id='word_1_462' title='bbox 2430 3568 2466 3618; x_wconf 64' lang='grc' dir='ltr'><strong><em>Ρ</em></strong></span> 
     </span>
     <span class='ocr_line' id='line_1_93' title="bbox 1401 3654 2265 3711; baseline -0.016 1"><span class='ocrx_word' id='word_1_463' title='bbox 1401 3660 1569 3711; x_wconf 82' lang='lat' dir='ltr'><strong>Andr.</strong></span> <span class='ocrx_word' id='word_1_464' title='bbox 1592 3674 1632 3708; x_wconf 91' lang='lat'><strong>1.</strong></span> <span class='ocrx_word' id='word_1_465' title='bbox 1654 3663 1703 3707; x_wconf 84' lang='grc'><strong>5.</strong></span> <span class='ocrx_word' id='word_1_466' title='bbox 1729 3660 1829 3706; x_wconf 73' lang='grc'><strong>36.</strong></span> <span class='ocrx_word' id='word_1_467' title='bbox 1847 3654 2105 3704; x_wconf 73' lang='lat' dir='ltr'><strong>Boeclems.</strong></span> <span class='ocrx_word' id='word_1_468' title='bbox 2263 3701 2265 3704; x_wconf 9' lang='grc' dir='ltr'><em>Α</em></span> 
     </span>
    </p>

    <p class='ocr_par' dir='ltr' id='par_1_32' title="bbox 1403 3728 2471 3941">
     <span class='ocr_line' id='line_1_94' title="bbox 1465 3728 2466 3793; baseline -0.015 -6"><span class='ocrx_word' id='word_1_469' title='bbox 1465 3741 1531 3787; x_wconf 73' lang='grc'><strong>80</strong></span> <span class='ocrx_word' id='word_1_470' title='bbox 1574 3736 1707 3784; x_wconf 82' lang='lat' dir='ltr'><strong>Nam</strong></span> <span class='ocrx_word' id='word_1_471' title='bbox 1736 3732 1848 3793; x_wconf 71' lang='lat' dir='ltr'><strong>jam</strong></span> <span class='ocrx_word' id='word_1_472' title='bbox 1892 3731 1979 3779; x_wconf 72' lang='lat' dir='ltr'><strong>diu</strong></span> <span class='ocrx_word' id='word_1_473' title='bbox 2021 3728 2230 3791; x_wconf 71' lang='lat' dir='ltr'><strong>aliquam</strong></span> <span class='ocrx_word' id='word_1_474' title='bbox 2275 3738 2466 3774; x_wconf 77' lang='lat' dir='ltr'><strong>causum</strong></span> 
     </span>
     <span class='ocr_line' id='line_1_95' title="bbox 1403 3806 2468 3909; baseline -0.013 -46"><span class='ocrx_word' id='word_1_475' title='bbox 1403 3812 1646 3879; x_wconf 71' lang='lat' dir='ltr'><strong>querebat</strong></span> <span class='ocrx_word' id='word_1_476' title='bbox 1665 3806 1832 3870; x_wconf 80' lang='lat' dir='ltr'><strong>senex]</strong></span> <span class='ocrx_word' id='word_1_477' title='bbox 1867 3806 2014 3856; x_wconf 87' lang='lat' dir='ltr'><strong>Nota</strong></span> <span class='ocrx_word' id='word_1_478' title='bbox 2033 3817 2241 3909; x_wconf 74' lang='lat' dir='ltr'><strong>causam,</strong></span> <span class='ocrx_word' id='word_1_479' title='bbox 2265 3815 2359 3867; x_wconf 91' lang='lat' dir='ltr'><strong>pro</strong></span> <span class='ocrx_word' id='word_1_480' title='bbox 2379 3812 2468 3849; x_wconf 87' lang='lat' dir='ltr'><strong>oc·</strong></span> 
     </span>
     <span class='ocr_line' id='line_1_96' title="bbox 1403 3886 2471 3941; baseline -0.019 0"><span class='ocrx_word' id='word_1_481' title='bbox 1403 3889 1629 3941; x_wconf 77' lang='lat' dir='ltr'><strong>cesione.</strong></span> <span class='ocrx_word' id='word_1_482' title='bbox 1663 3886 1898 3934; x_wconf 76' lang='lat' dir='ltr'><strong>Donatus.</strong></span> <span class='ocrx_word' id='word_1_483' title='bbox 2042 3912 2045 3915; x_wconf 31' lang='grc' dir='ltr'>ι</span> <span class='ocrx_word' id='word_1_484' title='bbox 2464 3892 2471 3913; x_wconf 71' lang='lat' dir='ltr'>e</span> 
     </span>
    </p>

    <p class='ocr_par' dir='ltr' id='par_1_33' title="bbox 1401 3904 2470 4329">
     <span class='ocr_line' id='line_1_97' title="bbox 1469 3904 2465 4024; baseline -0.018 -8"><span class='ocrx_word' id='word_1_485' title='bbox 1469 3967 1602 4016; x_wconf 81' lang='lat' dir='ltr'><strong>Nam</strong></span> <span class='ocrx_word' id='word_1_486' title='bbox 1629 3961 1732 4024; x_wconf 73' lang='lat' dir='ltr'><strong>jam</strong></span> <span class='ocrx_word' id='word_1_487' title='bbox 1763 3959 1849 4009; x_wconf 86' lang='lat' dir='ltr'><strong>diu</strong></span> <span class='ocrx_word' id='word_1_488' title='bbox 1880 3957 1999 4020; x_wconf 76' lang='lat' dir='ltr'><strong>aliq.</strong></span> <span class='ocrx_word' id='word_1_489' title='bbox 2035 3952 2191 4016; x_wconf 57' lang='lat' dir='ltr'><strong>caum]</strong></span> <span class='ocrx_word' id='word_1_490' title='bbox 2234 3904 2465 4013; x_wconf 71' lang='lat' dir='ltr'><strong>Egregio</strong></span> 
     </span>
     <span class='ocr_line' id='line_1_98' title="bbox 1401 4026 2465 4095; baseline -0.02 0"><span class='ocrx_word' id='word_1_491' title='bbox 1401 4046 1616 4095; x_wconf 87' lang='lat' dir='ltr'><strong>invento</strong></span> <span class='ocrx_word' id='word_1_492' title='bbox 1682 4037 1997 4089; x_wconf 81' lang='lat' dir='ltr'><strong>suavitatem</strong></span> <span class='ocrx_word' id='word_1_493' title='bbox 2054 4031 2225 4081; x_wconf 80' lang='lat' dir='ltr'><strong>exitus</strong></span> <span class='ocrx_word' id='word_1_494' title='bbox 2277 4026 2465 4077; x_wconf 87' lang='lat' dir='ltr'><strong>comici</strong></span> 
     </span>
     <span class='ocr_line' id='line_1_99' title="bbox 1404 4099 2467 4173; baseline -0.02 -3"><span class='ocrx_word' id='word_1_495' title='bbox 1404 4117 1672 4171; x_wconf 88' lang='lat' dir='ltr'><strong>cumulare</strong></span> <span class='ocrx_word' id='word_1_496' title='bbox 1721 4111 1883 4162; x_wconf 80' lang='lat' dir='ltr'><strong>voluit</strong></span> <span class='ocrx_word' id='word_1_497' title='bbox 1925 4107 2126 4173; x_wconf 50' lang='lat' dir='ltr'><strong>poetae</strong></span> <span class='ocrx_word' id='word_1_498' title='bbox 2169 4103 2293 4153; x_wconf 88' lang='lat' dir='ltr'><strong>dum</strong></span> <span class='ocrx_word' id='word_1_499' title='bbox 2335 4099 2467 4155; x_wconf 81' lang='lat' dir='ltr'><strong>facit</strong></span> 
     </span>
     <span class='ocr_line' id='line_1_100' title="bbox 1405 4178 2470 4249; baseline -0.022 0"><span class='ocrx_word' id='word_1_500' title='bbox 1405 4210 1583 4249; x_wconf 89' lang='lat' dir='ltr'><strong>senem</strong></span> <span class='ocrx_word' id='word_1_501' title='bbox 1617 4186 1982 4242; x_wconf 85' lang='lat' dir='ltr'><strong>meretricibus</strong></span> <span class='ocrx_word' id='word_1_502' title='bbox 2021 4180 2283 4233; x_wconf 83' lang='lat' dir='ltr'><strong>etdomui</strong></span> <span class='ocrx_word' id='word_1_503' title='bbox 2318 4178 2470 4228; x_wconf 88' lang='lat' dir='ltr'><strong>Thai·-</strong></span> 
     </span>
     <span class='ocr_line' id='line_1_101' title="bbox 1405 4255 2469 4329; baseline -0.023 -3"><span class='ocrx_word' id='word_1_504' title='bbox 1405 4275 1485 4326; x_wconf 90' lang='lat' dir='ltr'><strong>dis</strong></span> <span class='ocrx_word' id='word_1_505' title='bbox 1506 4270 1940 4329; x_wconf 61' lang='lat' dir='ltr'><strong>infestum-quam</strong></span> <span class='ocrx_word' id='word_1_506' title='bbox 1963 4274 2083 4309; x_wconf 86' lang='lat' dir='ltr'><strong>mox</strong></span> <span class='ocrx_word' id='word_1_507' title='bbox 2102 4258 2154 4307; x_wconf 90' lang='lat' dir='ltr'><strong>in</strong></span> <span class='ocrx_word' id='word_1_508' title='bbox 2174 4255 2469 4306; x_wconf 85' lang='lat' dir='ltr'><strong>clientelam</strong></span> 
     </span>
    </p>
   </div>
   <div class='ocr_carea' id='block_1_15' title="bbox 1405 4332 2469 4414">
    <p class='ocr_par' dir='ltr' id='par_1_34' title="bbox 1405 4332 2469 4414">
     <span class='ocr_line' id='line_1_102' title="bbox 1405 4332 2469 4414; baseline -0.023 -10"><span class='ocrx_word' id='word_1_509' title='bbox 1405 4349 1659 4414; x_wconf 85' lang='lat' dir='ltr'><strong>suscipit;</strong></span> <span class='ocrx_word' id='word_1_510' title='bbox 1693 4354 1899 4395; x_wconf 86' lang='lat' dir='ltr'><strong>servum</strong></span> <span class='ocrx_word' id='word_1_511' title='bbox 1919 4337 2230 4404; x_wconf 80' lang='lat' dir='ltr'><strong>gloriantem</strong></span> <span class='ocrx_word' id='word_1_512' title='bbox 2263 4333 2331 4384; x_wconf 86' lang='lat' dir='ltr'><strong>de</strong></span> <span class='ocrx_word' id='word_1_513' title='bbox 2362 4332 2469 4382; x_wconf 86' lang='lat' dir='ltr'><strong>vin-</strong></span> 
     </span>
    </p>
   </div>
  </div>
 </body>
</html>
