3035 4941
498 334 670 402 1086

502 495 802 547 bia’rldem.

500 610 503 617 -
563 582 631 627 26
664 578 809 626 Recte
828 577 974 628 dicist
1009 576 1176 641 perge]
1210 577 1374 625 Vultu
1397 586 1556 624 enun-

499 652 755 704 tiandum.
822 652 937 703 Hoc
960 652 1092 702 dicit
1117 651 1433 713 Pamphilus,
1478 651 1557 699 Id·

563 728 767 792 Manes]
801 728 873 778 At
900 742 1080 792 parum
1107 728 1356 792 temporis
1391 725 1555 776 fuisti.

508 890 515 901 '⁴
564 883 793 946 Interea]
827 882 1095 946 Temporis
1128 881 1262 945 longi
1300 879 1557 944 significa-

498 957 592 1021 tio.
636 958 787 1007 Idem.

564 1035 775 1085 Introire
792 1034 1042 1097 neminem]
1079 1033 1128 1083 A
1147 1049 1247 1083 non
1271 1033 1442 1084 factis.
1479 1033 1555 1082 Id.

562 1116 629 1161 27
664 1113 820 1161 Exire
853 1111 1104 1174 neminem]
1153 1112 1294 1163 Quid
1333 1112 1376 1160 si
1419 1112 1559 1161 intus

496 1188 681 1238 erant?
713 1188 831 1237 ideo
853 1189 946 1250 ait,
962 1188 1096 1237 exire
1109 1188 1353 1237 neminem.
1388 1186 1556 1237 Idem.

504 1292 513 1298 ·
562 1268 632 1313 28
685 1264 826 1313 Nihil
860 1265 1043 1327 ornati]
1093 1261 1390 1328 ‘Apxai'c-MS.
1470 1263 1558 1313 Sic

506 1341 802 1404 Sallustius,
819 1343 835 1371 ‘
855 1343 993 1405 Ergo
1010 1342 1191 1392 Senati
1216 1341 1431 1391 decreto
1454 1352 1559 1390 ser·

508 1418 817 1467 vi’eudnmne
841 1419 945 1469 sit!
978 1420 1131 1469 Idem,

500 1493 506 1502 '
556 1493 709 1542 Nihil
742 1493 922 1556 ornati]
979 1495 1189 1544 Nullum
1236 1499 1560 1557 apparatum,

503 1571 590 1635 qui
631 1571 826 1634 nuptiis
872 1571 1178 1621 conveniat:
1225 1570 1312 1620 adi
1350 1576 1456 1620 act.
1497 1583 1544 1618 n

502 1662 578 1697 sc.
601 1651 661 1696 δέ
695 1647 979 1698 Far-nabin.

507 1740 515 1753 ·
573 1724 807 1787 matti]
851 1723 1199 1794 Archaismus,
1234 1738 1331 1788 pro
1367 1727 1563 1772 ornatus

502 1801 762 1850 lumilas.-
796 1807 1001 1865 quartae
1022 1799 1328 1850 inflexionis.
1365 1801 1512 1849 Idem.

504 1904 509 1908 ·
569 1881 643 1926 29·
667 1877 894 1942 Signum]
930 1878 1152 1942 Proprie
1174 1891 1272 1942 pro
1293 1891 1561 1941 argumen-

505 1961 579 2005 to.
616 1955 853 2004 Donatus.

568 2031 702 2080 Num
741 2031 982 2094 videntur]
1033 2029 1083 2080 A
1126 2029 1564 2096 consequentibus

505 2117 880 2171 argumentum.
920 2109 1066 2157 Idem.
1404 2109 1409 2114 ’
1436 2146 1442 2153 .

571 2189 634 2234 80
669 2186 783 2234 Non
802 2185 989 2249 opinor]
1042 2184 1141 2234 Ille
1165 2184 1454 2248 opinionem
1478 2197 1565 2233 ac·

507 2261 796 2311 commodat
832 2269 1053 2320 tantum,
1087 2261 1170 2310 hic
1212 2262 1432 2310 multum
1454 2259 1564 2309 *tri-

506 2337 621 2387 buit
644 2338 973 2399 conjecturis.
1012 2337 1164 2387 Idem.

577 2412 687 2461 Non
719 2412 906 2477 opinor]
963 2414 1217 2465 Quoniam
1259 2419 1567 2477 argumenta

508 2496 627 2539 suut
643 2496 698 2538 et
719 2489 1057 2554 conjecturae,
1077 2492 1240 2555 opinor
1255 2490 1406 2541 dixit.
1429 2488 1566 2539 Nam
1592 2537 1596 2542 .

508 2573 689 2616 contra
712 2566 1027 2628 opinionem,
1055 2574 1201 2617 certa
1225 2582 1304 2616 res
1327 2573 1427 2629 est,
1449 2581 1567 2631 quae

509 2649 683 2691 autem
716 2642 1004 2708 opinamur,
1028 2651 1298 2708 putamus}
1318 2658 1449 2709 *quae
1473 2657 1568 2706 pu-

508 2726 696 2777 tamus,
713 2718 916 2769 incerta
934 2728 1069 2771 sunt.
1105 2723 1252 2771 Idem.

580 2797 780 2860 Quor,
813 2797 1006 2860 narras]
1048 2799 1191 2847 Bene
1225 2812 1259 2847 a
1293 2796 1459 2862 prima
1500 2796 1571 2846 ad

509 2874 786 2923 secundam
807 2888 1090 2938 personam.
1123 2874 1275 2923 Idem.

575 2956 636 3001 81
673 2952 840 3001 Etiam
870 2954 1086 3019 puerum]
1129 2952 1296 3002 Etiam
1318 2966 1412 3017 pro
1435 2966 1568 3016 prae·

511 3036 673 3080 terea.
709 3031 858 3080 Idem.
1220 3049 1221 3052 ¹

536 3131 541 3140 =
578 3106 794 3170 Chremi]
826 3107 914 3157 Sic
963 3108 1173 3173 Chremi,
1213 3112 1272 3157 ut
1315 3106 1480 3171 Ulyssi
1512 3111 1571 3156 et

511 3182 708 3232 Achilli.
746 3184 914 3235 Idem.
1040 3228 1045 3233 .

576 3259 696 3309 Inde
725 3260 883 3309 abiens
914 3275 1107 3324 pamm
1137 3257 1572 3323 convenient-cmi]

515 3335 659 3384 Nota
690 3336 954 3398 convenire,
1001 3351 1116 3400 pro,
1147 3335 1355 3384 incidere
1387 3335 1440 3384 in
1481 3335 1572 3384 nli-

513 3421 674 3477 φνας
694 3421 750 3462 et
771 3414 847 3464 ita
871 3413 1078 3464 Gallice
1101 3415 1233 3464 verti
1250 3413 1464 3463 debuit:
1493 3414 1574 3462 En

508 3496 734 3542 recenant
754 3493 900 3554 ‹ie-la,
920 3492 1030 3557 J'ny
1062 3498 1339 3556 rencontray
1373 3493 1416 3542 le
1448 3493 1574 3541 valet

511 3568 570 3616 dc
596 3568 837 3630 Chremes,
854 3570 934 3633 qui
953 3570 1150 3634 perluit,
1173 3573 1253 3634 &a
1318 3570 1440 3634 Ejus
1471 3569 1573 3633 sig-

511 3642 823 3695 nificationis
868 3647 1161 3711 exemplum
1215 3648 1267 3697 in
1322 3646 1573 3699 Eunucho

513 3722 779 3786 reperies:
801 3717 971 3773 Faber.
1216 3751 1219 3754 ·

579 3803 643 3848 ⁸2
681 3800 828 3848 Olera
849 3805 897 3849 et
915 3801 1162 3865 pisciculos
1183 3802 1410 3867 minutos]
1453 3799 1573 3851 Suf-

513 3874 697 3927 ficeret
735 3876 1042 3927 diminutive
1069 3879 1317 3942 pisciculos
1358 3879 1573 3943 dixisse,

521 3953 661 4017 quod
686 3953 779 4015 sic,
804 3954 1010 4003 maneos
1042 3954 1201 4006 dixit:
1240 3964 1293 4007 et
1334 3957 1575 4020 pretinm,

517 4030 670 4079 obolo
698 4043 811 4079 esse
845 4039 1082 4096 emptos:
1118 4047 1232 4097 quae
1271 4040 1354 4082 est
1391 4032 1575 4082 ultima

517 4121 837 4156 nummorum
878 4107 1204 4172 significatio.
1268 4109 1400 4158 Sunt
1437 4108 1574 4158 enim

517 4193 711 4244 genera
723 4185 1034 4234 minutorum
1053 4185 1289 4248 piscium,
1305 4198 1418 4249 quae
1437 4200 1576 4249 mag·

516 4272 586 4307 no
610 4267 852 4310 veneant.
910 4262 1015 4312 Hic
1039 4277 1163 4325 ergo
1187 4262 1344 4312 etiam
1368 4276 1432 4311 ex
1457 4271 1575 4326 pre*

1194 350 1408 400 No'rAE
1457 349 1862 398 VARIORUM
1911 348 1993 400 m
2097 350 2102 355 ’

1633 490 1707 542 tio
1731 490 1999 543 vilissimos
2016 491 2186 555 pisces
2207 489 2531 555 significavit.
2599 489 2689 549 Et,

1632 569 1752 634 quid
1776 570 1819 619 si
1844 569 2087 631 minutos,
2123 568 2213 619 sed
2234 567 2506 618 omnibns?
2574 565 2691 615 Seni

1631 645 1786 708 dixit,
1809 654 1867 695 ut
1885 645 2231 699 obsonationis
2249 644 2549 694 ostenderet
2570 656 2689 692 cau-

1633 737 1761 771 sam.
1796 724 2033 773 Donatus.

1637 829 1645 836 -
1701 802 1845 849 Olera
1864 805 1911 849 et
1928 800 2196 863 pisciculos]
2242 796 2395 849 Quod
2419 810 2580 860 supra
2602 794 2692 860 ge-

1632 876 1894 936 neraliter,
1912 865 1927 904 '⁶
1946 876 2207 939 paululum
2228 873 2407 924 obsoni
2425 871 2459 922 :’
2480 873 2563 922 hic
2575 887 2693 943 spe·

1633 953 1836 1002 cialiter
1859 953 2013 1003 dixit.
2049 955 2200 1003 Idem.

1638 1054 1644 1059 ·
1698 1030 1767 1077 Et
1787 1020 2051 1092 piscicitlos,
2071 1029 2178 1092 ξω]
2208 1027 2471 1092 Ἀγορόσας
2494 1025 2559 1078 εἰς
2577 1025 2691 1079 τοὺς

1631 1103 1823 1166 γάμους·
1842 1105 2110 1162 Αιβανωτὸν
2129 1105 2303 1163 ὀβολοῦ
2320 1108 2421 1156 τοῖς
2439 1107 2574 1168 θεοῖς,
2591 1109 2693 1156 ἀεὶ

1633 1184 1770 1245 ‘Hafa‘
1791 1181 1843 1232 δὲ
1861 1186 1964 1235 ϊοῖςι
1994 1185 2179 1243 θνητοῖς
2212 1181 2438 1246 ἐπριάμην
2473 1180 2689 1240 κωβίους.

1635 1259 1825 1310 Athen.
1865 1262 1900 1310 l.
1925 1275 2026 1310 vn.
2058 1276 2108 1311 c.
2133 1265 2213 1311 17.
2251 1260 2442 1309 Omnia
2476 1259 2696 1323 opsonia

1634 1338 1726 1402 ὄψα
1748 1340 2114 1403 appellantur:
2150 1339 2289 1388 solus
2323 1345 2495 1387 tamen
2535 1337 2694 1400 piscis

1632 1416 1860 1467 obtinuit
1885 1417 2108 1474 tandem,
2145 1424 2204 1465 ut
2233 1415 2356 1480 ὄψον
2388 1414 2694 1479 simpliciter

1633 1508 1748 1543 cum
1787 1493 1999 1557 dicitur,
2037 1493 2193 1556 piscis
2222 1492 2557 1554 intelligatur.
2598 1491 2696 1541 Ca·

1634 1571 1850 1620 sanbon.
1882 1570 1933 1619 in
1967 1569 2272 1620 Athenaeum
2316 1570 2351 1620 1.
2391 1583 2494 1619 vit.
2532 1583 2580 1619 e.
2612 1572 2694 1618 17.

1638 1646 1922 1696 Fcrnnbius.

1700 1725 1763 1774 In
1782 1740 1959 1774 coenam
1977 1722 2103 1786 seni]
2140 1723 2275 1772 Mire
2297 1724 2417 1787 seni,
2440 1722 2590 1788 cujus
2613 1728 2698 1773 est

1636 1802 1799 1864 major
1821 1815 1946 1850 cura
1968 1800 2123 1850 domi.
2158 1800 2419 1852 Donatus.-

1703 1879 1901 1942 anlns]
1936 1879 2064 1940 Pro,
2082 1894 2195 1943 non,
2215 1884 2271 1927 ut
2294 1878 2437 1941 alibi,
2457 1879 2473 1907 ‘
2505 1878 2696 1928 Nullus

1638 1957 1876 2008 dixeris!
1898 1958 2050 2007 Idem.

1702 2039 1764 2085 33
1801 2036 1937 2085 Dave
1972 2033 2109 2082 hodie
2151 2038 2234 2082 tna
2270 2033 2434 2098 opera]
2477 2032 2546 2083 Ο.
2586 2032 2621 2083 1.
2658 2047 2698 2083 s.

1636 2117 1774 2167 hodie
1798 2117 1956 2166 Dave.
1994 2113 2243 2163 Faiirnus.

1700 2192 1777 2242 Ac
1810 2192 1969 2241 nullus
2008 2188 2218 2254 quidem]
2250 2189 2319 2239 Ο.
2342 2189 2377 2239 l.
2403 2203 2444 2238 s.
2468 2203 2525 2238 ac
2545 2189 2703 2239 nullus

1638 2284 1687 2333 q.
1718 2269 1887 2318 Idem.

1702 2349 1767 2394 3⁸4
1804 2343 1932 2401 Quid
1974 2343 2091 2408 ita]·
2114 2344 2234 2393 Una
2271 2356 2393 2406 pars
2433 2341 2705 2393 orationis.

1639 2421 1876 2486 Donatus.

1709 2497 1977 2548 Ridiculum
1997 2497 2161 2560 caput]
2199 2497 2306 2545 Pro
2330 2501 2436 2544 toto
2460 2494 2667 2544 homine
2690 2509 2706 2543 t

1640 2589 1792 2624 nemo
1832 2575 1965 2624 enim
2004 2589 2091 2624 ore
2132 2580 2433 2635 contempto
2486 2585 2550 2619 ex
2592 2569 2705 2619 aliis

1640 2652 1882 2701 membris
1916 2651 2173 2701 hominem
2214 2648 2339 2697 velit
2374 2644 2703 2709 significare:

1640 2736 1696 2779 et
1720 2736 1799 2778 est
1821 2726 2085 2789 συνεκδοχῆ
2103 2723 2292 2790 τρόπος.
2328 2724 2478 2773 Idem.

1704 2812 1767 2857 85
1807 2808 1956 2864 Quasi
1977 2820 2159 2857 necesse
2178 2805 2264 2865 sit,
2286 2802 2332 2851 si
2362 2802 2470 2851 haic
2490 2814 2585 2849 non
2609 2800 2707 2863 det,

1641 2892 1689 2935 te
1724 2886 1857 2935 illam
1893 2899 2088 2935 uxorem
2118 2881 2310 2945 ducere]
2346 2876 2597 2928 Ostendit
2629 2871 2706 2927 ἓν·

1642 2961 1830 3025 θύμημα
1868 2962 2112 3012 vitiosum
2166 2959 2267 3008 hoc
2311 2970 2444 3017 esse,
2486 2954 2540 3004 in
2586 2968 2709 3018 quo,

1644 3043 1810 3092 altero
1845 3040 2067 3097 sublato,
2106 3052 2210 3086 non
2243 3031 2537 3085 necessario
2577 3032 2708 3080 alte-

1645 3132 1756 3166 rum
1780 3117 2124 3180 relinquatur.
2166 3113 2317 3162 Idem.

1709 3198 1784 3243 36
1810 3193 1925 3242 Nisi
1945 3193 2091 3250 eides,
2111 3189 2208 3238 nisi
2238 3187 2366 3238 senis
2385 3185 2557 3235 amicos
2578 3198 2708 3246 oros,

1644 3269 1816 3332 ambis]
1852 3269 1966 3318 Hoc
2001 3268 2203 3316 laborat
2237 3266 2431 3325 Davus,
2466 3260 2711 3327 quemad·

1644 3345 1853 3395 modum
1899 3345 2258 3394 Philumenam
2292 3340 2543 3391 Charinus
2586 3354 2708 3401 pro·

1649 3422 1775 3487 priis
1798 3422 2062 3470 laboribus
2097 3422 2452 3484 promereatur
2474 3427 2710 3466 uxorem.

1649 3501 1802 3550 Idem.

1712 3575 1829 3625 Nisi
1870 3573 2021 3637 vides,
2062 3574 2159 3623 nisi
2200 3572 2330 3623 senis
2369 3572 2542 3621 amicos
2579 3568 2712 3634 oras]

1646 3650 1946 3703 Artificiose
1970 3654 2153 3702 Davus
2196 3649 2468 3700 Charinum
2495 3640 2712 3704 excitat.

1647 3737 1727 3791 nt,
1749 3729 1790 3778 si
1812 3728 1926 3777 fieri
1951 3728 2135 3791 possit,
2149 3726 2429 3790 adjuvetur
2446 3723 2711 3789 negotium

1647 3804 1926 3868 Pamphili,
1948 3803 2068 3853 dum
2092 3803 2180 3852 ille
2205 3802 2304 3852 sibi
2326 3800 2587 3865 providet.
2635 3799 2715 3849 Id.

1718 3882 1831 3931 Nisi
1852 3881 2005 3945 vides]
2038 3879 2316 3930 Provides.
2351 3878 2500 3927 Idem.

1714 3958 1835 4008 Nisi
1869 3958 2017 4020 vides,
2056 3957 2166 4021 ξω]
2203 3958 2328 4006 Nou
2359 3960 2560 4005 tantum
2588 3951 2718 4001 *dili-

1648 4035 1873 4100 gentiam
1920 4034 2126 4084 Charini
2165 4033 2353 4082 incitat
2392 4031 2596 4094 Davus,
2636 4029 2714 4093 ip-

1647 4127 1864 4175 sumque
1908 4112 1958 4160 in
1994 4112 2127 4161 hanc
2175 4117 2375 4174 partem
2427 4108 2717 4179 argumenti

1648 4186 2023 4237 conficiendam
2047 4188 2243 4249 trahit3
2276 4187 2369 4236 sed
2392 4186 2549 4234 etiam
2575 4198 2717 4237 amo-

1647 4264 1731 4314 liri
1774 4264 1892 4315 hinc
1935 4264 2102 4329 cupit,
2161 4270 2222 4330 ut,
2271 4277 2388 4313 cum
2437 4261 2714 4326 Pamphilo
