3035 4941
542 775 1103 899 NOTAE
1213 771 2286 902 VARIORUM

1308 1082 1460 1131 ‘IN

320 1325 435 1417 P.
514 1254 1186 1419 TERENTII
1285 1326 1623 1419 Arm
1724 1320 2515 1418 COMOEDIAS.

1212 1849 1630 1917 ANDRIA.
1732 1867 1741 1880 ’

380 2033 522 2084 ΙἘιιι
544 2034 778 2085 Bonan
800 2035 868 2085 V.
889 2033 948 2085 C.
966 2034 1257 2085 Onu-oms
1269 2034 1382 2084 Un-

322 2126 400 2162 ms
418 2116 629 2177 Romus,
647 2115 1119 2179 commeantum]
1144 2115 1385 2162 Commen-

321 2194 495 2242 tarium
516 2195 662 2256 hune,
683 2193 766 2257 qni
787 2192 923 2243 AElio
943 2195 1159 2242 Donato
1184 2191 1386 2241 Oratori

317 2270 444 2319 urbis
453 2271 536 2320 Ro
543 2285 642 2320 mae
653 2270 959 2331 adscribitur,
970 2270 1041 2318 sic
1055 2268 1241 2332 quidem
1258 2267 1387 2316 illius

320 2361 412 2396 esse
445 2362 634 2410 censeo,
662 2344 717 2397 ni
753 2344 1063 2408 integriorem
1100 2344 1251 2393 multo
1284 2358 1389 2392 eam

324 2424 430 2473 olim
460 2423 691 2475 extitisse
721 2439 827 2474 mea
860 2424 1046 2489 quidem
1081 2421 1236 2486 opinio
1272 2420 1337 2470 sit
1368 2436 1389 2480 ,-

293 2499 305 2513 ‘
322 2503 499 2563 qualem
520 2505 690 2550 antem
717 2516 840 2550 nunc
862 2500 1099 2559 habemus,
1131 2499 1388 2548 Collecta-

322 2588 415 2626 nea
430 2578 603 2641 potius
619 2571 719 2626 sive
740 2578 1008 2640 Excerpta
1044 2575 1240 2625 dicenda
1271 2588 1390 2637 esse,

325 2669 458 2717 quam
477 2654 778 2720 ipsissimam
798 2653 994 2703 Donati
1016 2666 1146 2718 opus.
1192 2651 1251 2700 Id
1270 2652 1392 2715 quod

324 2748 521 2794 arguere
547 2733 768 2782 videntur
782 2733 1060 2795 frequentes
1082 2729 1315 2791 asterisci,
1344 2733 1392 2777 et

324 2812 439 2871 quod
461 2809 646 2860 totiens
666 2812 828 2859 eadem
851 2812 1142 2872 repetantur,
1170 2806 1393 2856 nonnulla

1450 2020 1753 2084 ¹Euanthius
1794 2033 1847 2080 in
1884 2028 2261 2082 commentario
2285 2021 2530 2078 Terentii

1465 2110 1532 2159 de
1566 2109 1759 2171 fabula,
1788 2110 1885 2158 hoc
1923 2118 2024 2170 est,
2060 2106 2125 2154 de
2156 2103 2425 2164 comoedia,
2452 2100 2527 2150 sic

1465 2187 1611 2238 dicit.
1662 2187 1881 2250 Reliquos
1903 2185 2163 2236 Charisius
2189 2182 2454 2244 Sosipater
2481 2180 2530 2226 et
2575 2169 2594 2181 ’

1457 2267 1709 2333 Donatus
1749 2263 1849 2327 ipse
1899 2263 1954 2312 in
1998 2262 2124 2310 hisce
2170 2253 2533 2308 Commentariis

1460 2343 1681 2401 ‚laudona
1747 2341 1819 2391 At
1852 2339 2078 2405 quidquid
2110 2338 2195 2399 sit,
2227 2331 2434 2386 contenti
2463 2330 2531 2380 si·

1467 2435 1574 2470 mus
1594 2419 1680 2468 hoc
1694 2420 1889 2481 Catone,
1902 2418 1983 2482 qni
2004 2432 2064 2466 ex
2082 2420 2320 2464 tantorum
2339 2409 2534 2469 naufra-

1458 2495 1553 2560 'gio
1608 2498 1733 2546 solas
1783 2495 2044 2559 periculum
2088 2492 2291 2556 qualiter
2329 2485 2535 2552 qualiter

1469 2573 1639 2625 evasit.
1670 2571 2100 2636 Lindenbrogius.

1507 2665 1509 2668 ’
1538 2652 1601 2701 Ρ.
1636 2650 1845 2700 Terentii
1875 2646 2086 2711 Andria]
2123 2644 2284 2695 Aiunt
2318 2658 2421 2693 non
2455 2642 2534 2691 ita

1471 2728 1595 2778 olim
1618 2728 1866 2791 scriptum
1888 2724 2066 2784 fuisse,
2092 2723 2205 2785 sed,
2233 2719 2423 2769 Andria
2446 2718 2534 2767 Te-

1470 2805 1635 2868 rentii,
1663 2805 1745 2855 'ita
1778 2810 1836 2854 ut
1863 2817 2050 2868 nomen
2086 2800 2298 2850 Fabnlae
2332 2810 2534 2861 praepo-

316 2887 467 2936 'eliam
480 2900 663 2951 parum
681 2886 884 2935 dilucide
906 2882 1217 2949 explicentur·
1262 2882 1451 2960 Quin.
1472 2890 1688 2934 neretur
1708 2881 1900 2931 nomini
1913 2878 2128 2940 Poetae,
2159 2876 2297 2942 quia,
2320 2874 2541 2932 scilicet,

323 2965 463 3015 etiam
482 2964 845 3028 Hieronymus
864 2963 1124 3013 Comment.
1140 2962 1192 3009 in
1212 2961 1390 3010 Eccles.

322 3058 424 3105 cap.
445 3048 493 3093 1.
510 3046 802 3103 attestatur,
833 3042 1100 3090 Donatum
1135 3042 1392 3103 praecepto·

323 3136 421 3170 rem
442 3135 605 3181 snum,
632 3134 739 3169 cnm
767 3119 1045 3169 versiculum
1073 3118 1224 3175 illum,
1246 3115 1395 3166 Nihil

326 3206 404 3249 est
426 3199 651 3259 dictum,
680 3197 816 3263 quod
843 3212 943 3247 non
973 3197 1042 3247 sit
1064 3195 1262 3246 dictum
1284 3193 1391 3259 pri.-

327 3291 404 3339 us,
443 3275 881 3340 interpretaretnr3
913 3273 1163 3335 Pereunt,
1198 3271 1394 3330 dixisse,

327 3354 412 3418 qni
445 3363 576 3404 ante
610 3368 701 3402 nos
732 3356 908 3400 nostra
944 3349 1208 3399 dixerunt.
1276 3347 1397 3416 Qua·

327 3443 436 3480 sane
462 3429 611 3481 verba
643 3430 694 3479 in
725 3428 850 3477 hisce
876 3424 1241 3476 Commentariis
1275 3438 1397 3473 nunc

327 3506 522 3562 minime
547 3508 785 3568 leguntur.
849 3504 1000 3568 Dein,
1020 3517 1124 3566 quoe
1141 3517 1202 3551 ex
1219 3500 1396 3550 Probo

326 3575 373 3631 'et
401 3584 516 3633 aliis
547 3583 624 3632 hic
650 3581 951 3643 adferuntur,
983 3578 1089 3643 quis
1115 3581 1312 3640 negaret
1342 3590 1399 3626 ea

326 3657 588 3711 collectoris
615 3659 775 3723 potius
805 3656 982 3718 studio,
1022 3670 1161 3721 qnam
1198 3652 1399 3703 Donati

319 3735 503 3805 judicio
525 3735 707 3785 inserta
726 3738 854 3800 esse?
920 3733 1111 3782 Praeter
1129 3731 1252 3779 hunc
1273 3729 1400 3779 enim

329 3817 374 3861 et
394 3814 516 3863 alios
545 3814 703 3877 plures
721 3816 899 3861 certum
920 3815 992 3859 est
1013 3810 1066 3859 in
1093 3807 1395 3857 Terentium

335 3893 684 3943 Comnoentaria
700 3892 901 3941 edidisse
915 3909 932 3942 .-
955 3889 1292 3949 Euauthium‚
1311 3902 1398 3951 pu-

331 3973 398 4025 ta,
441 3970 725 4018 Aruntium
759 3969 988 4033 Celsum,
1023 3966 1260 4016 Flavium
1298 3965 1398 4015 Ca-

331 4059 504 4108 ptum,
534 4045 808 4094 Helenium
839 4044 1118 4109 Acronem,
1151 4042 1399 4107 Asprum,

332 4121 585 4186 Probum,
613 4122 898 4186 Nigidium,
932 4127 1001 4187 et,
1030 4121 1075 4172 si
1105 4136 1218 4170 vera
1246 4119 1401 4185 lectio,

334 4198 669 4252 Adesionem.
748 4200 826 4249 De
866 4197 1149 4259 Euanthio,
1183 4194 1400 4246 Rufinus

340 4272 710 4333 Grammaticus·
735 4278 794 4325 de
847 4276 1027 4326 Metris
1070 4273 1400 4326 Terentianis:

411 4356 587 4424 Delph.
610 4364 657 4409 et
685 4359 800 4411 Var.
822 4358 952 4411 Clas.

1362 4353 1556 4404 Terent.

1472 2960 1700 3010 nondum
1714 2956 2045 3007 inclaruisset
2059 2954 2353 3004 Terentius·
2379 2947 2538 3003 Quod

1473 3044 1530 3088 et
1549 3036 1735 3087 falsum
1749 3041 1839 3085 est
1862 3040 1918 3084 et
1945 3032 2289 3098 nugatorium,
2323 3043 2385 3078 ac
2423 3027 2537 3077 istis

1473 3113 1735 3179 capitibus
1753 3112 1983 3175 dignum.
2026 3107 2238 3160 Deinde
2258 3112 2380 3155 ante
2401 3103 2537 3153 hanc

1474 3191 1724 3241 Fabulam
1786 3188 1911 3238 alius
1972 3184 2189 3235 dederat
2236 3178 2537 3241 Terentius,

1470 3267 1614 3336 ‘quod
1638 3281 1789 3316 nemo
1810 3269 1932 3331 ante
1953 3276 2037 3312 me
2065 3256 2450 3319 animadvertit,
2484 3262 2541 3304 et

1477 3358 1580 3395 uno
1610 3343 1769 3393 verbo
1803 3356 1924 3391 mox
1953 3337 2240 3390 ostendam.
2309 3331 2539 3390 Deinde,

1478 3421 1600 3490 quid
1624 3420 1827 3471 isthuc?
1876 3417 2076 3470 Andria
2094 3414 2344 3476 Terentii,
2362 3418 2418 3462 et
2440 3410 2540 3460 Te-

1478 3500 1635 3551 rentii
1672 3498 1890 3561 Andria,
1926 3496 2011 3562 qui
2057 3492 2336 3544 differunt?
2404 3487 2541 3538 Ride

1476 3578 1653 3642 igitur.
1708 3573 1899 3625 Tamen
1920 3571 2177 3635 Georgius
2197 3566 2464 3619 Fabricius
2486 3564 2541 3615 id

1479 3671 1512 3705 a
1541 3652 1767 3705 librariis
1790 3652 2085 3715 neglectum
2108 3647 2267 3698 fuisse
2292 3642 2542 3710 queritur.

1479 3734 1720 3793 Causam,
1759 3728 1939 3791 credo,
1970 3727 2046 3777 illi
2082 3724 2420 3790 praebuerunt
2453 3734 2543 3769 ex-

1472 3807 1664 3874 cerpta
1687 3807 1778 3857 illa
1800 3801 2252 3864 Pseudo-Donati,
2276 3797 2421 3864 queis
2445 3809 2544 3858 ego

1477 3885 1736 3936 interdum
1758 3882 1886 3932 nihil
1910 3880 2061 3931 video
2085 3878 2335 3928 insulsum
2358 3871 2542 3935 magis.

1478 3963 1545 4013 Id
1567 3960 1704 4028 quod
1727 3974 1905 4009 verum
1927 3970 2041 4006 esse
2064 3951 2334 4005 ostendam
2354 3962 2470 3998 cum
2490 3947 2544 3995 in
2639 3973 2645 3980 ·

1479 4038 1675 4088 Urbem
1692 4049 1899 4095 venera,
1913 4038 1969 4083 et
1982 4027 2300 4094 locupletem
2317 4023 2543 4090 aliquem

1480 4112 1887 4181 Typographum
1926 4107 2052 4158 mihi
2090 4100 2319 4154 nancisci
2363 4098 2544 4148 datum

1481 4191 1660 4243 fuerit.
1731 4189 1919 4253 Neque
1950 4184 2088 4236 enim
2110 4194 2247 4229 nunc
2271 4177 2545 4227 Commen-

1482 4271 1645 4322 tarios
1681 4264 1970 4319 scribimus.
2035 4256 2237 4312 Grandi
2272 4269 2376 4305 aere
2409 4266 2541 4337 opus

2304 4341 2335 4386 3
2370 4335 2419 4385 Τ
