3035 4941
629 377 991 426 ΤΕιιιιΝΊ-ιι
1043 374 1381 427 Eunoen.
1426 365 1594 427 Aer.
1642 378 1754 426 111.
1802 378 1906 427 sc.
1957 381 2022 427 v.

252 522 308 571 lis
328 536 462 585 esse,
473 523 688 588 quabm
682 523 865 575 Poeta
885 523 970 576 hie
992 522 1282 588 argumenti

251 614 357 662 ergo
378 616 486 649 esse
510 601 688 651 voluit.
722 602 980 650 Βαναία-ιω.

312 676 354 725 0
363 677 518 736 festus
537 678 638 727 dies
651 678 888 728 hominis!
910 676 1114 726 Amice!
1131 677 1283 741 salve]

249 754 406 803 Decet
423 769 453 803 a
473 754 821 805 salutatione
806 754 1037 817 incipere
1057 754 1284 803 luculen-

247 835 295 876 te
316 830 587 880 dicturum.
641 830 790 892 Illum
814 837 986 879 autem
1011 830 1284 880 verisimile

250 912 339 967 est,
358 912 411 955 et
433 921 727 969 percussum
748 920 806 955 re
829 919 980 966 nova,
999 911 1053 954 et
1075 904 1285 954 audien·

246 978 293 1029 di
308 982 565 1045 cupidum,
585 983 931 1033 immemorem
955 982 1190 1032 extitisse
1204 998 1283 1032 sa·

241 1056 444 1107 lutondi.
484 1060 722 1109 Donatus.

308 1132 515 1206 Qsestus
535 1137 661 1201 dies]
682 1137 869 1186 Utrum
881 1134 1003 1201 quia
1024 1150 1181 1185 cansa
1203 1142 1285 1185 est

247 1208 355 1260 festi
376 1228 433 1260 ac
457 1213 567 1261 laeti
589 1212 724 1263 diei?
749 1227 813 1262 an
834 1214 953 1277 quia
976 1212 1089 1276 ipse
1113 1220 1282 1263 tantus

246 1289 320 1350 sit,
338 1299 555 1354 quantus
575 1299 658 1341 est
680 1290 846 1342 festus
869 1292 983 1342 dies
1004 1293 1023 1341 ?
1056 1292 1209 1342 Idem.

308 1367 351 1414 0
374 1366 536 1427 festus
573 1371 684 1428 dies,
708 1369 937 1432 hominis]
990 1369 1118 1431 Pro,
1151 1370 1283 1422 homo

231 1441 342 1499 festi
371 1444 482 1494 diei.
546 1446 636 1496 Sic
673 1446 863 1495 dicitur
900 1447 1036 1496 enim
1076 1448 1281 1497 ‘scelus

243 1518 412 1572 homo.’
475 1523 693 1587 Ennius,
744 1525 760 1551 ‘
779 1522 829 1572 Ο
885 1524 1051 1588 pietas
1094 1526 1267 1577 animi.
1270 1525 1285 1548 ⁹

240 1596 376 1647 Idem.

241 1715 242 1720 ,
304 1675 530 1739 Osestus,
549 1677 661 1741 ζα]
695 1677 743 1727 0
768 1677 918 1728 homo
950 1677 1136 1740 fauste,
1160 1678 1280 1728 mihi

242 1752 569 1813 optatissime,
597 1761 834 1818 tanquam
861 1756 931 1805 sis
965 1756 1088 1805 mihi
1122 1756 1282 1806 festus

240 1827 354 1878 dies.
385 1829 564 1880 Plaut.
591 1831 641 1879 in
666 1832 868 1895 Casina,
891 1846 927 1884 1.
949 1842 1051 1885 act.
1075 1839 1122 1884 1.
1141 1848 1282 1884 scen.

242 1907 256 1931 ‘
273 1906 401 1969 Sine,
423 1908 633 1972 amabo,
657 1917 709 1959 te
740 1912 917 1973 amari,
939 1926 1080 1961 meus
1113 1911 1282 1963 festus

242 1983 373 2034 dies!
405 1986 546 2049 apud
590 2001 743 2051 quem
774 1986 951 2038 feriari
984 1989 1104 2039 mihi
1141 1989 1284 2040 licet.

239 2061 506 2115 Fan-nabin.

297 2143 350 2188 13
386 2140 537 2196 Quem
563 2157 650 2203 ego
671 2142 824 2204 magis
843 2141 984 2205 nunc]
1026 2143 1169 2192 Bene
1192 2141 1283 2191 ad-

239 2214 385 2267 ditum
418 2219 612 2280 Magis.
647 2226 705 2270 ut
736 2219 813 2268 his
836 2221 1015 2269 amicis
1047 2234 1105 2271 se
1137 2227 1280 2270 ante·

240 2294 444 2354 positum
491 2297 773 2361 intelligat,
816 2312 943 2362 quos
978 2313 1095 2348 cnm
1133 2305 1281 2362 optet

239 2369 398 2422 videre
443 2374 685 2430 Chaerea,
726 2381 897 2424 tamen
935 2389 1052 2424 eum
1096 2376 1280 2439 magis,

240 2445 356 2497 adeo
380 2456 436 2500 ut
457 2451 579 2500 aliis
610 2451 789 2502 amicis
815 2452 1163 2518 antepositum
1190 2467 1277 2504 ne·

237 2525 406 2576 minem
425 2529 627 2592 cupiat.
673 2529 908 2579 Donatus.

295 2606 351 2652 14
382 2603 504 2671 Imo-
525 2621 620 2667 ego
658 2611 707 2654 te
742 2606 921 2654 obsecro
953 2607 1103 2657 hercle
1122 2611 1178 2656 ut
1196 2623 1278 2657 ott·

164 2715 174 2731 .
238 2677 348 2742 dias]
381 2681 586 2730 Bonum
613 2683 990 2746 compendium,
1026 2698 1092 2732 ne
1117 2684 1280 2732 multa

237 2753 418 2807 diceret
449 2760 515 2807 ad
539 2759 1022 2816 commendandum,
1046 2766 1104 2810 ut
1125 2761 1280 2823 solet,

234 2836 569 2885 narrationem
586 2833 831 2885 futuram.
869 2835 1022 2885 Idem·

291 2906 387 2958 Imo
407 2916 454 2959 te
473 2911 664 2960 obsecro
679 2911 832 2960 hercle
845 2916 899 2960 nt
914 2911 1105 2975 audias]
1134 2913 1280 2962 Bene

237 2989 438 3038 contulit
474 2988 667 3038 verba:
707 2997 780 3038 ut.
798 3004 865 3038 ex
901 2990 980 3038 his
1010 2997 1281 3053 appareat,

237 3065 346 3125 quid
380 3081 536 3129 agere
575 3066 717 3116 velit.
782 3067 881 3116 Ille
915 3066 1049 3116 dixit
1086 3067 1278 3130 Quaeso,

225 3137 308 3187 ‘hic
329 3142 544 3192 Obsecro.
594 3142 763 3194 Idem.

294 3220 347 3266 15
382 3218 580 3269 Nostin’
612 3220 751 3283 hanc,
770 3235 910 3283 quam
937 3225 1065 3269 amat
1088 3219 1276 3284 frater]

237 3293 486 3347 Quaeritur
505 3311 575 3346 an
601 3297 877 3346 verisimile
901 3288 1279 3360 sit'Antiphoni

236 3376 392 3422 notam
431 3388 552 3423 esse
595 3373 863 3434 Thaidem,
914 3389 1066 3439 qnam
1111 3372 1280 3425 frater

235 3444 331 3507 ipse
352 3449 654 3507 nesciverit.
718 3450 821 3500 Sed
857 3451 1154 3515 intelligere
1188 3452 1278 3502 de-

236 3519 416 3588 bemus,
459 3525 614 3575 modo
658 3526 895 3576 notitiam
943 3541 1044 3576 non
1089 3529 1280 3592 vultus,

232 3598 314 3647 sed
335 3599 480 3658 famae
501 3601 725 3665 positam
744 3617 887 3652 esse:
918 3617 1069 3666 quam
1091 3603 1278 3653 famam

237 3678 394 3736 potnit
421 3693 489 3727 ex
517 3678 770 3728 Phaedria
796 3684 851 3728 et
872 3678 1104 3744 Antipho
1123 3682 1278 3730 scire.

237 3747 303 3800 At
343 3767 464 3803 vero
510 3755 661 3804 aliam
709 3756 945 3805 notitiam
990 3765 1280 3821 negaverat

237 3826 439 3879 Chaerea
469 3831 570 3880 sibi
603 3831 762 3882 fnisse
787 3848 901 3882 cum
934 3833 1155 3898 Thaide,
1178 3835 1277 3885 hoc

234 3911 325 3966 est,
360 3908 515 3972 visus,
553 3909 746 3973 vultus,
785 3910 907 3974 oriS,
940 3918 997 3960 et
1031 3913 1278 3976 corporis.

296 4059 444 4119 Novi,·
475 4077 656 4126 nempe,
691 4063 856 4126 opinor
894 4064 1148 4127 Thaidem]
1173 4067 1276 4115 Ve-

238 4131 431 4185 risimile
470 4146 553 4187 est
587 4139 703 4188 haec
736 4140 868 4190 scire
907 4138 1279 4203 Antiphonem,

234 4211 310 4272 qui
331 4213 459 4263 adeo
482 4217 550 4265 sit
583 4214 851 4267 familiaris
889 4217 1139 4266 Chaereae.
1207 4219 1277 4267 Et

236 4297 307 4335 est
341 4290 465 4339 ordo
492 4293 612 4355 hic;
647 4294 805 4357 Novi,
837 4310 1042 4361 nempe,
1078 4294 1279 4357 opinor,

290 4368 459 4434 Delph.
481 4379 527 4425 et
554 4376 668 4425 Var.
689 4376 817 4428 Clas.

1224 4376 1412 4425 Terent.

2209 368 2416 468 *1233

1357 521 1630 574 Thaidem.
1666 525 1825 575 Idem.
2004 549 2011 555 ·
2406 549 2411 566 τ

1426 601 1628 665 Opiaor,
1655 602 1902 666 Thaidem]
1933 566 2146 666 Optime
2169 609 2224 654 et
2247 604 2417 656 abillo

1357 678 1595 743 tacitum,
1628 686 1685 729 et
1723 679 1789 729 ab
1823 681 1919 731 hoc
1963 695 2149 731 nomen
2187 683 2415 733 ablatum

1359 763 1476 817 est;
1524 767 1581 805 ut
1621 766 1872 822 appareat
1906 775 2060 824 quam
2098 762 2318 823 noverit,
2360 770 2414 813 et

1359 847 1513 961 2uam
1551 836 1714 897 possit
1752 838 1954 901 assequi
1999 852 2115 901 quae
2157 827 2416 891 dicentur.

1388 913 1496 960 dem

1427 993 1487 1039 17
1534 990 1729 1040 Faciem
1767 992 2040 1055 predicent,
2080 998 2166 1043 aut
2207 994 2415 1057 tandm]

1275 1075 1280 1080 ’
1361 1065 1704 1128 Proedicoms,
1738 1077 1796 1116 ut
1837 1083 1917 1118 res
1952 1075 2101 1118 sunt:
2145 1070 2416 1120 Laudamus

1359 1143 1679 1193 extollendo.
1759 1146 1858 1194 Vel
1894 1149 2211 1209 praedicme
2253 1162 2412 1198 voce:

1357 1217 1625 1268 Laudem
1645 1223 1973 1282 argumentis,
2011 1224 2165 1273 Idem.

1425 1295 1557 1351 Quid
1588 1311 1674 1357 ego
1705 1296 1805 1357 qius
1826 1299 1939 1362 tibi]
1997 1300 2143 1349 Ordo
2182 1300 2266 1349 hic
2297 1314 2414 1350 esso,

1357 1369 1534 1433 debet,
1574 1373 1705 1428 Quid
1733 1388 1820 1435 ego
1852 1375 1955 1435 dus
1981 1377 2071 1425 tibi
2100 1377 2417 1437 κατα-[σόαι

1350 1449 1609 1510 predicent
1633 1454 1719 1499 out
1749 1452 1953 1509 laudem,
1973 1452 2221 1542 Antipho?
2251 1456 2303 1504 in
2325 1457 2415 1505 hac

1355 1529 1613 1574 commotus
1642 1541 1778 1576 sum:
1824 1544 1930 1579 cum
1965 1544 2039 1579 me
2075 1530 2231 1593 ipsum
2265 1536 2413 1595 noris,

1356 1614 1494 1663 quom
1514 1602 1707 1662 elegans
1723 1602 1995 1661 somarium
2027 1612 2261 1669 spectator
2278 1610 2415 1669 siem,

1356 1683 1415 1724 ut
1435 1676 1503 1726 sit
1522 1689 1723 1742 sensus,
1744 1679 1806 1728 In
1833 1681 1931 1731 hac
1963 1690 2246 1733 commotus
2268 1699 2376 1734 sum
2400 1703 2414 1735 z

1356 1753 1440 1802 ille
1464 1755 1683 1816 scilicet,
1710 1758 1814 1821 qui,
1841 1765 1900 1807 ut
1927 1759 2046 1820 scis,
2068 1758 2261 1809 formas
2280 1764 2416 1812 solet

1355 1829 1567 1895 eligere,
1581 1846 1642 1880 ac
1654 1829 2003 1898 fastidirepro
2020 1836 2225 1886 merito.
2261 1838 2417 1888 Idem.

1385 1937 1388 1940 >
1423 1911 1485 1955 18
1521 1908 1676 1964 Quam
1696 1909 2165 1972 elegamsormorum
2180 1919 2415 1976 spectator

1352 1984 1492 2048 siem]
1537 1986 1759 2048 Elegans
1800 1992 2068 2050 spectator
2099 1997 2199 2050 est,
2223 1992 2309 2053 qui
2345 1993 2416 2041 sit

1355 2062 1650 2113 cunctantis
1686 2069 1741 2111 et
1781 2059 2038 2112 fastidiosi
2071 2063 2294 2127 judicii:
2328 2067 2412 2115 cui

1354 2153 1457 2189 non
1480 2138 1604 2204 quid
1627 2139 1798 2203 placet
1815 2138 1987 2190 facile.
2032 2140 2211 2190 Idm.-

1420 2216 1692 2281 Spectator]
1756 2217 2051 2268 Probator=
2103 2227 2162 2269 ut
2198 2222 2411 2283 pecunia

1352 2300 1637 2359 spectatores
1658 2293 1924 2345 dicuntur.
1977 2296 2129 2345 Idem.

1419 2373 1720 2430 Formarum,
1758 2372 1864 2437 gc]
1898 2372 2199 2422 Formarum
2238 2374 2412 2437 explo-

1353 2454 1517 2512 rator,
1540 2449 1807 2513 probator,
1829 2447 2127 2511 δοκιμαστής.
2147 2457 2417 2515 sumptum.

1356 2527 1538 2584 volunt
1571 2541 1604 2575 a
1645 2527 1928 2577 triumviris
1965 2526 2306 2577 monetalihus
2340 2529 2410 2583 ad

1354 2617 1484 2667 quos
1506 2603 1698 2655 nummi
1733 2605 2005 2668 spectandi
2028 2602 2412 2657 deferebantur.

1353 2679 1639 2730 For-nobiae.
2324 2706 2327 2709 ·

1421 2761 1484 2806 19
1516 2758 1579 2806 In
1612 2759 1702 2807 hoc
1731 2765 1982 2809 commotus
2007 2759 2134 2823 um]
2175 2760 2294 2810 Non
2330 2766 2413 2811 est

1354 2848 1723 2898 consequens:
1738 2844 1878 2886 esset
1911 2843 2099 2899 autem,
2132 2838 2175 2887 si
2208 2837 2411 2888 dicere-

1356 2917 1455 2959 tur.
1524 2911 1589 2960 In
1633 2912 1731 2962 hac
1777 2924 2088 2965 commotum
2133 2930 2216 2965 me
2260 2917 2414 2965 scias.

1354 2988 1473 3037 Erit
1495 3002 1623 3052 ergo
1655 2990 1803 3052 ordo,
1825 2998 1879 3040 et
1902 3006 2081 3041 sensus
2118 2993 2206 3056 qui
2239 3007 2413 3057 snpra.

1355 3067 1602 3117 Donatus.

1357 3165 1362 3168 ’
1419 3143 1634 3192 Pramum
1656 3144 1800 3202 dices,
1821 3145 1943 3209 scio]
1968 3144 2018 3194 Ο
2038 3145 2280 3195 fiduciam
2309 3149 2413 3198 ele-

1353 3224 1569 3286 gantiae,
1586 3230 1645 3272 et
1672 3222 1740 3305 de
1765 3223 1953 3271 alienis
1975 3222 2140 3271 oculis
2154 3223 2411 3286 judicare.

1359 3412 1362 3413 ν
1419 3374 1653 3436 Primam,
1674 3374 1780 3438 ξω]
1813 3374 1958 3424 Nulli
1981 3375 2278 3426 secundam.
2301 3392 2412 3440 prae

1353 3466 1457 3516 qua
1478 3451 1689 3514 reliquae
1723 3464 1864 3499 mera
1896 3451 2065 3500 sunt‘
2085 3452 2329 3507 Pithecia
2357 3460 2414 3504 et

1353 3525 1734 3591 spinturnicia?
1781 3527 1957 3577 Plaut.
1990 3527 2107 3578 Mil.
2128 3542 2208 3579 tv.
2242 3538 2346 3580 act.
2368 3537 2415 3582 1.

1352 3620 1426 3655 sc.
1464 3605 1747 3654 Farnobium.

1416 3686 1481 3731 20
1520 3682 1652 3738 Quid
1693 3683 1841 3731 multo
1876 3680 2051 3731 verba?
2082 3697 2241 3732 aman
2272 3684 2414 3748 coepi]

1353 3757 1555 3807 Ordine
1579 3758 1706 3822 egit.
1739 3772 1860 3807 nam
1888 3757 2028 3821 prius
2062 3767 2160 3819 est,
2189 3774 2413 3810 commo·

1352 3835 1485 3884 veri:
1524 3836 1645 3884 inde
1666 3849 1860 3885 amare.
1925 3837 1995 3884 Et
2018 3834 2148 3884 bene
2168 3850 2273 3884 non
2293 3844 2414 3885 ante

1353 3911 1502 3972 dicit,
1522 3911 1644 3974 quid
1665 3925 1940 3974 aggressus
1959 3909 2139 3974 fuerit,
2158 3911 2257 3960 nisi
2275 3927 2413 3961 amo·

1352 3987 1422 4035 ris
1459 3989 1723 4037 mentione
1766 3989 2014 4052 praelataz
2052 4003 2154 4051 quo
2190 3996 2412 4049 cogente

1351 4064 1478 4112 nihil
1515 4069 1600 4113 est
1631 4063 1882 4114 infectum
1904 4063 2252 4127 cupientibus.
2307 4065 2411 4113 Do·

1349 4146 1506 4189 natu-5.

1414 4220 1480 4265 22
1514 4216 1819 4280 Submomn't]
1872 4216 2082 4266 Leviter
2119 4215 2317 4264 monuit
2356 4221 2414 4265 et

1351 4305 1517 4361 recte,
1541 4297 1664 4362 quia
1695 4297 1879 4360 arripui
1911 4295 2143 4347 dicturus
2177 4302 2276 4344 est.
2343 4296 2415 4347 Et

2186 4378 2217 4424 4
2255 4374 2281 4424 1
