3035 4941
763 429 1127 479 TERENTH
1174 429 1453 478 PHORM.
1502 428 1667 479 AGT.
1713 429 1792 479 11.
1838 427 1941 480 SC.
1991 430 2039 475 1.

307 579 421 642 sim,
461 582 519 629 ut
556 575 819 641 Demipho
860 589 962 625 non
997 573 1191 625 audiat.
1227 574 1354 624 Mer.

312 656 628 705 Casnubonus.

304 741 307 746 ⁴
370 738 435 782 80
478 733 642 796 Ipsum
660 731 813 794 gestio
834 731 965 795 dari]
987 729 1213 780 Verbum
1232 728 1360 791 dari,

305 827 374 861 ex
393 811 649 861 Bembino
672 816 728 859 et
751 808 1008 873 aliquibus
1046 806 1158 856 aliis
1192 806 1356 864 libris,

303 901 407 936 non
429 888 545 937 hnic
570 885 758 948 versui,
781 884 871 934 sed
895 883 1246 948 subsequenti·
1266 896 1356 945 ap-

303 964 589 1029 plicamus:
621 964 721 1012 hoc
743 961 913 1024 modo,
952 961 967 988 ‘
986 960 1117 1009 Dari
1151 959 1276 1009 mihi
1304 960 1354 1007 in

301 1039 640 1105 conspectum
668 1056 682 1089 :
750 1054 885 1090 nunc
940 1054 1033 1089 sua
1084 1039 1241 1102 culpa
1297 1047 1356 1089 ut

302 1118 469 1169 sciat!
511 1118 562 1167 in
585 1118 732 1182 cnjus
753 1117 1036 1180 scansione,
1059 1115 1178 1164 mihi
1199 1122 1251 1165 et
1267 1130 1355 1165 sua

303 1197 356 1246 in
375 1210 528 1246 unam
546 1195 790 1260 syllabam
815 1194 1206 1244 contrabuntur.
1242 1193 1319 1242 Id.

372 1273 563 1338 Gestio]
581 1272 709 1322 Plus
719 1270 896 1335 gestio,
918 1285 1071 1336 quain
1092 1271 1210 1318 volo.
1246 1270 1352 1318 Do·

304 1357 478 1400 natus·

366 1430 428 1477 31
463 1426 593 1477 Dari
634 1426 752 1475 mihi
792 1425 845 1475 in
885 1424 1196 1489 conspectum]
1233 1424 1351 1474 Non

301 1502 434 1554 dixit
475 1503 654 1565 venire,
694 1508 751 1552 ut
786 1501 977 1551 filium:
1012 1500 1105 1550 sed
1136 1500 1262 1564 duri,
1295 1507 1353 1550 ut

303 1594 466 1630 reum.
502 1580 653 1629 Idem.
692 1581 699 1588 '

366 1661 428 1707 32
471 1657 643 1706 Lenem
679 1663 866 1721 patrem
905 1655 1060 1719 illum]
1116 1656 1166 1706 Ο
1190 1655 1350 1706 artifi-

300 1734 437 1785 cium
461 1734 628 1797 poetae
656 1736 668 1783 !
703 1736 754 1784 in
774 1736 945 1785 media
970 1735 1131 1799 patris
1152 1735 1350 1784 saevitia

301 1812 614 1862 mentionem
641 1813 873 1863 lenitatis
896 1813 1136 1863 induxit:
1173 1820 1231 1861 ut
1271 1827 1348 1860 os-

302 1889 485 1938 tendat
507 1889 663 1954 quani
683 1888 836 1938 facile
860 1889 1052 1952 placari
1075 1889 1256 1953 possit.
1272 1891 1350 1938 Id.

309 1990 315 1996 ·
364 1965 539 2014 Lenem
565 1970 749 2028 putrem
777 1965 929 2024 ianm,
951 1966 1143 2025 fuctum
1161 1981 1235 2015 me
1255 1981 1352 2015 esse

298 2042 598 2106 ueri-im]
636 2042 776 2092 Nota
799 2039 1053 2092 ἂντίθετον.
1090 2057 1190 2091 non
1213 2043 1350 2091 enim

299 2118 404 2166 leni
428 2117 785 2182 asperrimum,
804 2118 895 2167 sed
911 2118 1213 2167 acerrimum
1236 2117 1350 2167 red-

299 2194 456 2257 didit,
470 2193 762 2245 et'mntavit
779 2195 1012 2258 gradum,
1029 2195 1250 2258 positivo
1268 2211 1348 2244 su·

300 2270 605 2336 perlativum
630 2284 914 2335 opponens.
948 2270 1098 2321 Idem.

362 2348 540 2397 Lenem
585 2352 769 2411 patrem
804 2347 957 2410 illum,
990 2347 1202 2412 sactum]
1262 2349 1350 2398 Sic

297 2423 484 2489 virgil.
537 2424 554 2452 ⁸
579 2424 839 2476 Quantum
881 2431 1104 2475 mutatus
1149 2425 1213 2475 ab
1261 2426 1350 2478 illo

300 2500 774 2552 Hectore!'1dem.

362 2583 426 2628 33
460 2579 616 2643 Atqui
634 2578 905 2643 nihilfecit,
915 2580 1108 2644 patrue]
1140 2581 1350 2633 Summa

226 2692 234 2713 ,
299 2657 746 2709 contradictionis.
787 2666 841 2709 et
874 2674 974 2708 non
1012 2659 1163 2723 dixit,
1183 2662 1354 2710 leniter·

290 2736 502 2799 peccarit
515 2752 531 2784 .·
566 2736 678 2798 sed,
692 2735 961 2797 nihilfecit.
1001 2737 1203 2802 Neque,
1216 2739 1349 2802 quod

298 2813 499 2878 punias,
514 2812 773 2877 sed,qnod
792 2827 1117 2864 succenseas:
1143 2814 1196 2863 id
1214 2814 1349 2879 quod

294 2891 605 2940 levissimum
626 2896 725 2939 est.
759 2889 909 2939 Idem.

308 2988 315 2993 ·
362 2973 427 3018 84
464 2969 584 3018 Ecce
603 2974 760 3017 autem
791 2967 967 3016 similia
1002 2967 1181 3031 omnia]
1228 2968 1354 3018 Ecce

202 3089 210 3107 ,
294 3049 470 3106 nutem,
502 3059 599 3093 vox
621 3051 703 3092 est
726 3050 847 3107 apta
867 3043 968 3104 his,
1005 3058 1116 3106 quae
1138 3059 1272 3092 nova
1295 3051 1350 3093 et

297 3122 575 3186 improvisa
596 3121 764 3171 animo
800 3119 1058 3171 accidunt.
1123 3121 1211 3170 Sic
1232 3123 1349 3170 Vir-

295 3200 467 3269 gilius',
489 3199 504 3226 ‘
521 3199 660 3247 Ecce
679 3198 849 3247 autem
869 3196 1058 3259 gemini
1080 3210 1110 3245 a
1132 3197 1348 3248 Tenedo

298 3274 573 3339 tranquilla
594 3278 688 3337 pei·
709 3272 847 3323 alta.’
881 3272 1032 3322 Idm.

306 3357 313 3371 ¹
360 3353 553 3403 Similia
606 3350 761 3400 omnia
781 3366 798 3398 .·
863 3363 1021 3398 omnes
1066 3352 1350 3417 congruunt]

294 3432 445 3480 More
479 3427 860 3484 stomachantis,
892 3427 1049 3477 omniu
1085 3435 1139 3476 et
1172 3443 1347 3486 omnes,

295 3505 360 3556 de
394 3506 472 3555 his
504 3506 633 3556 dicit
668 3498 783 3571 quae
808 3503 872 3553 ad
896 3503 1024 3553 duos
1064 3504 1346 3568 pertinent.

293 3583 445 3632 Idem.
550 3592 551 3595 ’

362 3661 537 3710 Omms
570 3659 854 3722 congruunt]
919 3658 1121 3710 Similes
1153 3658 1350 3709 habent

292 3737 438 3789 labra
458 3739 708 3786 lactucas.
742 3737 967 3799 Dignum
988 3736 1184 3800 patella
1198 3749 1347 3799 oper·

293 3816 487 3867 culum.
524 3815 652 3863 Mer.
679 3814 992 3864 casaubonus.
1082 3857 1090 3865 .

306 3895 422 3941 ,85
463 3891 624 3940 Unum
638 3889 873 3952 cognoris,
884 3905 1039 3941 omnes
1057 3893 1209 3956 noris]
1241 3893 1346 3942 Ite·

294 3984 408 4020 rum
416 3976 529 4040 non
543 3968 674 4022 duos,
690 3967 780 4015 sed
797 3980 969 4016 omnes.
993 3975 1047 4016 et
1063 3970 1346 4032 varie‚cog-

291 4049 442 4111 nov-is,
465 4047 610 4096 noris.
640 4045 901 4094 Donatus.

365 4128 525 4177 Unum
545 4122 777 4184 cognoris,
786 4136 943 4170 omnes
960 4121 1116 4187 noris]
1135 4122 1348 4172 SicVir·

293 4205 467 4269 gilius,
501 4202 516 4229 ‘
538 4199 735 4262 Accipe
760 4211 896 4246 nunc
919 4198 1150 4248 Danaum
1174 4199 1365 4248 insidi··

210 4270 213 4281 ’
252 4347 258 4355 ⁴
296 4297 372 4342 as,
403 4286 460 4333 et
479 4276 694 4333 crimine
717 4274 797 4332 abs
820 4288 919 4327 uno
946 4274 1103 4328 Disce
1135 4275 1347 4331 omnes?

298 4359 449 4412 Idem.
1272 4368 1275 4371 ⁴

2317 411 2487 478 1637

1495 579 1561 624 36
1595 575 1698 625 Hic
1712 576 1766 624 ιἰι
1786 590 1914 625 noxa
1936 580 2027 635 est,
2047 575 2130 624 ille
2154 576 2217 624 ud
2235 575 2484 634 defenden-

1430 654 1540 701 dam
1564 668 1749 702 causam
1769 653 1923 716 adest]
1961 653 2078 702 Hoc
2103 652 2359 715 Demipho
2382 665 2484 704 non

1430 733 1540 780 sine
1563 732 1780 796 quadam
1796 731 2138 780 delectatione
2153 729 2309 778 dixit:
2334 743 2483 795 quam

1432 816 1601 857 tamen
1651 810 1838 871 premit
1876 809 1940 857 ob
1978 808 2102 856 iram
2150 816 2482 873 praesentem.

1431 884 1584 935 Idem.
2469 913 2474 920 ·

1494 967 1574 1012 36.
1617 967 1680 1012 37
1736 964 1972 1028 Gnyetus
2021 964 2172 1027 plane
2215 963 2483 1028 expungit.

1428 1039 1617 1087 nollem
1656 1038 1869 1090 factum.
1908 1041 2030 1089 satis
2066 1040 2389 1104 euim·probi
2427 1047 2484 1091 et

1428 1117 1620 1166 eruditi
1657 1124 1710 1166 et
1745 1118 1991 1167 Terentio
2026 1117 2167 1181 digni
2206 1116 2480 1168 videntur:

1429 1209 1554 1258 quos
1580 1195 1812 1243 Donatus
1837 1195 1966 1244 bene
1999 1196 2390 1259 interpretatur,
2423 1199 2483 1244 et

1426 1271 1664 1336 exemplo
1688 1270 2024 1320 Ciceroniano
2062 1272 2214 1335 plane
2242 1271 2342 1322 lmc
2361 1286 2484 1322 eon·

1426 1348 1659 1398 venienti
1675 1349 1911 1398 illustrat.
1930 1347 2064 1398 sicut
2084 1347 2301 1398 invicem
2316 1346 2480 1398 Asco-

1426 1424 1541 1476 nius
1563 1425 1822 1474 Pedianns
1843 1439 1957 1475 cnm
1990 1426 2106 1474 ioco
2144 1424 2482 1474 Ciceroniano

1426 1499 1514 1550 hos
1537 1501 1665 1551 duos
1686 1515 1864 1551 versus
1887 1506 2169 1565 comparat.
2203 1501 2462 1551 Boeclerus.

1490 1582 1555 1627 37
1608 1579 1764 1634 Quum
1799 1579 1880 1628 ille
1916 1584 2005 1640 est,
2043 1578 2121 1626 hic
2159 1582 2336 1640 presto
2379 1578 2477 1641 est]

1426 1654 1568 1704 Huic
1605 1655 1718 1705 loco
1741 1654 1967 1710 reddidit
2006 1655 2193 1706 Cicero
2227 1655 2370 1704 illum
2404 1656 2479 1705 lo-

1425 1747 1539 1783 cum
1567 1732 1618 1781 in
1641 1732 1901 1781 Veri-inis:
1938 1738 1951 1759 ‘
1970 1732 2071 1783 Qui
2091 1732 2232 1781 cives
2258 1732 2478 1782 Romani

1424 1814 1594 1870 erant,
1627 1809 1672 1857 si
1706 1807 1864 1857 Siculi
1901 1813 2097 1869 essent,
2136 1812 2244 1856 tum
2276 1807 2479 1858 Siculos

1424 1902 1602 1939 eorum
1642 1888 1844 1950 legibus
1886 1887 1998 1936 dari
2036 1894 2338 1951 oporteret:
2387 1890 2476 1953 qui

1425 1966 1604 2032 Siculi,
1628 1967 1672 2016 si
1694 1965 1834 2016 cives
1851 1966 2067 2015 Romani
2088 1965 2300 2016 essent!
2337 1965 2477 2016 Nam

1425 2043 1736 2094 subanditur
1757 2044 1821 2092 ad
1853 2045 1867 2070 ‘
1888 2043 1989 2094 Qui
2012 2043 2148 2092 cives
2172 2044 2389 2092 Romani
2420 2059 2475 2094 e·

1425 2120 1576 2183 rant,'
1597 2121 1786 2182 ,iudices
1816 2119 2066 2182 dabantur,
2097 2119 2163 2168 ad
2202 2127 2217 2150 ⁸
2240 2120 2295 2169 si
2318 2120 2475 2180 Siculi

1424 2199 1633 2260 essent‚’
1652 2199 1959 2250 subauditur
1979 2199 2064 2248 rei.
2096 2199 2346 2250 Donatus.

1492 2277 1652 2333 Quum
1686 2277 1767 2326 ille
1801 2276 1896 2340 est]
1946 2278 2133 2338 Ζεῦγμα
2173 2278 2472 2327 secundum.

1421 2370 1540 2405 nam
1556 2364 1609 2406 et
1626 2356 1706 2406 bic
1720 2354 2123 2406 subaudiendum
2138 2355 2297 2419 θηρὶ
2313 2356 2476 2409 noxia.

1421 2433 1590 2485 Idem.

1490 2512 1610 2559 Cum
1628 2511 1711 2559 illo
1724 2509 1822 2574 est]
1852 2510 1914 2559 In
1934 2516 2055 2559 nota
2070 2510 2179 2560 seii.
2197 2510 2281 2560 vel
2303 2464 2474 2575 eulpa.

1420 2588 1550 2637 Mer.
1572 2588 1885 2638 casaubonus.
2477 2577 2503 2585 ”

1486 2665 1595 2714 Hic·
1617 2670 1793 2729 proesto
1827 2664 1919 2728 est]
1977 2662 2061 2713 Ad
2095 2662 2472 2715 defendendam

1422 2755 1648 2800 causam,
1669 2740 1988 2790 subauditur.
2025 2739 2261 2789 Donatus.
2455 2764 2462 2771 ·

1489 2820 1701 2868 Τναᾱιιιιτ
1722 2832 1884 2881 operas
1914 2816 2122 2880 mutuas]
2165 2817 2340 2867 Mulns
2362 2833 2476 2868 mn·

1422 2895 1529 2945 lum
1552 2894 1739 2944 scabit.
1775 2894 1925 2942 Idm.

1486 2975 1551 3020 38
1598 2970 1756 3020 Probe
1804 2985 1961 3019 torum
1999 2969 2141 3029 fluctu
2176 2969 2470 3034 imprudens]

1420 3047 1551 3097 Ideo
1566 3048 1860 3110 imprudens.-
1890 3046 2009 3112 quia
2027 3046 2197 3095 nescit
2226 3047 2275 3096 in
2299 3061 2473 3096 amore

1420 3123 1750 3174 citharistriae
1772 3137 1884 3172 esse
1902 3121 2210 3171 Pbaedriam.
2234 3123 2473 3172 Donatus.

1486 3198 1787 3264 Imprudens]
1826 3197 1985 3248 Modo
2007 3197 2250 3247 insciens.
2287 3199 2438 3248 Idem.

1485 3275 1785 3340 Imprudens]
1821 3273 2061 3323 Nondum
2086 3275 2221 3324 enim
2249 3274 2331 3327 =ita
2363 3289 2470 3324 rem

1418 3355 1610 3405 babere
1662 3358 1989 3416 compererat
2043 3350 2322 3414 Demipho,
2378 3351 2472 3400 sed

1419 3432 1558 3497 quod
1579 3418 1657 3480 ira
1679 3427 2007 3493 suggerebat,
2023 3435 2078 3477 et
2100 3444 2165 3477 ex
2181 3429 2479 3492 suspicione.

1418 3507 1736 3573 loquebatur.
1772 3506 1900 3554 Mer.
1918 3504 2237 3554 Guwebonus.

1448 3612 1451 3617 -
1484 3589 1550 3634 39
1586 3584 1717 3633 Nam
1747 3583 1801 3632 ni
1837 3583 1937 3633 haec
1967 3583 2043 3630 ita
2077 3586 2370 3644 κυήματα
2389 3582 2472 3631 illo

1418 3662 1545 3711 haud
1562 3665 1732 3719 stares,
1752 3658 2003 3721 Phaedria]
2025 3670 2028 3675 ·
2055 3658 2191 3707 Vide
2228 3657 2471 3723 quemad-

1418 3737 1625 3787 modum
1650 3735 1761 3799 jam
1800 3739 2077 3797 praestruat
2113 3733 2267 3797 poeta
2305 3733 2371 3785 nd
2408 3748 2472 3784 ea

1419 3831 1533 3882 quae
1570 3813 1743 3864 futura
1777 3819 1915 3873 sunt,
1935 3811 2000 3861 ad
2038 3808 2385 3875 adjuvandum
2419 3824 2471 3860 a·

1421 3907 1613 3942 morem
1636 3889 1910 3941 Pbaedrioe.
1945 3888 2178 3938 Donatus.

1487 3971 1607 4018 Cum
1624 3969 1708 4017 iun
1726 3967 1852 4015 hund
1869 3971 2038 4027 stares,
2054 3961 2306 4027 Phaedria]
2339 3964 2470 4014 Cum

1425 4044 1723 4108 Antiphone
1745 4040 1961 4092 scilicet.
2025 4040 2094 4089 Et
2116 4053 2220 4087 cum
2237 4039 2335 4102 illo,
2365 4040 2471 4091 &mi

1419 4122 1506 4170 τοῦ
1536 4136 1625 4184 pro
1658 4119 1755 4168 illo.
1821 4118 1887 4167 In
1925 4115 2035 4179 ejus
2074 4123 2224 4179 parte
2255 4123 2471 4181 stamus,

1420 4216 1515 4265 pro
1536 4214 1638 4265 quo
1658 4196 1889 4247 facimus.
1953 4195 2041 4245 Sic
2059 4193 2324 4258 Virgilius,
2345 4195 2363 4223 ‘
2378 4195 2472 4301 du-

1421 4277 1559 4341 piter
1581 4274 1663 4324 hic
1687 4272 1822 4324 stat.'
1854 4273 2003 4327 Idem.

1488 4353 1611 4407 Cum
1640 4352 1723 4403 illo
1742 4350 1868 4402 haud
1883 4347 2062 4412 stares]
2105 4347 2226 4403 Nou
2243 4315 2380 4403 esses
2401 4304 2468 4401 ab
