3035 4941
595 413 963 464 TEREN‘rn
1010 412 1648 462 nnAu'roNTmoR.
1695 414 1860 462 Myr.
1894 415 1974 462 11.
2023 414 2260 465 sc.1v.

317 559 716 626 gendo'sciiicet
736 564 794 609 et
827 557 1175 622 comparando
1198 556 1265 607 ad
1288 557 1387 606 illi-

317 655 379 688 us
400 637 747 689 commodum.
770 651 923 701 quam
957 633 1385 699 significationem

314 717 565 780 proponit
592 731 655 765 ac
687 713 1015 765 commendat
1037 714 1300 774 Donatus,
1319 712 1383 762 ad

315 793 450 842 illud
472 793 527 842 in
551 791 753 842 Andria
771 805 853 843 ιν.
871 797 916 841 1.
937 796 988 841 8.
1049 793 1067 820 ⁴
1088 792 1169 841 Ex
1193 792 1385 842 incom-

314 872 486 921 modis
536 870 773 932 alterius,
814 884 908 919 sua
965 878 1027 921 ut
1074 877 1387 934 comparent

316 948 627 1000 commoda!
650 948 910 998 Boeclerm.

314 1034 320 1038 ’
386 1030 449 1076 17-
494 1023 622 1087 Vah]
657 1025 720 1074 In
745 1025 876 1074 libro
898 1024 1151 1074 Bembino
1183 1031 1285 1083 est,
1307 1025 1389 1075 ah.

317 1106 380 1153 ut
401 1102 644 1163 etexigit
662 1114 857 1152 versus.
892 1101 1128 1152 Faernus.

301 1207 309 1213 -
386 1178 494 1241 Ah]
530 1177 674 1227 Libri
705 1176 832 1237 fere,
867 1178 980 1240 ιιαΙι,
1013 1192 1081 1226 ex
1102 1191 1206 1242 quo
1232 1178 1387 1228 metri

318 1270 480 1306 causa
499 1254 560 1304 τὸ
579 1255 641 1305 uh
663 1253 927 1305 fecerunt.
993 1253 1150 1306 Quod
1171 1254 1214 1303 si
1236 1269 1385 1318 spec·

316 1332 591 1387 tatoribus,
611 1329 807 1381 affectu
832 1332 1016 1382 Cliniae
1047 1334 1386 1395 κυλοιδιῦντος,

319 1424 419 1459 seu
446 1408 708 1459 contentis
749 1424 811 1459 ae
844 1409 1166 1459 tumentibus
1202 1410 1387 1472 oculis,

317 1487 375 1535 in
392 1485 715 1549 Antiphihm
733 1484 1102 1536 adventantem
1127 1485 1386 1544 conversi,

300 1563 583 1629 .animique
620 1571 790 1613 motus
843 1564 991 1614 vultu
1034 1563 1386 1628 praeferentis,

319 1655 444 1691 eum
467 1640 812 1693 admiratione
849 1642 1275 1705 acclamantibus,
1294 1641 1386 1690 tri-

306 1718 527 1768 buimus
568 1719 700 1769 banc
746 1720 1077 1783 particulam,
1104 1719 1229 1769 nihil
1263 1718 1387 1782 erit,

304 1796 462 1861 ⁴quod
486 1803 651 1847 metro
673 1797 937 1847 timeatur.
972 1797 1234 1847 Boeczem.

386 1873 492 1937 ΔΙι]
526 1875 697 1924 Clinia
729 1875 1054 1939 Antiphilam
1088 1876 1385 1925 venientem

315 1952 645 2017 prospiciens
666 1952 783 2002 baec
803 1966 995 2002 secum.
1032 1951 1320 2002 Farnobias.

388 2033 453 2078 18
483 2030 635 2093 Ergo,
651 2028 1044 2093 meudutiphr'la]
1066 2029 1387 2079 Adolescens

302 2107 618 2157 -venientem
634 2107 847 2157 amicam
863 2106 1116 2163 intuetur,
1133 2113 1191 2156 et
1211 2121 1386 2156 secum

299 2184 576 2249 loquitur,
593 2183 732 2248 qnod
748 2183 869 2247 ejus
882 2197 1057 2232 amore
1079 2181 1281 2233 factum
1302 2183 1390 2247 sit,

319 2268 383 2311 nt
425 2262 484 2310 in
526 2261 751 2326 patriam
784 2268 1156 2312 reverteretur.
1194 2262 1387 2323 Eugrn-

302 2443 307 2448 -
389 2415 528 2476 Ergo
547 2428 652 2462 nea
665 2412 939 2478 Antiphilu]
956 2414 1128 2464 Semel
1147 2413 1247 2464 sibi
1271 2428 1389 2480 per·

314 2492 465 2542 misit
483 2491 775 2553 Terentius,
794 2504 895 2541 nec
917 2492 1130 2556 saepius,
1154 2499 1214 2541 nt
1236 2491 1387 2542 indu·

306 2576 470 2621 -ceret
505 2569 883 2632 spectaculum,
921 2569 1060 2634 quod
1091 2570 1146 2619 in
1180 2570 1390 2619 theatro

317 2661 427 2697 non
487 2644 644 2696 facile
706 2644 1001 2695 exhibetur.
1066 2645 1214 2696 Alias
1250 2646 1387 2695 enim

319 2726 559 2778 studiose
614 2723 882 2774 abstinuit.
948 2722 1162 2773 Invenit
1212 2729 1387 2773 tamen

318 2805 489 2855 verba
503 2802 715 2854 affectui
734 2803 899 2866 paria.
915 2802 969 2851 in
986 2802 1174 2866 quibus
1189 2801 1390 2864 ἐμπαθὲς

318 2882 563 2946 inprimis
606 2887 688 2929 est
729 2880 828 2928 boe
870 2879 1214 2942 principium:
1275 2895 1389 2941 ergo

316 2970 429 3009 meu
448 2955 723 3020 Antiphila.
748 2953 1174 3018 'incomparabilis
1211 2962 1293 3006 est
1315 2957 1390 3006 vis

314 3037 378 3085 in
402 3050 532 3085 voce
563 3048 694 3096 ergo,
728 3048 845 3083 cum
878 3033 1063 3098 incipit
1085 3034 1392 3084 orationem.

318 3115 586 3165 Boeelerus.

394 3195 457 3241 19
494 3192 622 3239 Nam
663 3191 776 3239 dum
812 3188 896 3237 abs
925 3193 974 3238 te
1007 3187 1190 3250 absum,
1236 3202 1392 3237 omnes

320 3266 470 3331 πιϋιί]
502 3268 631 3316 Cum
655 3265 791 3314 enim
818 3264 906 3312 abs
931 3271 985 3312 te
1010 3262 1243 3320 discessi,
1277 3263 1389 3311 uni-

323 3336 503 3394 versos
535 3342 742 3392 labores
760 3342 901 3390 leves
933 3340 1218 3390 arbitratus
1260 3352 1394 3403 sum,

323 3427 557 3485 excepto
579 3421 698 3484 hoc,
722 3419 859 3484 quod
897 3424 951 3469 te
990 3417 1254 3468 carebam.
1289 3417 1392 3466 Eu-

317 3498 576 3562 graphius.

395 3575 575 3623 Omnes
608 3569 729 3621 mihi
762 3568 964 3632 labores]
994 3568 1260 3634 Quicquid
1299 3568 1394 3618 du-

310 3658 463 3710 rum,
488 3650 669 3711 triste,
691 3648 962 3699 molestum
986 3647 1207 3696 accidit.
1242 3646 1394 3696 mise·

310 3731 442 3793 ἰὴν,
479 3738 744 3777 aerumnae.
774 3725 1039 3774 Boeclems.
1232 3738 1237 3745 ’

312 3802 593 3858 'corui
650 3806 907 3853 carendum
958 3800 1396 3866 quoderat11ta

325 3899 518 3951 magno
563 3896 819 3933 consensu
857 3880 992 3929 Mss.
1032 3878 1262 3942 codices,
1293 3891 1395 3928 nec

314 3964 539 4035 ignotus
557 3967 641 4010 est
662 3958 995 4009 archaismus.
1026 3954 1289 4009 Boeczerus.

2349 396 2526 466 1333

1456 556 1620 621 phiris.

1530 635 1736 696 Ingenio
1746 636 1882 699 frui]
1913 635 2199 686 Bembinus
2224 637 2416 700 liber,
2397 653 2530 701 mge-

1459 713 1610 763 nium.
1657 721 1711 763 et
1743 714 1848 762 erit
1885 713 2033 776 ordo,
2063 714 2254 764 hoccine
2285 717 2528 778 ingemunt

1453 809 1536 843 me
1558 792 1669 854 ,frui
1699 801 1791 843 non
1828 795 1994 843 licere.
2029 793 2172 843 fruor
2195 795 2354 857 enim,
2378 802 2437 845 ut
2469 801 2527 846 et

1461 870 1564 919 alia
1601 870 1761 920 verba
1794 886 1941 920 usum
1979 870 2354 934 significantia,
2387 886 2527 921 ama—

1461 947 1591 997 bant
1635 948 1835 1013 antiqui
1879 949 2038 998 etiam
2079 952 2381 999 accusativo
2408 951 2528 1015 jun-

1463 1040 1604 1090 gere.
1668 1027 1943 1075 Terentius
1966 1026 2020 1074 in
2044 1025 2382 1077 Phormione:
2414 1030 2429 1055 ⁸
2447 1028 2528 1078 Ut

1461 1103 1587 1152 mibi
1632 1102 1829 1152 tamdiu
1864 1102 2021 1152 liceat
2062 1103 2204 1167 quod
2239 1118 2353 1153 amo
2387 1101 2527 1153 frui!

1461 1180 1684 1229 Plautus
1719 1179 1771 1228 in
1801 1177 2074 1228 Asinaria:
2111 1179 2129 1207 ‘
2154 1179 2228 1228 Ut
2251 1180 2390 1230 sinat
2414 1189 2528 1230 sese

1461 1256 1691 1305 alternas
1730 1270 1847 1306 cum
1883 1256 1972 1305 ilio
2001 1262 2183 1306 noctes
2218 1257 2353 1306 hanc
2383 1255 2525 1308 frui.’

1462 1333 1701 1383 Fa‘e'rnus.

1528 1409 1742 1459 Haecine
1762 1424 1838 1459 me
1857 1410 1963 1460 nris.
1983 1409 2089 1474 ξω]
2121 1407 2266 1461 Ordo
2289 1418 2398 1462 est=
2417 1412 2529 1463 bc-

1457 1487 1564 1535 cine
1581 1487 1825 1550 ingenium
1859 1487 2172 1553 (Antiphilae
2196 1489 2398 1540 scilieet
2419 1497 2528 1541 tam

1460 1563 1750 1628 honestum,
1785 1572 1894 1614 tam
1931 1564 2231 1630 cordatum)
2265 1582 2363 1617 ιιοιι
2389 1568 2532 1619 licere

1456 1657 1535 1691 me
1553 1643 1780 1693 miserum
1790 1642 1923 1705 frui,
1942 1657 2044 1691 meo
2067 1645 2230 1694 modo?
2252 1660 2368 1695 meo
2393 1645 2530 1695 arbi-

1460 1726 1620 1770 tratu.
1644 1721 1900 1783 deplorat,
1923 1735 1978 1770 se
1998 1736 2105 1771 non
2134 1722 2314 1773 videre
2337 1724 2528 1774 amoris

1454 1798 1540 1847 ani
1563 1798 1777 1847 exitmn.
1811 1798 2075 1849 Boeclem.

1529 1876 1783 1938 Ingenium
1806 1876 1943 1940 frui]
1990 1876 2343 1929 Archaismas.
2384 1878 2531 1943 inge·-

1462 1952 1567 2002 nio.
1599 1951 1884 2003 Famabius.

1527 2034 1593 2079 22
1633 2029 1700 2078 Ut
1736 2035 1926 2092 pamm
1968 2035 2101 2079 tuum
2145 2030 2265 2093 vidi,
2307 2031 2418 2095 εμπ]
2465 2030 2531 2082 In

1454 2113 1711 2172 quantum
1736 2104 1902 2169 patris
1921 2106 1997 2154 tui
2017 2103 2263 2156 affectum
2281 2113 2336 2156 et
2354 2106 2530 2171 dispo-

1458 2184 1706 2234 sitionem
1749 2184 2013 2247 perspexi,
2045 2182 2134 2232 diu
2169 2183 2326 2233 duras
2349 2184 2531 2232 etiam-

1454 2260 1587 2309 dum
1611 2266 1787 2324 partes
1810 2259 1972 2309 dabit.
1994 2268 2116 2309 arnt
2138 2260 2226 2325 qui
2250 2275 2400 2323 purus
2423 2260 2528 2324 legi

1465 2339 1666 2400 volunt,
1707 2343 1763 2387 et
1789 2343 1949 2387 noctes
1974 2344 2260 2403 exponunt.
2288 2337 2416 2387 milii
2446 2337 2530 2387 bic

1465 2416 1575 2465 alta
1598 2430 1717 2465 nox.
1749 2415 1918 2465 Idm.
2437 2431 2444 2442 ·

1531 2492 1639 2543 Diu
1676 2493 1824 2543 etiam
1856 2494 2004 2542 duras
2042 2492 2203 2557 dabit]
2234 2491 2530 2542 palmerius

1450 2571 1569 2635 -legi
1593 2572 1775 2634 vellet,
1803 2584 1969 2635 purus,
2002 2569 2057 2619 id
2082 2578 2185 2634 est,
2217 2576 2278 2620 ut
2306 2570 2418 2634 ipse
2441 2580 2533 2619 ac-

1456 2649 1619 2714 cipit,
1658 2656 1837 2699 noctes
1880 2649 1994 2698 sine
2034 2649 2243 2712 puella3
2277 2657 2332 2697 at
2367 2647 2421 2696 id
2461 2647 2531 2697 de

1465 2735 1618 2791 patre
1651 2727 1758 2776 dici
1800 2740 1900 2775 non
1948 2732 2141 2791 potest.
2226 2727 2315 2775 Fr.
2353 2726 2534 2791 Guye-

1462 2810 1551 2853 tus
1596 2804 1732 2852 bunc
1781 2817 1987 2851 versum
2045 2803 2201 2866 plane
2260 2802 2423 2866 delet,
2474 2809 2535 2853 ut

1458 2894 1609 2945 ‘saepe
1629 2882 1759 2930 alios
1781 2880 1934 2943 aiibi3
1967 2894 2139 2945 neque
2167 2887 2339 2930 tamen
2374 2881 2534 2931 ullam

1467 2960 1724 3007 rationem
1779 2972 1872 3006 cur
1917 2956 2092 3006 deleat
2127 2955 2349 3021 profert.
2419 2958 2534 3020 Ego

1464 3034 1679 3100 ’quidem
1728 3033 1978 3098 loquendi
2012 3034 2220 3084 modum
2262 3049 2294 3085 e
2334 3036 2536 3098 vulgari

1461 3124 1710 3165 >sermone
1754 3112 1987 3161 Romano
2031 3113 2256 3175 petitum
2292 3120 2443 3178 puto,
2477 3113 2533 3161 in

1467 3205 1569 3256 quo
1593 3189 2081 3252 subintelligebatur
2097 3191 2284 3253 plagas,
2306 3197 2366 3239 ut
2389 3204 2532 3254 saepe

1465 3267 1530 3318 fit
1581 3268 1634 3316 in
1683 3266 1933 3331 ejusmodi
1978 3265 2134 3315 dictis
2174 3265 2532 3317 usitatioribus

1467 3350 1526 3393 et
1569 3352 1599 3391 e
1655 3352 1853 3406 genere
1915 3342 2145 3405 Comico,
2191 3343 2279 3392 ubi
2346 3356 2534 3392 nomen

1470 3419 1857 3469 substantivum
1889 3419 2160 3469 reticetur.
2228 3420 2415 3483 Plugas
2441 3433 2531 3468 au-

1472 3502 1577 3546 tem
1600 3497 1716 3544 dare
1738 3494 1939 3559 phrasis
1958 3494 2145 3544 Latina
2162 3500 2260 3558 est,
2281 3502 2360 3558 ut,
2378 3501 2392 3522 ‘
2408 3494 2534 3545 dare

1471 3572 1642 3636 ictus}
1662 3572 1683 3600 ‘
1702 3572 1829 3621 dare
1851 3569 2100 3633 vulnera‚’
2125 3571 2367 3623 OvidiuS.
2386 3571 2537 3637 Vlrg.

1456 3651 1685 3701 Luci-et.
1750 3650 1863 3700 Nos
1885 3648 2091 3700 Gallice
2131 3663 2273 3712 saepe
2302 3649 2355 3697 in
2391 3660 2535 3698 ‘com-

1454 3724 1716 3787 minando
1753 3725 1991 3788 dicimus,
2034 3725 2093 3786 je
2134 3723 2236 3774 t’en
2261 3726 2535 3791 donner-ay,

1456 3805 1562 3856 ubi
1583 3802 1922 3867 intelligimus
1941 3803 2105 3865 ictus,
2129 3801 2376 3866 scuticas,
2398 3802 2537 3851 cola-

1460 3885 1623 3947 phos,
1647 3885 1745 3931 &cz
1812 3879 1907 3942 At,
1939 3879 2027 3944 qui
2060 3878 2200 3942 apud
2231 3877 2537 3927 Terentium

1462 3960 1637 4011 veiint
1675 3956 1944 4008 subaudiri
1986 3961 2173 4020 partes,
2208 3968 2313 4004 non
2357 3954 2539 4003 vident

393 4040 543 4105 Syre,
565 4037 653 4086 vix
671 4033 876 4100 suffero]
896 4032 1060 4083 Plus·
1048 4048 1099 4083 m
1123 4044 1277 4084 sensu
1298 4037 1399 4098 est,
1468 4036 1834 4100 metaphoram
1867 4033 2009 4083 iilam
2037 4033 2231 4081 nullum
2254 4031 2339 4083 hic
2363 4030 2537 4080 locum

314 4112 527 4185 'quam
513 4129 567 4164 ιιι
590 4112 770 4161 verbo.
804 4112 955 4160 Idem.

314 4190 321 4197 ’
393 4197 461 4245 21
497 4190 712 4241 Hoc-cine
741 4198 814 4238 me
844 4185 1090 4250 miser-uin]
1124 4186 1155 4216 '⁵
1179 4186 1336 4238 Hoc
1320 4202 1400 4237 m-

1467 4114 1664 4164 habere
1691 4122 1865 4176 posse.
1899 4109 2070 4159 Faber.

1474 4202 1481 4211 ’
1541 4192 1649 4242 Diu
1682 4189 1826 4239 etiam
1863 4188 2009 4236 duras
2043 4182 2199 4247 dabit]
2233 4180 2354 4234 Diu
2376 4182 2536 4232 etiam

332 4273 486 4339 genio
498 4270 645 4320 bono
668 4267 849 4316 amicae
871 4280 986 4315 meo
1003 4265 1156 4314 modo
1177 4263 1278 4315 frui
1297 4280 1400 4316 non
1474 4269 1673 4320 durus..
1680 4265 1907 4316 ‚existen
1942 4261 2268 4324 Eugraphius.

331 4354 491 4403 licere
511 4347 846 4398 vehementer
870 4343 1172 4409 ingemisco.
1210 4345 1401 4406 Eug-m·

1539 4340 1650 4397 Diu
1678 4342 1822 4395 etim
1849 4341 1993 4390 auras
2012 4337 2167 4403 aava]
2201 4337 2305 4389 Hic
2336 4336 2391 4387 in
2419 4334 2538 4388 mm
