3035 4941
529 335 702 401 1106

517 489 609 547 'sic
648 495 819 546 metiri
860 494 1140 545 debemus:
1177 491 1257 541 Ne
1289 490 1592 552 t’hoclmihi

526 570 776 638 poletriu’
813 571 986 634 dile-as
1032 570 1203 633 Daloi
1240 569 1467 632 saletum
1507 582 1595 616 con

537 647 649 712 {sili'
669 649 898 713 aeldolis.
959 648 1084 697 Hoc
1106 644 1173 694 ad
1189 659 1253 695 ea
1266 643 1595 702 referendum

532 737 652 788 quae
686 722 903 774 iuferius
933 723 1104 788 posita
1136 720 1333 771 suntin
1358 721 1592 771 tractati-

534 800 719 851 uncula
741 799 807 850 de
830 799 1028 849 metris.
1067 798 1239 849 Faber.
1311 843 1314 848 .

598 882 665 928 30
714 878 921 927 Prorsus
962 893 992 925 ιι
1022 875 1118 938 me]
1175 874 1400 935 Prorsus,
1447 873 1594 937 quasi

533 969 692 1020 porro
716 969 923 1003 versus·
960 951 1097 1018 quod
1122 951 1298 1002 Graeci
1314 949 1496 1014 μακρὰν
1517 950 1597 999 di·

534 1037 681 1085 cunt.
716 1032 952 1080 Donatus.

533 1161 537 1166 ,
601 1107 809 1156 Prorsus
828 1121 860 1154 a
881 1104 975 1169 me]
1008 1104 1234 1157 Quidam
1259 1118 1476 1167 prorsus,
1500 1117 1597 1167 pro

538 1197 700 1249 quare
724 1183 951 1269 positum
985 1187 1190 1245 putant.
1255 1182 1369 1244 Ego
1408 1193 1503 1244 pro
1534 1191 1597 1229 eo

535 1259 674 1326 quod
697 1267 781 1310 est
797 1258 1019 1308 omnino.
1081 1257 1215 1308 Sunt
1235 1258 1326 1321 qui
1350 1255 1598 1319 conjunc·

537 1336 734 1387 tionem
758 1335 920 1385 velint
937 1348 1070 1384 esse.
1103 1335 1253 1383 Idem.

601 1413 809 1462 Prorsus
827 1427 858 1460 ιι
875 1426 945 1470 me
960 1411 1223 1475 opinionem
1234 1410 1355 1460 banc
1371 1414 1503 1458 tuam
1512 1423 1598 1470 ego

537 1502 635 1537 esse
654 1493 858 1538 amotam
878 1487 1004 1551 volo]
1039 1488 1102 1537 ln
1124 1488 1161 1536 l.
1195 1502 1240 1536 s.
1274 1486 1430 1536 etiam
1465 1484 1598 1536 anti.-

541 1565 657 1628 quis
698 1565 883 1613 melior
926 1564 1202 1614 collocatio
1235 1570 1290 1618 et
1311 1563 1599 1626 elegantior

541 1640 848 1704 compositio
870 1648 952 1689 est
974 1657 989 1703 ;
1029 1654 1125 1690 esse
1145 1655 1232 1702 ego
1253 1644 1458 1689 amotam
1478 1639 1599 1699 volo,

537 1716 698 1766 stabit
719 1723 895 1766 autem
919 1716 1232 1779 trochaicus,
1268 1716 1313 1774 si
1346 1721 1477 1765 tuam
1499 1727 1602 1764 una

540 1794 608 1842 sit
626 1792 841 1857 syllaba,
863 1808 980 1857 quae
1018 1808 1113 1858 per
1135 1794 1487 1859 synaloepham
1510 1791 1598 1842 ab·

529 1868 763 1931 jiciatur.
796 1870 1027 1920 Fae‘rmoe.
1524 1895 1527 1898 ·

611 1946 897 2009 Opinionem
923 1947 1045 1996 Ιιαιισ
1082 1946 1237 2011 tuam]
1272 1946 1417 1997 Hanc
1452 1917 1602 2005 tuam,

540 2038 658 2074 cum
678 2023 835 2074 taedio
849 2023 1002 2089 dixit,
1017 2026 1115 2075 hoc
1135 2036 1235 2089 est,
1249 2025 1401 2076 nimis
1416 2026 1603 2078 moles-

476 2090 480 2096 ’
540 2108 666 2162 tam,
698 2100 849 2150 nimis
884 2102 1226 2167 suspicacem,
1262 2103 1413 2153 nimis
1453 2118 1603 2153 accu-

540 2179 801 2229 satricem.
866 2180 954 2229 Sic
977 2179 1114 2230 dixit
1134 2181 1256 2233 hanc
1275 2186 1425 2242 tuom,
1441 2186 1500 2230 ut
1519 2181 1602 2230 ille

538 2253 604 2304 de
625 2254 831 2317 apibus,
862 2255 983 2305 Vere
1017 2270 1118 2306 suo.
1153 2257 1244 2320 Et,
1284 2257 1600 2321 ‘Solemque

540 2344 707 2392 suum,
727 2344 823 2382 sua
841 2330 1030 2396 ,sydera
1053 2330 1280 2384 norunt.’
1343 2334 1415 2382 Et
1453 2332 1507 2380 in
1530 2331 1602 2381 A·

542 2405 764 2468 delpbiS,
812 2406 965 2455 ‘Jam
1011 2419 1135 2460 vero
1173 2409 1357 2457 omitte
1401 2409 1605 2459 Demea

543 2489 684 2531 tuam
709 2483 857 2530 istam
880 2484 1237 2536 iracundiam.'
1268 2485 1504 2537 Donatus.

602 2562 664 2608 31
698 2557 897 2618 Audivi,
924 2565 971 2609 et
990 2560 1151 2624 credo]
1185 2563 1354 2617 Locus
1376 2578 1604 2617 commu·

540 2638 635 2700 nis,
657 2652 724 2687 an
745 2637 898 2687 famae
918 2640 1234 2692 credendum
1261 2644 1344 2695 sit.
1375 2646 1448 2695 Et
1469 2645 1605 2696 bene

540 2715 822 2779 subjunxit,
853 2718 1010 2779 eredo,
1053 2732 1156 2768 non
1198 2721 1335 2770 enim
1376 2716 1605 2785 audisse,

541 2792 720 2841 statim
744 2792 962 2855 credere
984 2802 1083 2847 est.
1107 2796 1258 2849 Idem.

608 2869 768 2918 Multa
806 2878 1091 2921 concurrunt
1122 2873 1290 2939 simul]
1318 2875 1510 2926 Restat
1549 2891 1602 2927 e-

538 2945 669 3009 nim,
701 2954 758 2996 ut
773 2950 951 3003 multis
968 2951 1398 3002 concurrentibus
1421 2953 1602 3019 signis,

541 3038 642 3073 uua
664 3025 968 3088 conjectura
991 3025 1261 3080 confletur.
1287 3030 1441 3081 Idem.

607 3102 771 3152 Multa
810 3109 1100 3154 concurrunt
1142 3105 1304 3167 simul,
1344 3107 1453 3170 &cuj
1488 3112 1504 3136 ⁴
1523 3107 1603 3158 Ex

540 3179 718 3230 multis
752 3183 1183 3233 concurrentibus
1206 3185 1366 3249 signis
1390 3186 1602 3249 conjec-

543 3264 712 3306 turam
735 3265 974 3309 constat:
998 3265 1052 3309 et
1072 3276 1103 3310 a
1125 3275 1323 3311 summo
1341 3261 1407 3312 ad
1428 3263 1607 3324 imum,

541 3341 597 3384 et
618 3348 685 3383 ex
705 3332 859 3385 factis
880 3342 936 3384 et
957 3335 1137 3401 dictis,
1158 3345 1216 3389 et
1236 3353 1302 3388 ex
1335 3339 1491 3389 rebus
1525 3347 1604 3390 at-

542 3424 645 3476 que
677 3412 910 3475 personis
934 3413 1091 3462 sumit
1126 3423 1433 3477 argumenta
1456 3414 1492 3465 ι’
1529 3417 1608 3466 ita

543 3488 783 3537 Donatus
819 3487 879 3535 τὸ
923 3488 1296 3549 ἐγκατάσκευον
1316 3490 1465 3554 hujus
1500 3493 1605 3542 loci

542 3568 723 3613 notat.
754 3578 882 3628 opus
900 3566 1035 3614 enim
1059 3572 1177 3615 erat
1200 3567 1516 3630 argumentis
1537 3567 1603 3617 ad

1235 345 1280 394 N
1293 345 1452 394 0¹1·AE

1505 342 1840 393 vAluoRU
1856 344 1906 390 Μ
1956 344 2035 392 ΙΝ

1670 497 1811 540 raret
1842 490 2021 553 Mysis,
2052 502 2166 555 quae
2191 488 2529 539 obstetricem
2551 502 2726 538 accer-

1669 566 1825 618 situm
1849 566 2003 617 missa
2024 576 2140 616 erat
2156 569 2186 613 ε’
2223 566 2337 616 baec
2360 565 2634 615 Davusad
2650 564 2731 613 Si-

1669 656 1871 693 monem
1891 660 1905 693 :
1942 640 2078 692 iufra
2097 647 2204 692 act.
2224 655 2304 690 ιν.
2322 655 2396 691 sc.
2416 645 2466 691 4.
2489 639 2556 689 a'd
2575 640 2733 690 Chre·

1668 733 1861 776 metem
1918 724 2020 774 alia
2074 721 2266 773 techna
2316 717 2733 783 suppositionem

1671 811 1852 868 partus
1899 803 2013 853 vult
2056 814 2290 865 arguere,
2323 798 2470 865 quasi
2515 798 2736 847 vidisset

1666 883 1784 946 ipse
1814 880 1980 945 pridie
1998 879 2193 945 aliquid
2216 876 2408 928 deferri
2443 876 2497 925 in
2519 876 2732 968 domum

1671 956 1924 1021 Glycerii.
1958 958 2212 1006 Boeelerus.

1732 1034 1899 1083 Multa
1947 1037 2228 1084 concurrunt
2271 1031 2440 1095 simul]
2489 1028 2734 1080 Adverte

1671 1121 1826 1177 quam
1847 1111 1983 1161 serio
2021 1118 2077 1161 et
2108 1110 2284 1161 sobrie
2304 1108 2512 1159 laboret
2547 1109 2740 1157 Davus

1673 1204 1704 1238 a
1741 1203 1798 1237 se
1833 1187 2179 1253 suspicionem
2225 1201 2429 1237 omnem
2472 1196 2741 1248 amovere,

1671 1279 1826 1331 quam
1849 1263 2018 1315 doctis
2054 1265 2207 1328 dolis,
2241 1264 2549 1329 technisque
2571 1261 2738 1313 artifi-

1673 1343 1813 1393 ciose
1851 1343 2082 1392 consutis
2125 1341 2237 1392 seni
2270 1356 2327 1391 os
2366 1340 2585 1391 oblinat.
2654 1340 2739 1390 Ex

1670 1420 1828 1470 rebus
1849 1427 1973 1470 ante
2011 1418 2207 1470 Simoni
2230 1418 2368 1468 notis
2407 1425 2501 1467 aiut
2522 1431 2739 1481 suspec-

1668 1497 1773 1548 ,εἰει
1824 1495 2115 1563 (babuisse
2147 1495 2368 1560 Pamph.
2434 1508 2549 1560 pror
2571 1505 2739 1545 uxore

1674 1576 1806 1626 banc
1852 1575 2204 1640 peregrinam,
2259 1572 2524 1638 gravidam
2559 1587 2630 1623 ex
2674 1587 2740 1623 eo

1674 1650 1894 1715 dictam,
1910 1651 2170 1715 Mysidem
2191 1652 2398 1702 missam
2421 1651 2740 1702 accersitum
2790 1683 2793 1684 ν

1673 1728 2030 1791 obstetricem,
2061 1728 2364 1793 Glycerium
2405 1727 2743 1793 peperisse··)

1676 1821 1792 1871 quae
1808 1806 1978 1856 omnia
2000 1821 2114 1856 cum
2139 1805 2379 1855 simulata
2396 1811 2452 1854 et
2468 1802 2604 1854 falsa
2623 1817 2742 1855 esse

1676 1885 1954 1947 insimulet,
2005 1885 2363 1973 conjecturam
2408 1883 2567 1934 etiam
2610 1881 2746 1934 facit

1675 1961 1870 2010 habere
1893 1975 1982 2011 eos
2004 1959 2056 2010 in
2091 1960 2258 2011 animo
2296 1973 2515 2025 puerum
2546 1967 2745 2036 suppo-

1676 2038 1896 2088 sititium
1920 2035 2128 2087 deferre
2151 2042 2276 2088 aute
2301 2036 2441 2087 senis
2457 2035 2650 2086 ostium
2674 2029 2743 2085 ad

1677 2113 2041 2164 disturbandas
2064 2116 2289 2180 nuptias,
2319 2130 2449 2180 quas
2493 2115 2745 2227 apparari

1677 2191 1968 2243 audierant.
2001 2191 2289 2245 Fmabius.

1741 2272 1809 2317 32
1839 2270 1954 2317 Jam
1984 2269 2193 2332 primum
2224 2271 2324 2319 hoec
2354 2284 2407 2319 se
2438 2283 2466 2319 e
2487 2221 2746 2332 Pamphilo

1674 2343 1926 2407 mucidam
1958 2347 2087 2395 dixit
2101 2362 2240 2397 esse:
2269 2347 2518 2397 inventum
2547 2351 2615 2396 est
2641 2347 2747 2406 sul-

1677 2420 1822 2485 sum]
1841 2422 2138 2473 Secundum
2177 2423 2316 2490 quod
2353 2423 2528 2475 credit
2553 2437 2748 2475 senex.

1679 2498 1752 2547 Et
1767 2514 1798 2548 a
1820 2512 2016 2549 summo
2031 2499 2098 2550 ad
2117 2499 2296 2563 imum,
2315 2507 2371 2550 et
2393 2514 2462 2552 ex
2479 2498 2655 2558 factis,
2688 2508 2747 2550 et

1679 2588 1748 2624 ex
1767 2574 1945 2638 dictis,
1968 2583 2024 2625 et
2047 2590 2115 2626 ex
2146 2578 2304 2628 rebus
2327 2585 2486 2644 atque
2509 2578 2748 2643 personis

1680 2653 1841 2702 sumit
1863 2661 2188 2716 argumenta.
2209 2655 2451 2705 Donatus.

1745 2733 1808 2778 33
1827 2730 2086 2795 Postquam
2103 2732 2234 2782 uidet
2251 2733 2440 2798 nuptias
2450 2732 2579 2783 domi
2599 2747 2749 2799 oppa·

1677 2806 1806 2932 'Er-i]
1827 2807 2112 2872 Eleganter
2131 2809 2321 2873 omisit,
2341 2809 2396 2860 iu
2412 2811 2559 2911 cujus
2574 2810 2749 2861 domo.

1732 2889 1913 2934 enatus.

1765 2962 1830 3009 34
1884 2960 2059 3011 Missu’
2059 2966 2105 3011 st
2145 2963 2324 3012 ancilla
2380 2961 2536 3028 illico]
2590 2965 2747 3017 Quod

1610 3078 1613 3081 .
1679 3033 1859 3085 Graeci
1881 3037 2065 3088 dicunt
2085 3038 2280 3089 αὐτόθεν
2310 3038 2542 3104 ἐπέμφθη.
2609 3041 2746 3092 Nam

1679 3112 1781 3161 loci
1802 3113 2114 3178 significatio
2133 3122 2231 3178 est,
2249 3117 2408 3167 etiam
2430 3116 2748 3225 brevitatem

1682 3189 1929 3253 temporis
1952 3197 2156 3241 notans.
2191 3193 2343 3243 Idem.

1745 3268 1807 3314 35
1844 3267 2055 3317 Puerum
2093 3275 2149 3318 ιιι
2185 3269 2421 3335 adferret]
2452 3268 2604 3320 Infra
2642 3278 2748 3320 act.

1680 3359 1759 3395 ιν.
1792 3361 1867 3398 sc.
1886 3353 1937 3397 5.
1969 3349 1986 3378 ‘
2012 3349 2249 3401 Quemne
2271 3363 2370 3414 ego
2391 3351 2505 3402 heri
2527 3351 2636 3403 vidi
2658 3352 2752 3402 ad·

1678 3419 1805 3471 ferri
1830 3424 2082 3488 vesperi?
2118 3427 2405 3479 Famabius.

1744 3504 1811 3550 36
1843 3500 1955 3550 Hoc
1977 3503 2072 3552 nisi
2085 3504 2176 3568 fit,
2197 3505 2323 3554 nihil
2352 3510 2602 3557 moventur
2632 3522 2752 3572 nup·

1680 3574 1789 3639 tioe]
1813 3575 2014 3642 Inepte
2056 3578 2342 3645 explicant,
2359 3582 2448 3646 qui
2471 3582 2677 3648 dicunt,
2693 3583 2750 3633 id

542 3640 899 3690 instruendum
923 3641 1117 3706 dolum,
1157 3649 1215 3693 et
1236 3643 1605 3709 decipiendum
1659 3661 1778 3720 ,εις
1788 3665 2237 3720 nonpwmovemur
2285 3661 2480 3712 Sensus
2494 3669 2607 3713 est:
2634 3663 2755 3714 Nisi

541 3730 749 3767 senem:
784 3718 863 3782 qui
884 3718 1202 3779 conjecturam
1234 3719 1355 3775 hanc
1386 3720 1604 3781 mesa-

543 3794 634 3849 cio‚
658 3791 711 3843 id
733 3799 833 3857 est,
863 3809 1042 3860 quare,
1066 3795 1252 3861 quibus
1293 3797 1482 3851 rebus:
1528 3813 1603 3849 vs.

543 3875 625 3922 33.
639 3871 883 3943 inuetitum
901 3873 1161 3933 estsalsttm
1181 3890 1253 3926 sc.
1275 3883 1336 3928 ut
1351 3884 1423 3939 tu,
1443 3877 1606 3941 Simo,

542 3949 731 4014 eredis,
749 3950 864 4014 ejus
882 3951 1019 4000 enim
1044 3967 1219 4002 errore
1242 3953 1406 4003 utitur
1423 3954 1602 4005 Davus

544 4041 618 4075 vs.
652 4031 735 4076 35.
770 4032 819 4075 et
848 4041 1045 4089 puerum
1098 4034 1154 4079 ut
1197 4029 1407 4089 adferret
1442 4031 1602 4081 simul.

544 4103 729 4154 Gallus
753 4102 1008 4168 interpres
1025 4104 1088 4154 ad
1105 4104 1442 4159 obstetricem
1463 4113 1604 4158 retu·

505 4185 510 4191 '
544 4180 641 4230 lit.
677 4180 981 4246 simplicius
997 4183 1222 4247 videtur,
1251 4184 1315 4234 ad
1362 4187 1601 4237 ancillam

547 4260 774 4318 referre:
806 4267 896 4320 ‘ut
913 4282 1130 4334 puerum
1147 4269 1296 4321 simul
1310 4267 1488 4322 afferri
1510 4282 1599 4321 cu·

1678 3732 1777 3783 hoc
1813 3732 1894 3798 fit,
1941 3735 2075 3799 quod
2122 3735 2231 3786 dixi
2273 3736 2523 3798 futurum,
2571 3754 2648 3791 sc.
2691 3749 2754 3791 ut

1679 3822 1898 3872 puerum
1919 3810 2252 3875 suppositum
2272 3814 2453 3864 videas
2471 3819 2753 3881 ostentari,

1678 3885 1805 3936 nihil
1830 3887 1954 3950 erit,
1989 3888 2126 3954 quod
2151 3889 2406 3952 movebit,
2427 3891 2482 3941 id
2507 3898 2609 3950 est,
2634 3908 2755 3957 per-

1679 3962 1938 4023 turbabit,
1975 3964 2206 4028 differet‚
2232 3968 2411 4018 irritas
2446 3969 2637 4021 reddet
2657 3971 2752 4020 bas

1678 4041 1909 4104 nuptias.
1974 4042 2123 4092 Beue
2149 4043 2332 4093 Gallus
2353 4045 2713 4096 scholiastes
2699 4062 2755 4096 ιιι

1679 4117 1837 4167 tertio
1889 4116 2116 4182 exempl.
2164 4120 2292 4171 edit.
2371 4121 2752 4186 Autesignani:

1682 4193 1835 4243 Tenez
1862 4208 1983 4256 pour
2017 4197 2197 4259 assare,
2217 4211 2305 4260 que
2340 4198 2386 4247 si
2416 4199 2486 4248 les
2519 4213 2657 4249 noces
2691 4216 2755 4250 ne

1674 4275 1781 4321 sont
1811 4272 2041 4324 troublees
2075 4288 2164 4337 par
2181 4289 2234 4326 ce
2253 4287 2436 4341 moyam
2458 4291 2522 4342 qu
2525 4274 2670 4328 'elles
2693 4292 2754 4327 ιιι
