3035 4941
632 409 993 464 TERENTH
1045 408 1379 461 BUNUGH·
1427 407 1596 462 Ac’r.
1645 410 1759 460 ΠΙ.
1806 414 1911 463 SC.
1945 415 2017 462 V.

247 556 416 606 hainen
437 538 649 619 publii-a
669 563 722 605 et
744 554 962 619 privata.
985 556 1074 605 aui
1096 556 1186 605 rue.
1212 555 1279 605 ai.

246 637 461 683 adornant
478 634 655 685 uthaec
676 635 817 684 lavet.
853 633 1154 683 Farnabius.

302 715 358 759 35
391 712 521 760 Dum
552 717 828 775 apparatur,
848 711 983 770 virgo
1004 710 1056 760 in
1075 709 1284 760 conclwi

242 789 379 852 sedet]
422 788 850 851 Impersoualiter
887 787 1035 836 dixit.
1082 794 1136 836 et
1173 789 1283 835 dum

242 871 500 927 apparatur,
522 880 618 928 pro
638 866 750 913 dum
782 867 1038 927 apparetur
1053 878 1070 911 .-
1121 869 1176 911 ct
1210 877 1277 911 se·

241 942 329 1001 det,
347 956 441 1005 pro
460 941 667 991 sedebat.
703 942 958 990 Donatus.

306 1020 447 1080 Virgo
484 1019 539 1067 in
575 1018 785 1068 conclavi
821 1016 977 1081 sedet]
1052 1016 1284 1067 Conclavs

240 1103 314 1143 est
347 1094 638 1159 separatior
680 1096 822 1144 locus
865 1094 918 1143 in
956 1093 1284 1144 interioribus

240 1173 411 1222 tectis:
448 1174 532 1222 vel
553 1172 691 1237 quod
712 1173 851 1221 intra
873 1186 989 1220 eum
1012 1172 1125 1221 loca
1154 1173 1283 1220 mul-

239 1255 289 1297 ta
309 1256 361 1298 et
381 1249 619 1299 cubicula
640 1251 813 1300 clausa
836 1246 943 1299 sint
964 1248 1282 1299 adhoerentia

240 1325 469 1377 triclinio.
507 1328 659 1378 Idem.
1016 1360 1018 1362 ·

293 1408 354 1453 36
384 1404 674 1473 Suspectam
694 1404 904 1454 tabulam
926 1405 1157 1469 quandam
1183 1404 1281 1467 pio-

236 1480 346 1542 rum]
391 1482 560 1531 Bene.
589 1481 805 1533 'accedit
840 1491 1056 1546 repente
1079 1483 1282 1545 pictura

238 1559 293 1607 ad
310 1560 637 1610 hortamenta
653 1560 1016 1624 aggrediendae
1034 1559 1249 1623 virginis
1264 1575 1278 1608 ε

235 1636 338 1686 ideo
359 1638 479 1703 quia
495 1653 606 1688 non
629 1638 694 1687 ad
706 1629 809 1687 boc
825 1645 1035 1688 venerat
1048 1636 1281 1699 Cbaerea‚

237 1722 289 1762 ut
306 1715 552 1766 continuo
593 1716 805 1765 vitiaret
845 1715 1088 1779 puellam,
1109 1714 1199 1763 sed
1223 1720 1283 1764 ut

239 1791 442 1856 rideret,
477 1792 711 1855 audiret,
732 1800 976 1857 essetque
1002 1806 1132 1840 unat
1165 1805 1280 1841 cum

236 1871 344 1920 nihil
364 1873 588 1936 amplius
609 1871 883 1935 cogitaret,
906 1885 1077 1933 ausus,
1101 1871 1283 1921 incita-

237 1954 402 2012 tusque
424 1949 548 1998 dum
568 1948 824 2012 picturam
846 1956 1107 1999 cerneret.
1141 1949 1220 1999 Id.

293 2025 665 2089 Tabulamstm
702 2025 891 2089 Aptam
930 2025 1081 2074 domo
1120 2039 1281 2074 mere·

238 2101 367 2149 tricis
390 2102 645 2163 tabulam,
678 2101 732 2151 in
757 2117 858 2167 qua
880 2103 1029 2154 Jovis
1062 2117 1284 2165 amores,

238 2178 405 2239 puellae
428 2193 594 2228 aurea
625 2178 776 2227 dona.
856 2178 999 2242 Lege
1034 2179 1281 2243 Propert.

235 2253 267 2301 l.
287 2268 344 2302 11.
365 2256 511 2320 Eleg.
533 2260 586 2305 6.
621 2253 907 2305 Farnobius.

293 2330 364 2380 Ibi
397 2331 561 2381 inerat
603 2331 792 2394 pictura
829 2329 953 2393 hoec]
1001 2329 1065 2379 In
1101 2327 1284 2393 praefa-

236 2406 360 2456 tione
396 2408 645 2468 diximus,
679 2406 899 2457 Poetam
933 2406 1020 2455 hic
1053 2406 1287 2468 κωμῳδεῖν

239 2482 421 2535 fabulas
458 2486 523 2534 de
564 2484 777 2534 deorum
817 2482 1042 2547 flagitiis,
1080 2483 1285 2532 eadem·

238 2569 322 2626 que
343 2578 502 2628 opera
532 2563 815 2612 ostendere
854 2562 1153 2612 meretricio
1194 2577 1286 2626 po·

238 2637 323 2687 tius
344 2640 586 2690 cubiculo
621 2655 774 2704 quam
806 2638 1037 2690 honestis
1075 2640 1285 2704 palatiis

238 2721 315 2764 ant
351 2717 552 2766 aedibus
593 2716 773 2779 dignas
812 2729 927 2765 esse
968 2714 1286 2779 ejuscemodi

238 2790 467 2855 picturas,
512 2793 749 2842 moribus
804 2794 1005 2856 noxias,
1048 2791 1188 2842 sicut
1229 2795 1287 2842 et

238 2866 428 2932 virginis
451 2878 508 2920 et
549 2868 784 2919 Chaereas
807 2870 1071 2933 exemplo,
1092 2867 1285 2932 insigni

235 2955 427 3003 prorsus
451 2952 591 3006 arte,
605 2945 926 2995 declaratum
941 2945 1135 3001 voluit:
1160 2956 1285 3010 qua-

235 3020 271 3067 si
291 3028 341 3070 et
358 3024 506 3086 virgo
529 3024 729 3072 intacta
745 3029 800 3071 et
822 3030 983 3079 casta,
999 3022 1083 3071 vel
1105 3036 1283 3085 aspec-

236 3097 377 3147 tando
396 3099 513 3148 haec
541 3098 668 3149 talia
689 3099 865 3148 oculos
894 3100 1158 3148 incestare
1182 3113 1285 3148 coe·

236 3175 516 3242 perit.·quae
542 3175 688 3240 quasi
716 3174 981 3237 οἰκονομικὴ
1014 3173 1288 3239 παρασκευὴ

237 3259 305 3300 est
326 3252 390 3301 ad
412 3251 757 3311 infortunium
774 3253 982 3317 puelloe.
1005 3266 1124 3302 nam
1142 3251 1288 3301 Chae·

237 3340 315 3376 rea
349 3327 671 3387 inflammato
709 3328 773 3379 ad
815 3328 1083 3379 libidinem
1118 3328 1288 3376 animo

193 3448 196 3467 ,
237 3403 355 3454 citra
377 3406 648 3469 ambages,
680 3412 1040 3469 argumentum
1076 3411 1134 3454 et
1168 3417 1288 3452 auc-

237 3482 483 3533 toritatem
507 3480 763 3547 pe'ccandi
778 3483 898 3532 hinc
917 3481 1124 3545 arripit.
1157 3480 1290 3529 Pro·

239 3560 381 3619 pertii
403 3561 535 3610 illud
574 3561 674 3608 huc
716 3559 951 3624 pertinet
983 3558 1132 3620 Eleg.
1155 3570 1221 3605 11.
1241 3561 1289 3606 6.

236 3632 254 3665 ‘⁷
269 3634 390 3686 Quae
414 3650 599 3691 manus
625 3635 895 3685 obscoenas
918 3632 1154 3698 depinxit
1184 3632 1291 3696 pri-

237 3718 308 3759 ma
344 3712 587 3774 tabellas,
610 3713 679 3762 Et
718 3711 893 3775 posuit
929 3716 1078 3759 easta
1117 3709 1292 3772 turpia

237 3785 336 3835 visa
371 3786 548 3849 domo,
570 3788 671 3837 Illa
706 3789 997 3852 puellarum
1036 3787 1288 3850 ingenuos

240 3865 462 3927 corrupit
500 3864 717 3926 ocellos,
762 3863 1131 3928 Nequitiaeque
1178 3878 1287 3912 suae

240 3940 391 3990 noluit
412 3955 530 3989 esse
555 3939 748 3990 rudes.'
813 3939 967 3989 Unde
982 3939 1289 3989 Poetanos·

241 4021 314 4067 ter
348 4017 582 4066 honestae
623 4016 795 4065 domui
835 4029 1095 4080 nunquam
1132 4015 1288 4064 talem

243 4093 488 4153 picturam
513 4093 813 4155 tribuisset3
858 4105 971 4156 quae
1011 4091 1154 4141 iuter
1187 4105 1289 4139 me-

244 4171 464 4220 retricias
486 4169 784 4231 illecebras,
805 4159 863 4217 ut
901 4182 1063 4232 genus
1102 4168 1289 4216 instru-

230 4227 390 4296 ⁸n³enti
425 4246 714 4307 domestici,
750 4246 851 4294 hoc
886 4246 1002 4299 loco
1048 4244 1289 4306 ponitur;

246 4321 465 4375 Donatus
486 4321 839 4389 περιεργότερον
858 4323 1101 4386 explieat.
1154 4320 1290 4370 Vide

2247 396 2421 467 1235

1362 555 1732 619 Lindenbrogii
1756 549 2160 609 annotationem.
2194 559 2400 625 Boeclqr.

1421 634 1591 683 Jovem
1610 648 1698 697 quo
1714 633 1876 697 pacto]
1901 634 2040 683 Mira
2056 634 2420 702 inventio,qua

1357 711 1468 760 hoec
1491 710 1696 774 pictura
1717 710 1892 761 domui
1917 710 2161 760 tribuitur
2182 714 2422 762 meretri·

1359 788 1452 850 cis,
1479 788 1727 837 adversus
1766 788 1992 837 omnium
2024 786 2331 851 pudicitiam
2367 804 2419 837 a·

1357 877 1573 926 morum,
1595 869 1780 913 eontra
1815 863 2195 928 parsimoniam,
2236 872 2420 915 contra

1357 938 1684 1002 dignitatem,
1704 946 1881 989 contra
1908 940 2231 1003 pudicitiam.
2267 943 2397 993 Don-

1421 1020 1484 1066 ³7
1520 1016 1716 1064 Misisse
1735 1015 1902 1078 aium]
1954 1016 2104 1066 Bene
2141 1018 2312 1067 aiunt.-
2364 1027 2419 1069 et

1357 1092 1477 1157 quia
1510 1091 1689 1142 fabula
1723 1099 1825 1155 est,
1858 1104 1915 1142 et
1953 1094 2071 1158 quia
2110 1100 2216 1143 tam
2253 1098 2419 1159 turpis

1356 1169 1494 1231 Jovi,
1514 1182 1667 1234 quam
1691 1175 1815 1232 apta
1837 1170 2118 1221 meretrici.
2152 1172 2303 1221 Idem.

1423 1246 1531 1303 Quo
1548 1252 1688 1309 pacto
1704 1247 1891 1296 Danaoe
1912 1248 2102 1298 misisse
2120 1250 2258 1298 aiunt
2277 1264 2420 1313 quon·

1355 1322 1537 1372 damin
1555 1326 1792 1385 gremium
1821 1323 2018 1374 imbrem
2039 1327 2254 1391 aarum]
2286 1327 2417 1379 Quae

1357 1400 1531 1462 aptior
1565 1400 1774 1464 pictura
1811 1401 1986 1451 domui
2024 1404 2315 1454 meretricis
2352 1404 2420 1455 ad
2524 1441 2529 1444 ,

1317 1510 1322 1515 -
1356 1485 1642 1527 amatorum
1667 1476 1938 1527 illecebras
1962 1493 2117 1542 quam
2146 1480 2280 1543 haec,
2304 1496 2419 1546 quae

1355 1554 1651 1617 exemplum
1672 1556 1908 1604 continet
1930 1556 2137 1619 amoriS,
2155 1565 2211 1606 et
2232 1560 2422 1608 amoris

1356 1630 1566 1692 puellae,
1602 1637 1656 1679 et
1698 1631 1884 1680 amoris
1924 1631 1989 1680 ad
2030 1631 2217 1682 Jovem
2259 1635 2422 1697 perti·-

1355 1707 1563 1767 nentis3
1593 1717 1649 1756 et
1673 1709 1863 1757 amoris
1904 1722 2007 1757 non
2044 1711 2284 1772 gratuiti,
2322 1724 2421 1759 neo

1358 1783 1503 1846 parvi
1529 1783 1803 1847 propositi,
1826 1784 1915 1831 sed
1940 1798 2065 1832 auro
2085 1785 2136 1834 iu
2171 1785 2421 1849 gremium

1358 1856 1554 1908 fluente
1591 1860 1819 1910 venalis?
1869 1861 2002 1910 Tum
2039 1862 2176 1926 quod
2215 1863 2266 1910 in
2304 1878 2421 1926 gre·

1358 1936 1516 1984 mium
1541 1936 1741 1985 Danaae
1764 1936 1921 1986 etiam
1962 1938 2076 2000 ipse
2108 1939 2339 2002 Jupiter,
2365 1948 2421 1988 ut

1358 2013 1661 2075 splendidus
1716 2013 1898 2074 imber,
1935 2014 2196 2064 illabitur:
2249 2029 2420 2063 nonne

1358 2090 1567 2139 videtur
1587 2091 1836 2139 meretrix
1857 2091 2034 2140 dicere
2063 2092 2420 2141 adolescentu-

1359 2167 1442 2229 lis,
1487 2169 1628 2215 illam
1673 2170 1909 2231 corporis
1956 2173 2160 2230 partem
2205 2178 2420 2216 auctore

1357 2242 1492 2293 Jove
1514 2242 1660 2292 velut
1681 2244 1967 2293 inauratam
1994 2242 2187 2293 fuisse?
2222 2244 2370 2292 Idem.

1423 2320 1632 2369 Imbrem
1674 2319 1893 2383 aureum]
1965 2321 2081 2368 Nou
2125 2332 2290 2368 rorem
2340 2320 2420 2369 vel

1360 2397 1606 2461 pluviam,
1652 2397 1743 2445 sed
1789 2396 1995 2445 [mbr-em
2036 2394 2329 2444 addiderat.
2390 2409 2420 2443 o

1360 2474 1634 2522 avaritiam
1660 2473 1983 2523 meretricis!
2022 2472 2170 2522 Idm.

1424 2548 1765 2612 Misisse,6·c.]
1818 2548 2083 2598 Fabricius
2119 2548 2214 2609 alt,
2252 2547 2302 2597 in
2335 2562 2423 2597 co-

1358 2625 1476 2676 dice
1504 2627 1608 2677 Ms.
1640 2626 1898 2675 invenisse
1936 2639 1993 2675 se
2031 2625 2262 2674 aiamim.
2301 2624 2422 2674 binc

1358 2709 1594 2753 autumat
1614 2703 1832 2752 ‚tinxisse
1853 2701 2201 2751 scribendum.
2225 2700 2421 2750 dictum

1357 2786 1532 2828 autem
1554 2794 1621 2828 ex
1644 2779 1937 2828 imitatione
1970 2777 2189 2827 Pindari
2211 2777 2264 2827 in
2288 2777 2424 2827 Isth·

1356 2855 1470 2905 miis
1491 2872 1505 2906 ε
1543 2857 1709 2921 χρυσῷ
1724 2853 2031 2916 μεσονύκτιον
2049 2852 2263 2917 Νίφοντα
2294 2855 2423 2915 δεξαο

1356 2932 1473 2996 μένη
1493 2933 1580 2983 τὸν
1601 2931 1835 2999 φέρτατον
1851 2935 1981 2981 θεῶν.
2023 2931 2302 2982 Famabius.

1422 3015 1486 3061 88
1520 3012 1724 3073 Egomet
1746 3024 1922 3074 quoque
1952 3008 2008 3059 id
2039 3013 2252 3071 spectare
2283 3009 2424 3075 coepi]
2450 3065 2453 3068 Α

1357 3088 1527 3138 Moris
1551 3096 1633 3137 est
1652 3088 1731 3136 'ad
1757 3086 1808 3135 id
1832 3087 2009 3136 oculos
2034 3090 2260 3149 vertere,
2286 3087 2422 3149 quod

1360 3166 1623 3216 videmus:
1676 3172 1732 3214 et
1771 3178 1889 3213 eum
1935 3176 2086 3226 quem
2129 3163 2425 3225 aspicimus,

1358 3243 1569 3292 intueri.
1603 3242 1844 3290 Donatus.

1427 3321 1656 3384 Luserat]
1689 3317 1957 3382 Nequiore
1977 3321 2221 3378 sensu,ut
2236 3315 2425 3364 Graece

1362 3393 1561 3458 παίζειν.
1598 3394 1886 3445 Famabius.

1429 3479 1496 3524 89
1528 3474 1644 3521 Jam
1664 3471 1778 3520 olim
1797 3471 1880 3520 ille
1900 3468 2083 3532 ludam]
2133 3469 2298 3529 Bene,
2321 3483 2423 3519 non

1361 3552 1553 3611 scelus,
1578 3548 1668 3598 sed
1691 3548 1851 3597 ludum
1874 3546 2024 3596 dixit.
2056 3546 2295 3595 Donatus.

1430 3629 1701 3695 Impendio]
1741 3628 1800 3677 ld
1825 3634 1926 3690 est,
1965 3627 2128 3690 magis
2165 3627 2426 3690 magisque

1363 3709 1580 3757 luserat.
1646 3706 1717 3754 Et
1738 3706 1917 3754 luserat
1939 3704 2118 3757 ludum.
2141 3709 2215 3764 ut,
2232 3702 2249 3728 ‘
2269 3702 2426 3751 Hunc

1363 3798 1456 3833 oro
1480 3783 1591 3832 sine
1613 3795 1695 3830 me
1729 3778 1906 3829 furere
1929 3785 2052 3829 ante
2074 3777 2336 3827 furorem!
2368 3776 2428 3825 fi-

1363 3873 1489 3925 gura
1508 3855 1790 3922 ἆρχαῒσμός.
1821 3857 1974 3907 Idem-

1425 3941 1490 3987 40
1514 3937 1671 3985 Deum
1684 3949 1786 3984 sese
1801 3934 1854 3982 in
1876 3933 2106 3982 hominem
2121 3929 2431 3991 convertisse]

1361 4012 1721 4078 Philosophice
1752 4025 1888 4060 nunc
1921 4008 2196 4059 Terentius
2215 4007 2430 4056 demon-

1363 4092 1566 4154 stravit,
1587 4104 1740 4155 quam
1778 4086 1982 4138 cladem
2020 4084 2246 4134 moribus
2268 4083 2428 4131 homi-

1361 4180 1504 4228 nnm,
1528 4174 1583 4215 et
1607 4164 1905 4215 civitatibus
1928 4159 2148 4211 afferant
2178 4158 2428 4221 figmenta

1363 4243 1670 4303 Poetarum,
1684 4255 1801 4290 cum
1819 4238 2058 4300 exempla
2077 4235 2329 4285 scelerum
2356 4232 2430 4288 af-

1362 4319 1536 4371 ferant
1559 4316 1867 4382 peccaturis.
1904 4315 2052 4365 Idem.
