3035 4941
733 353 1096 402 TEREN'rn
1147 353 1381 403 ANDR.
1430 353 1597 403 ACT.
1634 354 1757 411 ‚111.
1805 355 1910 403 Sc,
1961 355 2037 403 11.

273 496 375 540 tur.
415 489 695 539 Boecleras.

339 568 474 623 Quia
485 567 747 630 opussacto
760 572 899 629 esset,
908 567 1179 632 puerpera]
1203 569 1343 618 Esset

276 641 696 706 impersonative
719 642 928 693 dicitur.
960 646 1199 694 Donatus.

300 767 312 775 ,
343 718 637 782 qussacto
658 723 798 782 esset,
810 718 1080 783 puerperae]
1119 720 1344 770 Dativus

275 807 422 849 casus
445 802 546 857 est,
570 805 630 844 nt
648 796 738 857 sit,
759 796 857 859 ipsi
876 811 1146 861 puerperae
1170 811 1344 847 coram

274 885 375 932 non
397 868 714 935 imperabat,
731 871 857 936 quid
879 871 1020 922 facto
1041 888 1168 937 opus
1191 882 1342 924 esset.

273 947 359 997 Sic
378 947 521 998 enim
545 947 787 1013 dicimus,
821 949 838 976 ‘
858 949 986 1001 Quis
1010 950 1082 998 vis
1104 950 1198 999 tibi
1223 949 1346 1000 faci·

276 1038 356 1074 am
371 1023 407 1072 ?’
442 1024 600 1075 Idem.

337 1102 628 1166 puerpera-²]
696 1102 882 1154 Omnis
935 1119 1053 1170 quae
1121 1100 1349 1171 peperit,

260 1194 519 1243 ,wrm
537 1179 848 1245 πρωτοτόκος,
864 1197 979 1247 quae
1004 1183 1241 1249 primum.
1277 1185 1349 1235 Et

273 1270 374 1305 non
394 1256 537 1320 quod
558 1272 796 1320 puerum,
816 1258 905 1309 sed
926 1260 1063 1324 quod
1080 1260 1241 1310 filium
1260 1275 1350 1324 pe·

274 1332 434 1395 perit,
461 1347 701 1397 puerpera
743 1334 886 1384 dicta
928 1344 1025 1386 est.
1094 1338 1165 1387 Et
1209 1337 1347 1401 apud

276 1417 484 1471 veteres
500 1426 623 1474 puer
639 1412 848 1474 puellus,
862 1428 1010 1476 puer-a
1022 1415 1195 1477 puella.
1232 1414 1313 1464 Id.

339 1491 400 1537 11
437 1487 554 1537 Illis
574 1503 682 1551 qius
715 1493 828 1550 sunt
863 1489 1015 1552 intus]
1060 1488 1347 1553 Argumen-

274 1570 383 1623 tum
405 1578 477 1625 ex
501 1578 565 1627 eo
585 1563 724 1629 quod
750 1578 851 1614 non
874 1564 1075 1621 factum
1108 1573 1207 1628 est,
1229 1580 1347 1629 cuni

274 1638 389 1701 fieri
417 1640 687 1703 potuerit:
721 1648 777 1690 et
810 1655 876 1690 ex
910 1656 972 1690 eo
998 1640 1132 1705 quod
1156 1640 1347 1694 factum

273 1723 518 1780 est,-cum
537 1716 652 1766 fieri
674 1732 774 1767 non
796 1720 1106 1782 oportuerit.
1142 1720 1292 1770 Idem.

335 1794 499 1858 lutus,
518 1797 692 1845 clamat
726 1799 784 1857 de
819 1797 920 1861 via]
951 1798 1024 1847 Ut
1045 1813 1112 1846 ex
1139 1797 1348 1849 Horatii

276 1881 573 1937 praecepto,
607 1874 776 1938 Epist.
804 1874 868 1923 ad
894 1874 1148 1924 Pisones:
1193 1877 1209 1904 ‘
1232 1877 1345 1935 Nec

273 1943 450 2011 tamen
491 1950 632 2000 intus
654 1950 837 2014 ‚Digna
871 1951 1001 2014 geri,
1033 1966 1237 2015 promes
1292 1953 1347 2002 in

275 2042 485 2080 scenam
503 2027 537 2076 :'
576 2028 644 2078 ad
681 2028 919 2093 Glycerii
946 2029 1345 2092 invocationem,

274 2118 435 2161 scena
469 2103 820 2167 praecedenti,
855 2105 1027 2157 ‘Jnuo
1055 2108 1248 2157 Lucina
1264 2106 1347 2157 fer

274 2194 426 2243 opem
446 2178 487 2228 ε’»
509 2181 790 2245 apponitur
807 2195 906 2231 vox
924 2182 1056 2230 intus
1079 2182 1128 2231 in
1145 2184 1219 2234 M.
1233 2184 1346 2247 plu-

271 2257 414 2319 rimis
438 2273 454 2306 ι
494 2256 635 2321 apud
658 2257 903 2306 Plautum
934 2258 955 2317 ‘,
974 2257 1115 2308 intus
1136 2259 1355 2310 confici·-

273 2341 369 2393 unt,
386 2333 660 2397 negotium
680 2332 694 2355 ’
715 2348 874 2398 saepe,
905 2341 960 2383 et
977 2341 1151 2385 noster
1173 2335 1224 2384 in
1252 2337 1343 2386 ult.

275 2410 358 2476 bnj
367 2427 427 2461 us
439 2411 733 2475 comoediae,
744 2412 907 2462 ‘intus
916 2412 1344 2476 despondebitur,

275 2489 411 2539 intus
436 2491 759 2555 transigetur
776 2489 812 2541 :’
846 2490 934 2540 Ita
953 2499 1008 2541 et
1029 2492 1346 2555 egredienti·

275 2566 369 2617 bus
403 2567 568 2618 moris
590 2575 725 2626 erat,
758 2568 874 2618 illos
902 2570 990 2634 qui
1034 2577 1184 2620 erant
1209 2571 1346 2619 intus

274 2645 486 2710 alioqui,
522 2645 567 2695 si
598 2644 723 2711 quid
748 2660 876 2710 opus
909 2645 1054 2696 dicto
1076 2653 1170 2698 aut
1204 2645 1345 2698 facto

274 2729 449 2776 esset..
475 2722 764 2772 Famuline.

300 2832 305 2836 -
337 2799 534 2848 Clamat
571 2800 630 2848 de
656 2797 760 2861 via]
795 2796 934 2847 Mire
972 2799 1164 2859 clamat,
1199 2800 1348 2863 quasi

271 2873 430 2935 dicat,
453 2873 642 2924 maluit
676 2876 929 2936 clamare,
958 2889 1107 2939 quam
1142 2876 1253 2925 sine
1278 2877 1346 2926 la·

269 2950 395 3001 bore
418 2950 564 3000 intus
588 2950 861 3014 imperare.
897 2950 1134 3000 Donatus.

331 3029 397 3075 12
439 3027 488 3074 Ο
511 3027 669 3088 Dave,
705 3026 827 3076 itan'
862 3032 1128 3077 contemnor
1158 3028 1242 3077 abs
1277 3034 1344 3092 te,

265 3104 372 3168 ξω]
403 3102 695 3164 ,Describit
730 3117 846 3160 cum
871 3100 1064 3153 affectu
1090 3110 1147 3153 et
1177 3102 1346 3168 figura

267 3179 662 3236 contumeliam,
685 3194 717 3228 a
739 3194 832 3228 sua
853 3186 908 3228 et
931 3179 1069 3228 servi
1096 3193 1345 3244 persona,

266 3254 559 3321 factoque:
585 3256 722 3322 quod
750 3257 878 3314 ,sine
919 3256 1118 3322 pudore
1160 3255 1346 3321 flagitii

267 3341 459 3398 aperte
510 3333 694 3384 herum
732 3341 1062 3385 contemnere
1111 3348 1174 3383 ac
1214 3335 1345 3384 ludi-

267 3409 382 3461 brio
423 3410 622 3461 habere
656 3410 781 3464 nihil
816 3417 1089 3460 vereatur:
1122 3409 1347 3474 προσήκει

267 3486 318 3537 δὲ
359 3489 471 3538 τοῖς
510 3487 680 3547 ἥττοσι
726 3486 793 3549 μὴ
857 3486 1133 3551 ὄλιγωρεῖνε
1184 3489 1347 3537 ‘nibil

266 3567 443 3616 minus
479 3566 645 3618 ,enim
674 3615 679 3620 ,
709 3564 1040 3615 inferioribus
1084 3566 1350 3627 convenit,

267 3658 426 3707 qnam
491 3642 791 3705 superiores
868 3641 1235 3705 contemnere,’
1288 3650 1346 3692 ut

268 3717 597 3772 Aristoteles
646 3709 842 3781 linquit,
910 3733 1028 3772 cum
1092 3717 1346 3767 irascendi

269 3809 460 3863 causas
492 3795 792 3860 exequitur.
835 3795 1080 3859 (Rhetor.
1103 3793 1191 3857 ιι.)
1232 3794 1345 3844 Boe·

270 3874 445 3932 clerus.
706 3907 717 3922 .
779 3916 785 3920 .
831 3908 835 3932 ÷

338 3950 486 3999 Itane
506 3953 779 3999 contemnor
799 3948 970 4012 abste]
1007 3948 1124 3999 Hoc
1159 3956 1240 3999 est
1261 3964 1347 3999 ns·

271 4041 374 4090 que
419 4025 629 4082 adeone
667 4026 994 4084 contemnor?
1029 4024 1182 4074 valde
1225 4039 1348 4080 cou-

270 4104 509 4154 temnor?
546 4103 745 4152 Temnon·
778 4108 949 4151 autem
977 4100 1223 4151 Graecum
1246 4108 1346 4164 est,

269 4178 324 4228 id
368 4186 474 4244 est,
508 4180 665 4227 coedor
699 4184 756 4226 et
774 4175 1127 4242 reficiens-apa
1151 4175 1209 4226 τὸ
1230 4176 1349 4238 φέρι·

268 4274 403 4320 νομφιι
418 4271 572 4314 :uam
582 4261 789 4318 veteres
803 4258 956 4305 temno
973 4254 1220 4308 dicebant
1236 4256 1349 4314 sine

2310 339 2481 415 1103

1419 489 1807 553 praepositioue.
1842 490 2077 539 Donatus.

1482 567 1624 615 Itane
1674 569 1865 615 tandem
1906 564 2119 627 idoneus]
2185 564 2485 629 Indignatio

1418 651 1501 693 est
1526 643 1589 692 ad
1626 643 2015 693 aestimationem
2051 643 2340 692 revocantis
2374 643 2485 706 ejus

1419 718 1561 769 dicta
1589 720 1671 768 vel
1714 718 1874 781 facta,
1915 734 1949 768 a
1990 733 2092 783 quo
2137 720 2487 772 contemnitur

1420 796 1551 861 quis.
1590 796 1742 846 Idem.

1484 873 1712 935 Idoneus]
1759 872 1930 936 Aptus
1982 878 2039 922 et
2087 870 2137 921 ei
2196 870 2274 920 rei
2314 876 2486 921 natus.

1420 950 1573 999 Idem.

1488 1032 1550 1076 13
1588 1027 1697 1078 Tibi
1723 1028 1884 1078 videor
1904 1043 2040 1092 quem
2071 1032 2171 1078 tam
2190 1029 2373 1093 aperte]
2404 1031 2486 1080 Ex

1423 1104 1662 1155 omnibns
1685 1103 1797 1154 fere
1831 1106 1865 1155 l.
1900 1121 1943 1155 s.
1975 1104 2256 1170 legendum
2279 1113 2376 1167 est,
2397 1107 2489 1156 tibi

1419 1180 1583 1229 videor
1614 1196 1741 1231 esse.-
1774 1182 1927 1233 aliter
1954 1197 2058 1232 non
2092 1187 2260 1231 staret
2279 1189 2489 1234 octona·

1422 1256 1552 1305 rius..
1582 1257 1816 1308 Fa'e'mus.

1484 1335 1873 1401 Apertesallere]
1896 1336 1992 1386 Διΐο
2013 1335 2072 1386 δι’
2096 1334 2214 1401 ivos,
2233 1337 2489 1402 etfallere,

1422 1417 1469 1462 et
1490 1419 1667 1475 aperte.
1700 1406 1959 1465 Donatus.

1486 1492 1549 1538 14
1584 1489 1772 1539 Saltem
1814 1491 2053 1555 accurate]
2098 1492 2236 1544 Mire
2281 1493 2487 1542 saltem.
2474 1509 2486 1522 ·

1420 1565 1559 1630 qnod
1584 1567 1792 1630 ponitur
1828 1568 1879 1616 in
1916 1567 2274 1631 desperatione
2299 1584 2489 1618 rerum.

1421 1642 1600 1693 Primo
1622 1643 1760 1695 enim
1785 1640 1959 1693 fuerat
1988 1645 2224 1694 hortatus
2264 1644 2489 1721 Davum,

1420 1727 1479 1766 nt
1503 1732 1605 1766 nou
1629 1725 1907 1768 conaretur
1924 1718 2124 1772 fallere.
2156 1700 2305 1772 Idem·

1486 1794 1672 1843 Saltem
1709 1795 1951 1859 accurate]
2001 1799 2188 1860 Ζεῦγμα
2219 1813 2251 1849 a
2289 1798 2490 1862 superi-

1421 1885 1532 1934 ore,
1542 1871 1748 1931 saliere·
1728 1874 1931 1937 incipias
1946 1891 1962 1924 .·
1987 1883 2076 1925 aut
2090 1885 2234 1927 certe
2254 1874 2491 1940 σύλληψις

1407 1947 1586 2008 fallere
1607 1950 1821 2011 incipias.
1857 1951 2023 2001 Idem.

1483 2027 1664 2076 Saltem
1704 2028 1945 2090 accio-ate]
1999 2029 2199 2080 Saltem
2240 2038 2492 2081 accurate

1416 2099 1651 2152 fallacias
1675 2098 2036 2154 te'intendisse
2071 2106 2323 2170 oportuit.
2360 2108 2488 2158 Far·

1417 2178 1602 2230 nabius.
2408 2233 2412 2237 .

1489 2256 1632 2306 Certe
1664 2258 1709 2307 si
1739 2256 2033 2321 resciverim]
2078 2258 2148 2307 Et
2186 2263 2356 2307 utrum
2390 2259 2519 2323 pro'

1420 2346 1538 2382 cum
1563 2335 1892 2385 resciverim:
1929 2349 1993 2384 an
2010 2330 2132 2399 quia
2153 2334 2374 2384 stultum
2403 2349 2490 2384 me

1421 2417 1575 2475 putas
1596 2412 1615 2460 Ρ
1638 2413 1874 2461 Donatus.

1440 2522 1447 2531 .
1488 2491 1550 2537 15
1590 2490 1731 2539 Certe
1753 2490 1905 2538 hercle
1925 2504 2048 2539 nunc
2071 2491 2147 2540 hic
2162 2490 2236 2555 se]
2272 2490 2392 2540 Hoc
2415 2491 2490 2541 ita

1421 2562 1633 2626 dicitur,
1676 2574 1737 2616 ut
1771 2566 1950 2616 audiat
1983 2576 2270 2632 spectator,
2305 2581 2405 2617 non
2431 2578 2491 2618 ut
2565 2621 2568 2628 k

1420 2639 1586 2689 Simo.
1621 2641 1776 2691 Idem.

1444 2763 1451 2766 ,
1491 2719 1634 2769 Certe
1673 2720 1842 2783 hercle,
1884 2721 1993 2784 8102]
2028 2721 2256 2772 Aversus
2300 2737 2330 2771 a
2365 2736 2489 2772 sene

1421 2796 1485 2844 ad
1510 2804 1856 2859 spectatores,
1874 2799 2007 2862 baec,
2030 2806 2086 2848 et
2121 2813 2252 2848 voce
2275 2799 2490 2858 submis-

1420 2886 1496 2933 sa,
1521 2873 1657 2923 unde
1700 2876 1920 2923 tacuisse
1956 2875 2162 2925 videtur
2204 2875 2317 2926 seni
2351 2891 2492 2941 quae-

1423 2949 1560 2997 renti
1583 2949 1697 3011 quid
1716 2955 1843 3000 taces
1855 2948 1881 3000 ἲ
1912 2951 2209 3002 Farnabius.

1486 3026 1690 3076 Edixin'
1714 3027 1824 3090 tibi]
1845 3028 1947 3077 Hic
1967 3028 2095 3076 illud
2118 3028 2311 3090 reddit,
2333 3027 2350 3056 ‘
2368 3028 2492 3082 Edi-

1422 3117 1486 3153 co
1511 3104 1607 3153 tibi
1632 3119 1696 3154 ue
1717 3114 1911 3154 temere
1936 3103 2137 3158 facias!
2167 3105 2404 3158 Donatus.

1446 3221 1451 3224 .
1483 3179 1674 3228 Edixin
1693 3178 1808 3241 tibi]
1842 3180 2010 3243 Supra
2042 3189 2146 3230 act.
2164 3193 2203 3230 1.
2241 3195 2315 3230 sc.
2339 3184 2387 3229 l.
2413 3196 2489 3230 vs.

1419 3260 1501 3307 33.
1534 3258 1549 3285 ‘
1569 3257 1675 3307 Sed
1707 3257 1827 3306 dico
1851 3256 1946 3305 tibi
1980 3271 2044 3306 ne
2070 3264 2274 3307 temere
2293 3255 2491 3318 facias.’

1423 3334 1682 3384 Boeclerus.
2341 3391 2350 3398 ,

1488 3416 1549 3460 15
1585 3410 1928 3460 Interminatus
1958 3408 2083 3473 sum]
2118 3409 2224 3457 Pro
2267 3408 2490 3459 minatus

1424 3502 1555 3536 snm.
1597 3486 1815 3536 Plautus
1838 3486 1890 3534 in
1904 3483 2078 3535 Aulul.
2111 3486 2126 3513 ‘
2144 3487 2409 3536 Praeterea
2426 3486 2491 3536 ti·

1423 3559 1668 3627 bicinam,
1699 3579 1813 3628 quae
1838 3561 1959 3612 mihi
2000 3562 2315 3612 interbibere
2364 3564 2495 3620 sola,

1422 3641 1465 3690 si
1512 3642 1632 3691 vino
1674 3649 1897 3701 scateat,
1934 3640 2348 3691 Corinthiensem
2375 3639 2493 3702 fon·

1421 3726 1529 3778 tem
1546 3729 1602 3769 et
1625 3719 1936 3783 Pyrenaeum
1953 3717 2161 3782 potest.’
2193 3718 2426 3768 Donatus.

1489 3798 1620 3846 Num
1657 3796 1855 3859 teritus]
1899 3796 2099 3844 Vei-etur
2137 3794 2291 3857 liber,
2324 3796 2493 3845 metuit

1425 3888 1635 3923 servus·
1695 3880 1751 3923 et
1799 3873 1948 3922 deest
1991 3887 2068 3921 es.-
2130 3878 2252 3935 apta
2296 3871 2492 3934 ellipsis

1424 3949 1689 4000 irascenti.
1745 3949 1911 4010 Alibi,
1961 3950 1977 3978 ⁴
2003 3948 2122 3998 Non
2170 3947 2490 3999 simultatem

1423 4040 1591 4075 meam
1615 4025 1900 4076 revereri?
1935 4026 2090 4075 Idem.

1492 4104 1623 4160 Quid
1647 4103 1839 4166 retulit]
1893 4100 2099 4164 Retulit,
2155 4097 2373 4165 profuit,
2409 4099 2490 4147 vel

1424 4178 1696 4238 interfuit.
1720 4186 1777 4230 et
1793 4180 2032 4245 producit
2051 4192 2106 4227 re
2128 4176 2409 4241 syllabam,
2435 4183 2495 4226 et

1425 4264 1506 4309 est
1547 4270 1761 4316 sensus.
1810 4256 1899 4308 Sic
1930 4252 2305 4318 contempsisti,
2346 4250 2492 4317 quasi
