3035 4941
716 384 1116 457 'Tenen'rn
1165 411 1447 463 enonas.
1492 413 1661 466 Αοτ.
1708 417 1755 465 ι.
1802 418 1908 468 sc.
1955 421 2057 469 iv.

286 547 430 600 cere,
468 553 638 607 neque
673 543 874 598 rursum
911 556 1229 613 praesentem·
1260 569 1349 619 op·

284 612 441 674 ⁴primi
462 630 493 664 a
509 623 743 680 patreex
758 633 1076 687 argumento.
1108 628 1349 682 Donatus.

355 685 516 753 Atque
530 708 646 755 opus
665 702 738 746 est
754 714 872 749 nunc
888 717 1029 765 quum
1049 706 1275 771 maxime,
1293 713 1350 757 ut

285 762 374 821 sis,
403 765 639 835 Antipho]
676 773 823 837 Apud
841 782 889 827 te
909 780 1233 834 subauditur.
1267 785 1347 834 Id.

353 843 420 890 28
453 843 586 893 Nam
606 850 653 896 si
682 854 880 902 senserit
902 860 950 904 te
970 856 1192 908 timidum
1208 865 1351 924 poter

284 931 408 981 esse,
443 921 756 976 arbitrabitur
783 934 1105 986 commisse
1138 937 1347 1002 eulpam]

281 992 373 1044 Sic
394 996 670 1051 Sallustius
706 1003 758 1052 in
795 1006 1052 1073 Historia,
1070 1012 1086 1039 ⁴
1106 1012 1194 1062 Ita
1215 1012 1346 1063 fidu·

284 1070 389 1135 cia,
435 1088 586 1139 quam
655 1086 975 1144 argumentis
1018 1089 1347 1153 purgatiores

284 1147 657 1204 dimittuntur.’
691 1157 843 1210 Idem.

350 1227 481 1277 Nam
511 1230 556 1301 si
585 1236 633 1281 te
663 1239 878 1285 senserit·
895 1238 1137 1303 timidum]
1197 1242 1345 1292 Timi-

281 1302 413 1365 ἀνω,
456 1319 552 1368 pro
594 1308 885 1364 timentem.
953 1315 1029 1366 Ut
1052 1318 1300 1382 Virgilius
1322 1335 1338 1371 t

279 1384 296 1405 ‘
315 1375 482 1430 Addit
504 1397 560 1433 se
582 1386 796 1450 sociam,
833 1389 1127 1458 timidisque
1162 1410 1344 1459 super-

281 1456 427 1506 venit
449 1459 631 1525 AEgle.'
678 1464 830 1516 Idem.

350 1535 689 1591 Commeruisse
740 1545 946 1610 eulpam]
1009 1547 1116 1599 Pro
1155 1551 1343 1601 comma·-

279 1611 421 1662 sisse.
452 1614 641 1665 Idem.·

346 1691 478 1741 Nam
495 1692 540 1741 si
557 1698 843 1762 tesenserit]
875 1699 1000 1751 0.1.
1023 1718 1066 1754 s.
1088 1710 1143 1754 et
1168 1705 1342 1755 Dona·

279 1772 384 1828 tus,
404 1779 515 1817 num
529 1771 573 1817 si
588 1774 789 1823 senserit
806 1780 875 1826 te.
894 1784 1022 1829 utet
1040 1781 1203 1845 exigit
1231 1797 1343 1832 ver·

279 1856 389 1892 sus.
425 1844 661 1898 Fa'e‘rnus.
738 1903 743 1907 ,

342 1922 408 1969 29
440 1920 551 1971 Hoc
572 1938 733 1975 verum
755 1926 852 1990 est]
906 1928 1148 1993 Congrue
1169 1930 1248 1989 fit.
1282 1939 1342 1984 ut

277 2002 336 2047 et
358 1996 498 2047 Geta
535 2004 591 2049 et
626 2000 871 2053 Phaedria
896 2006 1196 2058 audaciores
1220 2009 1343 2074 sint,

274 2072 367 2137 qui
402 2081 459 2123 et
493 2073 689 2140 absque
732 2093 906 2130 amore
942 2092 1093 2134 sunt:
1153 2077 1209 2134 et
1247 2086 1338 2135 hos

274 2154 489 2212 oportet
534 2150 690 2216 objici
733 2169 828 2219 pro
865 2156 1166 2223 Antiphone
1205 2162 1340 2213 irato

276 2225 409 2277 seni.
450 2225 690 2279 Donatus.
834 2277 837 2280 Α

343 2303 458 2353 Nou
491 2320 679 2369 possum
721 2308 1040 2375 imnmtaaeier]
1089 2313 1209 2363 Vim
1247 2328 1339 2365 ne·

274 2382 450 2446 gantis
473 2384 570 2434 hoc
592 2384 772 2449 habet,
807 2388 946 2453 quod
976 2389 1050 2441 ait
1071 2391 1338 2444 immutari-

272 2479 358 2515 er.-
403 2465 632 2517 ostendit
670 2467 806 2516 enim
836 2476 1040 2520 naturoe
1065 2487 1175 2522 suae
1201 2474 1339 2524 timi-

272 2540 497 2593 ditatem
540 2544 690 2594 nullis
727 2544 1174 2600 adhortationibus
1212 2551 1338 2617 ejici

275 2633 450 2682 posse.
486 2619 638 2671 Idem.

204 2694 209 2697 ’
337 2702 404 2748 30
440 2699 571 2756 Quid
592 2699 784 2759 faceres
815 2703 862 2752 si
881 2703 1012 2754 aluid
1029 2707 1229 2767 gravia
1247 2707 1340 2758 tibi

271 2788 398 2824 nune
421 2773 706 2835 faciundum
730 2778 891 2843 foret]
925 2782 1070 2832 Bene
1104 2783 1304 2846 gravius
1319 2799 1337 2834 s

270 2853 397 2917 quia
417 2853 513 2904 hoc
535 2867 689 2917 grave
712 2871 726 2904 x
761 2863 820 2905 ut
837 2857 1032 2922 videas,
1054 2860 1220 2924 ipsam
1246 2860 1336 2911 ad-

271 2930 620 2982 hortationem
642 2932 746 2982 vim
769 2932 957 2983 habere
979 2937 1336 3001 concedentis,

273 3022 436 3072 grave
459 3023 572 3059 esse
595 3009 729 3074 quod
755 3011 970 3074 geritur.
1004 3014 1155 3063 Idem.

339 3089 402 3135 31
442 3079 600 3142 Quum
614 3081 698 3136 liae
711 3102 804 3136 non
818 3102 1023 3151 possum,
1041 3090 1163 3139 illud
1182 3090 1338 3141 minus

268 3162 475 3227 possem]
513 3163 631 3213 Hoc
657 3164 850 3214 >intulit
876 3164 1004 3230 παρὰ
1038 3167 1334 3231 προσδοκίαν.

274 3240 414 3291 Nam
457 3239 738 3291 videbatur
780 3242 878 3295 hac
927 3243 1336 3307 interrogatione

274 3316 468 3369 adduci
492 3332 644 3382 posse
666 3318 733 3368 ad
766 3321 1074 3371 sententiam
1123 3337 1336 3386 percon-

273 3393 453 3444 tantis.
477 3401 531 3443 et
554 3393 666 3444 hoec
691 3410 772 3445 ars
796 3403 880 3447 est
908 3397 1193 3463 dialectica
1214 3413 1336 3448 con-

277 3478 362 3520 tra
383 3470 651 3532 ἑπαγονγὴν,
673 3488 828 3538 quum
851 3475 987 3525 male
1017 3475 1336 3538 responden·

205 3587 208 3589 Α
274 3547 367 3611 do,
396 3549 584 3599 callide
617 3551 983 3616 interrogantis
1001 3553 1335 3618 interrumpi-

274 3639 389 3677 mus
413 3633 790 3688 argumentum.
827 3629 978 3680 Idem.

343 3701 456 3751 Hoc
467 3703 587 3753 nihil
598 3709 685 3766 est,
705 3706 928 3758 Phaon—ia
945 3723 960 3755 .·
974 3707 1129 3772 ilicet]
1148 3709 1341 3759 Utrum

275 3779 367 3828 hoo
381 3779 688 3830 relativum?
713 3797 779 3830 an
813 3784 898 3834 hoc
927 3799 1044 3835 cum
1068 3792 1337 3850 contemp-

188 3888 202 3900 .
278 3863 356 3917 tu,
388 3869 501 3919 pro,
533 3857 638 3907 Hic
671 3857 901 3924 Antipho
935 3861 1058 3911 nihil
1098 3864 1210 3913 est?
1252 3863 1336 3913 Sic

277 3931 464 3981 Cicero
488 3933 540 3981 in
562 3934 814 3999 Verriuis,
845 3941 862 3965 ‘
883 3930 999 3993 Etsi
1021 3938 1119 3988 hoc
1147 3938 1338 4003 nescio,

274 4007 396 4072 quid
424 4016 722 4072 nugatorem
761 4011 1032 4063 sciebam?
1075 4028 1167 4079 pro
1197 4016 1336 4067 hune.

254 4084 506 4225 ‘IdJllineetJ
541 4162 762 4227 Semper
798 4164 928 4213 ilicet
961 4163 1119 4214 finem
1143 4167 1218 4217 rei
1241 4168 1338 4233 sig·

280 4234 477 4293 nificat,
503 4244 561 4287 ut
582 4243 741 4288 aetum
759 4245 849 4295 est.
891 4240 1061 4292 Idem.

344 4312 512 4378 Ilicet]
548 4315 655 4366 Per
675 4315 936 4378 συγκοπήν.
1004 4317 1093 4369 Sic
1125 4318 1335 4383 judices

2316 411 2488 479 1629

1427 556 1494 608 de
1530 560 1745 612 consilio
1782 559 2216 634 demittebantur,
2244 582 2489 633 suprema

1425 636 1569 688 dicta
1589 653 1743 703 quum
1776 655 1949 704 praeco
1977 644 2383 706 pronuntiasset,
2401 649 2488 699 ili-

1423 719 1499 763 cet
1519 731 1536 764 .·
1563 715 1700 778 quod
1724 716 1982 779 significat
2001 720 2073 769 ire
2093 721 2219 772 licet.
2250 723 2417 776 Idem.

1488 790 1652 855 Ilicet]
1705 792 1924 844 Frustra
1943 793 2057 850 haec
2080 812 2112 847 a
2134 798 2281 849 nobis
2303 800 2482 852 dicun·
2530 792 2535 801 ¹

1424 871 1530 928 tur,
1553 881 1636 916 res
1660 869 1984 921 conclamata
2006 880 2103 923 est.
2136 876 2239 938 vel,
2273 876 2356 927 hic
2376 877 2480 926 An-

1423 940 1570 1006 tipho
1607 943 1756 993 homo
1791 945 1917 996 nihil
1951 955 2055 1011 est,
2087 958 2261 1002 actum
2300 960 2382 1004 est
2414 955 2482 1007 de

1423 1019 1532 1069 illo.
1581 1020 1716 1070 Eun.
1738 1029 1843 1073 act.
1864 1037 1930 1073 n.
1953 1040 2028 1075 sc.
2050 1030 2098 1076 3.
2129 1028 2146 1056 ⁸
2163 1027 2320 1080 Ilicet
2339 1045 2353 1080 ε
2390 1030 2482 1082 de·

1421 1093 1533 1143 sine
1554 1110 1568 1145 z
1585 1094 1698 1158 jam
1721 1100 2097 1152 conclamatum
2116 1103 2236 1154 est!
2254 1105 2373 1156 vide
2391 1108 2482 1160 ibi.

1420 1171 1552 1221 Mer.
1581 1172 1896 1225 Casoubonus.

1485 1250 1550 1296 32
1588 1247 1718 1305 Quin
1739 1249 1876 1314 abeo]
1904 1251 2010 1303 I-Iic
2031 1257 2231 1306 terrore
2256 1270 2479 1311 commo-

1420 1331 1510 1373 vet
1548 1323 1917 1389 Antiphonem.
1956 1337 2011 1381 et
2048 1331 2163 1396 quin
2202 1333 2351 1398 dicit,
2381 1352 2479 1401 pro

1418 1417 1626 1454 curnam.
1662 1404 1918 1456 Donatus.

1483 1479 1556 1528 Et
1583 1480 1771 1543 quidem
1806 1481 1917 1545 ego]
1952 1483 2119 1548 Ordo,
2143 1487 2213 1537 Et
2247 1502 2343 1553 ego
2366 1490 2480 1554 qui·

1418 1554 1553 1604 dem.
1575 1565 1631 1606 et
1653 1557 1803 1607 deest
1822 1558 1951 1610 abeo.
1989 1561 2155 1613 Idem.

1484 1635 1548 1681 33
1583 1632 2039 1699 Quidsiussimulo]
2073 1637 2340 1692 Audacem
2376 1643 2475 1694 sci·
2564 1701 2579 1706 ,

1417 1705 1558 1758 lieet.
1592 1707 1740 1760 Idem.

1485 1782 1706 1846 Obsecro,
1726 1786 1839 1849 quid
1861 1787 1907 1835 si
1938 1790 2190 1840 assimulo?
2219 1792 2365 1842 sotin'
2381 1796 2475 1859 est]

1415 1855 1569 1909 Adeo
1592 1862 1786 1912 morale
1810 1863 1989 1914 vitium
2014 1873 2096 1916 est
2119 1882 2183 1915 ex
2206 1871 2488 1920 conscien-'

1416 1936 1492 1985 tia
1530 1951 1722 2001 pavor,
1748 1944 1806 1989 ut
1838 1940 1952 2004 ipse
1995 1957 2198 2008 quoque
2243 1943 2475 2012 Antipho

1413 2012 1614 2063 nitatur
1636 2022 1838 2080 contra,
1859 2033 2025 2083 neque
2056 2021 2330 2087 quicquam
2354 2038 2473 2089 pro-

1412 2096 1636 2142 moveat.
1669 2091 1817 2142 Idem.

1479 2166 1640 2218 Satin'
1676 2170 1770 2233 est]
1806 2171 1910 2221 Hic
1933 2172 2291 2223 locus-actoris
2314 2177 2472 2239 magis

1413 2258 1566 2309 quam
1611 2247 1821 2298 lectoris
1857 2255 1957 2300 est.
1998 2250 2293 2301 ostenditur
2333 2254 2471 2305 euim

1413 2322 1591 2372 conari
1613 2323 1681 2372 ad
1703 2325 2036 2377 simulandam
2063 2327 2348 2393 audaciam,
2370 2346 2473 2396 quo

1411 2398 1575 2460 magis
1609 2399 1829 2450 ridicula
1865 2409 1963 2466 est,
1984 2401 2316 2456 formidolosa
2354 2421 2472 2472 per-

1413 2489 1552 2525 sona.
1584 2477 1735 2528 Idem.

1474 2552 1635 2604 Satin’
1675 2554 1772 2618 est]
1827 2557 2043 2607 Vultum
2082 2560 2271 2624 mutat,
2307 2568 2362 2612 et
2403 2563 2470 2612 ad

1411 2630 1775 2681 confidentiam
1820 2648 1877 2683 se
1916 2639 2186 2700 componit
2220 2629 2452 2702 Antipho

1412 2715 1469 2757 ut
1491 2707 1760 2773 abeuntes,
1782 2718 1871 2760 aut
1896 2711 2041 2762 abire
2065 2713 2363 2765 simulantes
2389 2730 2471 2765 re·

1411 2786 1603 2836 tineat.
1645 2788 1774 2838 Mer.
1798 2789 2114 2845 Omnibonus.

1474 2863 1673 2928 Garris]
1708 2865 1895 2928 Nugae.
1929 2866 2081 2917 Idem.

1473 2943 1540 2989 34
1574 2940 1937 3004 Propemodum]
1971 2943 2041 2992 Et
2058 2943 2155 2994 hoc
2173 2959 2275 2995 non
2299 2946 2468 3010 plenae

1410 3008 1762 3075 consensionis
1798 3023 1897 3080 est,
1934 3019 2070 3084 quod
2112 3020 2187 3072 ait
2223 3036 2468 3085 propemo-

1411 3093 1543 3143 dum.
1581 3095 1845 3147 Donatus.
2479 3164 2484 3167 Ἴ

1472 3168 1563 3219 Sat
1586 3169 1682 3233 est]
1716 3171 1837 3220 Non
1862 3170 2013 3234 dixit,
2041 3172 2154 3223 bene
2174 3177 2264 3237 est,
2282 3173 2373 3223 sed
2393 3182 2472 3224 sat

1408 3250 1496 3295 est.
1529 3252 1586 3294 et
1622 3245 1743 3295 vide
1776 3247 1863 3296 vix
1903 3246 1968 3298 ad
2006 3247 2105 3299 hoc
2148 3250 2316 3314 ipsum
2354 3265 2468 3303 esse

1409 3328 1733 3386 perventum.
1770 3324 1920 3377 Idem.

1474 3403 1537 3449 35
1574 3400 1702 3449 Hem
1721 3401 1843 3451 istuc
1861 3401 2019 3466 serva]
2056 3403 2294 3454 Dicendo
2314 3420 2469 3468 serva,

1413 3476 1641 3526 ostendit
1656 3477 1765 3540 jam
1791 3477 2023 3542 incipere
2046 3478 2306 3544 deperire,
2327 3483 2464 3546 quod

1410 3548 1563 3599 fiuxit
1586 3559 1740 3616 atque
1764 3555 2083 3605 assimulavit
2106 3557 2353 3607 audaciae.
2389 3552 2482 3608 Id.

1475 3627 1610 3677 Hem
1648 3628 1771 3678 istuc
1805 3644 1938 3680 serva
1954 3649 1971 3682 .·
2004 3639 2052 3683 et
2088 3634 2277 3684 verbum
2312 3633 2469 3698 verbo,

1405 3718 1497 3767 por
1522 3705 1710 3768 pariat
1742 3708 2043 3771 respondeas]
2075 3708 2468 3771 Animadverte,

1412 3786 1468 3830 et
1490 3780 1617 3845 quid
1638 3780 1823 3831 doceat
1845 3791 1901 3833 et
1922 3785 2363 3837 commachinetur
2386 3802 2465 3836 ar-

1413 3855 1545 3907 tifex
1577 3856 1751 3921 poeta,
1774 3860 1860 3922 qui
1896 3860 2130 3911 debitum
2166 3862 2354 3912 reddat
2384 3877 2467 3912 re·

1412 3934 1506 3984 hus
1524 3943 1682 3999 atque
1697 3936 1956 3998 'pei-souis.
1989 3939 2137 3989 Idem.

1482 4013 1680 4063 Verbum
1698 4012 1856 4076 verbo,
1877 4027 1968 4076 par
1989 4015 2121 4078 puri]
2154 4016 2275 4078 Duo
2298 4016 2464 4066 dixit:

1410 4103 1512 4138 nou
1529 4094 1729 4139 tantum
1750 4088 1938 4145 verbum
1955 4092 2111 4153 verbo,
2128 4092 2219 4141 sed
2237 4107 2330 4155 par
2340 4093 2468 4154 pari.

1411 4165 1579 4215 Idem.

1484 4244 1691 4295 Verbum
1726 4244 1887 4308 verbo,
1924 4260 2015 4309 par
2046 4246 2157 4310 pari
2189 4250 2243 4294 at
2279 4259 2465 4307 respon-

1409 4319 1545 4384 deas]
1578 4321 1719 4373 Quid
1741 4322 1839 4373 hoc
1860 4321 1946 4387 sit,
1967 4336 2069 4374 non
2092 4321 2273 4373 melius
2294 4326 2469 4384 potest
