3035 4941
743 408 1107 456 TERENTn
1161 409 1445 457 PHORM.
1494 409 1660 457 AcT.
1712 410 1790 456 11.
1838 410 1940 457 SC.
1990 410 2100 457 111.

335 551 657 620 plerumque.
691 552 928 608 Donatus.

403 627 532 677 Ruri
558 628 668 689 fere
709 644 759 677 se
800 629 1091 693 continebat]
1136 632 1396 694 Expresse

334 705 569 758 ostendit
590 706 850 756 miseriam
871 706 1105 770 hominia,
1127 707 1214 772 qui
1237 708 1288 756 in
1312 722 1396 755 ur-

329 782 402 832 be
445 790 607 836 natus,
654 783 999 838 interdixerat
1041 784 1142 834 sibi
1185 800 1395 835 accessu

338 862 469 925 ejuS,
500 863 568 913 ob
603 864 853 928 pudorem
892 865 1112 931 inopiae:
1150 882 1269 916 uam
1300 869 1394 930 hoc

336 939 600 1004 significat
654 943 953 994 continebat:
1009 945 1145 995 unde
1185 949 1397 996 contenti

335 1018 597 1081 dicuutur,
617 1020 668 1068 in
692 1022 836 1070 malis
856 1021 1121 1072 durantes.
1171 1023 1288 1073 Hoc
1311 1039 1395 1073 au-

334 1103 442 1146 tem
466 1103 671 1147 veteres
691 1096 958 1148 faciebant
979 1099 1198 1162 nobiles,
1237 1114 1392 1163 quum

326 1172 401 1223 ad
427 1179 786 1237 paupertatem
811 1175 1014 1224 redacti
1033 1181 1220 1225 essent.
1244 1175 1395 1225 Idem.

325 1270 332 1280 ¹
401 1250 530 1299 Ruri
549 1249 662 1310 fere
679 1265 732 1299 ee
751 1251 1038 1315 continebat]
1071 1252 1323 1301 Continere
1343 1266 1393 1303 se

324 1328 548 1393 -dicitur,
599 1329 687 1394 qui
731 1337 918 1379 contra
971 1330 1289 1381 voluntatem
1334 1345 1390 1380 se

334 1405 590 1455 continet.
625 1405 775 1455 Idem.

423 1486 484 1531 18
541 1481 796 1531 Colendum
847 1481 1068 1545 habebat]
1124 1483 1392 1547 Virgilius,

329 1561 345 1586 ⁴
373 1559 748 1624 conductaque
770 1566 921 1623 pater
943 1547 1127 1610 tellure
1146 1560 1390 1610 serebat?

331 1636 482 1686 Idem.

380 1713 536 1776 -Soepe
569 1714 751 1763 interea
784 1712 905 1762 mihi
945 1727 1089 1763 senex
1137 1713 1388 1777 narrabat]

332 1789 706 1853 Miserabiliter
720 1797 780 1840 et
799 1789 1051 1840 invidiose
1072 1792 1294 1854 positum
1316 1807 1389 1842 ee-

320 1882 451 1918 nex:
486 1876 540 1918 et
580 1868 778 1932 majore
819 1866 925 1928 fide
967 1868 1193 1918 mrrabat
1235 1868 1388 1931 dixit,

329 1959 430 1994 non
465 1946 759 2010 querebatur.
827 1946 896 1995 Et
940 1944 1058 1993 vide
1099 1945 1390 2008 congestio-

316 2035 447 2070 nem
492 2027 935 2084 argumentorum.
1003 2020 1074 2070 Et
1115 2020 1243 2070 ordo
1288 2028 1387 2083 est,

328 2096 469 2161 Soepe
488 2097 712 2147 narrabat
733 2111 878 2146 eenex
899 2096 1020 2145 hune
1040 2110 1178 2144 sunm
1214 2111 1386 2158 cogna-

325 2179 429 2224 tum
450 2189 499 2225 se
519 2174 784 2238 negligere.
817 2173 985 2223 Idem.

318 2275 321 2276 ⁷
392 2252 532 2316 Soepe
568 2252 750 2302 interea
793 2251 915 2301 mihi
950 2264 1099 2300 senex
1130 2250 1386 2315 nanabat]

326 2328 507 2378 Habet
524 2327 929 2379 misericordiam
947 2326 1121 2377 odiosa
1140 2326 1386 2377 narratio.

328 2404 483 2455 Idem.

394 2487 456 2532 19
480 2482 542 2532 Se
557 2482 676 2533 hunc
696 2482 940 2546 negligere
960 2487 1210 2545 cognatum
1227 2481 1387 2547 enum]

316 2562 622 2626 Ἀμφιβολία.
655 2562 749 2613 sed
778 2563 842 2622 ,in
875 2577 1029 2614 sensu
1067 2563 1384 2614 dissolvitur.

326 2639 480 2690 Idem.

394 2712 829 2779 Cognatum-suum]
849 2715 964 2765 Hoc
980 2715 1175 2766 crimen
1191 2723 1245 2767 et
1266 2731 1386 2766 cau-

321 2807 377 2842 sa
402 2801 502 2853 eat,
521 2792 659 2856 quod
682 2797 934 2853 cognatum
957 2793 1177 2843 addidit.
1215 2794 1367 2844 Idem.

389 2870 453 2919 Se
493 2869 612 2920 hunc
654 2869 895 2931 negligere
939 2875 1189 2932 cognatum
1228 2871 1385 2934 snum]

317 2945 623 3008 Ἀμφιβολία,
660 2946 727 2995 ob
766 2945 896 2994 duos
937 2945 1101 3011 (quod
1141 2945 1386 3011 frequens

257 3064 263 3073 .
320 3022 428 3085 est)
485 3021 827 3072 accusativos.
891 3022 1020 3072 ordo
1079 3023 1382 3072 verborum:

322 3095 468 3150 Hunc
511 3105 763 3158 cognatum
802 3112 940 3148 snum
977 3098 1382 3164 (Demiphonem

318 3176 462 3239 scil.)
496 3177 738 3239 negligere
764 3190 831 3226 se.
866 3175 1002 3227 Mer.
1027 3175 1381 3229 easaubonus.

385 3257 450 3302 20
483 3254 553 3302 At
588 3267 726 3316 quem
762 3251 939 3314 virum]
974 3250 1209 3302 Qualitas
1248 3251 1382 3315 inju-

319 3329 411 3378 rioe
452 3345 480 3378 a
513 3328 769 3393 dignitate
793 3342 1049 3390 personae.
1077 3327 1221 3377 multi
1247 3330 1380 3378 enim

321 3408 453 3457 tales
485 3405 636 3467 fiunt,
678 3413 739 3455 ut
773 3405 1070 3469 cognitione
1108 3403 1381 3454 abdicandi

310 3483 440 3533 sint.
476 3484 714 3533 Donatus.

383 3561 454 3610 At
472 3574 605 3623 quem
619 3557 799 3622 viram]
835 3559 967 3608 Eun.
991 3564 1094 3607 act.
1120 3570 1207 3607 ιιι.
1237 3573 1310 3606 sc.
1331 3563 1379 3608 5.

317 3640 334 3667 ‘
363 3636 437 3687 At
473 3649 623 3700 quem
669 3637 869 3685 Deum!
904 3633 990 3699 qui
1030 3635 1223 3698 templa
1261 3635 1379 3683 coeli

321 3726 520 3763 summa
542 3711 716 3761 souitu
741 3712 1008 3761 concutit.’
1042 3711 1173 3761 Mer.
1199 3712 1378 3760 Casan-

319 3793 483 3842 bonus.
911 3785 917 3789 ’

387 3869 539 3924 Quem
571 3881 659 3928 ego
691 3864 890 3914 viderim
919 3865 972 3915 in
1002 3865 1102 3915 vita
1123 3869 1375 3933 optimum]

318 3945 480 3995 Modo
503 3944 555 3993 in
579 3943 685 3992 vita
707 3956 768 3992 ac
789 3943 1036 3992 moribus.
1095 3946 1161 3993 Et
1184 3947 1236 3994 in
1258 3948 1381 4010 vita,

316 4024 416 4071 hoc
441 4026 541 4082 est,
573 4034 728 4084 quum
754 4017 971 4080 viveret,
995 4026 1051 4067 et
1082 4020 1131 4068 in
1157 4036 1218 4070 eo
1241 4023 1377 4087 quod

317 4114 349 4149 a
373 4100 488 4148 vivo
510 4095 590 4147 fit.
625 4098 862 4160 Donatus.

390 4176 543 4232 Quem
569 4189 655 4235 ego
682 4171 881 4221 viderim
911 4171 963 4220 in
995 4173 1097 4220 vita
1127 4175 1377 4239 optimum]

321 4250 482 4301 Modo
523 4251 576 4299 in
617 4248 737 4304 vita.
778 4247 830 4296 in
866 4255 1004 4311 actu,
1045 4249 1096 4297 in
1132 4251 1381 4304 moribus.

324 4331 474 4381 Idem.

2363 395 2535 476 1653

1537 558 1598 603 21
1644 553 1817 604 Videas
1862 560 1927 616 te,
1971 560 2112 619 atque
2151 554 2306 619 illum]
2342 554 2534 622 Melina

1471 631 1570 684 hoc
1592 630 1731 679 clare
1755 630 1952 680 dictum
1986 644 2016 679 a
2050 645 2202 680 servo
2238 630 2536 695 accipimus,

1472 715 1532 756 ut
1586 707 1885 757 defendisse
1935 708 2199 758 dominum
2252 708 2534 780 videretur.

1471 787 1629 836 Idem.

1545 862 1716 913 Videas
1761 870 1828 926 te,
1869 870 2013 928 atque
2054 864 2222 928 illum.
2248 870 2304 914 ut
2338 864 2533 929 narras]

1473 939 1594 991 Hoc
1627 949 1728 1004 est,
1758 949 2028 1007 parentem
2066 950 2117 992 te
2154 944 2231 993 illi
2271 944 2531 1007 existimo,
2609 969 2612 970 ⁷

1468 1024 1628 1079 atque
1651 1018 1792 1067 illum
1828 1019 1941 1078 tibi.
2011 1018 2094 1069 An
2132 1021 2303 1083 potius
2337 1035 2535 1085 servite,

1469 1094 1639 1143 sciens
1660 1094 1792 1147 hanc
1820 1110 2092 1158 personam
2112 1096 2258 1161 fingi,
2278 1098 2359 1146 vel
2386 1105 2532 1148 certe

1468 1171 1629 1219 etiam
1644 1178 1902 1221 mortuum
1920 1171 2175 1224 hominem
2192 1173 2387 1236 induci,
2400 1176 2531 1224 male

1469 1254 1718 1311 precatur
1761 1250 2021 1313 parasito:
2089 1258 2147 1300 ut
2194 1252 2351 1300 etiam
2398 1243 2531 1317 inse,

1469 1333 1561 1374 aut
1598 1340 1845 1391 nusquam
1880 1328 1964 1388 sit,
1998 1334 2058 1377 ut
2093 1327 2276 1378 fictus:
2318 1335 2407 1377 aut
2442 1344 2530 1392 pc·

1466 1409 1602 1465 reat,
1637 1410 1695 1451 ut
1720 1405 1988 1454 mortuus?
2058 1403 2138 1456 An
2163 1404 2235 1455 sic
2268 1406 2529 1470 accipien-

1466 1478 1620 1529 dum?
1652 1487 1711 1530 ut
1753 1496 1934 1531 servus
1972 1482 2226 1534 submissa
2264 1499 2391 1534 voce
2430 1484 2531 1533 hoc

1466 1571 1563 1620 per
1573 1557 1751 1620 jocum
1777 1559 1985 1620 dixerit,
2011 1559 2239 1609 Tantum
2264 1559 2315 1608 in
2343 1560 2451 1619 vita
2476 1568 2529 1610 te

1466 1632 1644 1682 videas
1660 1633 1931 1697 optimum,
1953 1649 2106 1699 quam
2130 1634 2232 1686 fuit
2250 1635 2357 1698 ille,
2376 1652 2528 1700 quem

1463 1722 1664 1759 narras.
1746 1710 1831 1760 An
1870 1711 1945 1762 sic
1992 1712 2419 1777 intelligendum?
2470 1723 2529 1766 ut

1464 1798 1642 1837 servus
1684 1787 1784 1840 hoc
1829 1787 1986 1852 dicat,
2028 1790 2085 1839 Si
2129 1791 2380 1854 optimum
2425 1799 2527 1855 est,
2580 1822 2583 1827 -

1465 1864 1661 1913 victum
1698 1880 1857 1928 opera
1892 1881 2147 1931 quaerere,
2178 1874 2235 1917 et
2269 1869 2320 1917 iu
2359 1870 2528 1920 alieno

1466 1955 1589 2002 agro
1626 1956 1761 2005 esse,
1799 1943 1872 1991 ita
1911 1946 1962 1992 te
2002 1942 2178 1994 videas
2202 1950 2358 2009 atque
2381 1946 2525 1995 illum

1466 2018 1661 2083 vidisti,
1694 2034 1843 2083 quem
1866 2019 1930 2070 ad
1954 2021 2093 2075 hunc
2115 2022 2324 2076 modum
2349 2037 2526 2076 narras

1463 2097 1657 2147 vivere.
1725 2099 1796 2148 Et
1818 2099 1995 2150 allusit
2019 2099 2082 2148 ad
2103 2098 2250 2162 illud,
2275 2100 2412 2164 qnod
2434 2100 2527 2162 ait,

1427 2215 1431 2219 .
1464 2174 1478 2200 ‘
1501 2173 1668 2225 Quem
1691 2188 1788 2238 ego
1808 2174 2023 2226 viderim
2043 2174 2096 2226 in
2121 2176 2224 2226 vita
2242 2176 2530 2241 optimum!

1462 2250 1616 2302 Idem.

1536 2331 1713 2394 Videas
1734 2337 1797 2393 te,
1812 2337 1954 2397 atque
1974 2332 2133 2395 illum]
2155 2333 2345 2396 Deest,
2364 2334 2526 2383 Vidis-

1460 2407 1532 2457 ti:
1567 2408 1674 2458 scit
1691 2408 1825 2457 enim
1848 2408 1992 2459 illum
2032 2423 2132 2459 non
2170 2424 2296 2460 vera
2329 2409 2524 2463 dicere.

1461 2485 1615 2535 Idem.
2259 2530 2262 2531 γ

1534 2562 1707 2612 Videas
1723 2568 1772 2613 te
1794 2568 1935 2627 atque
1953 2562 2105 2631 illum,
2123 2569 2177 2614 ut
2197 2567 2389 2630 narras]
2416 2567 2523 2616 Nu·

1454 2654 1644 2703 garum
1667 2640 1823 2704 plena
1844 2641 2012 2690 omnia
2042 2643 2180 2706 apud
2214 2652 2421 2694 veteres
2444 2645 2521 2693 in-

1462 2726 1746 2781 terpreteS.
1781 2733 1947 2784 neque
1963 2720 2202 2784 juniores
2225 2724 2353 2773 talia
2375 2721 2521 2775 adfess

1460 2801 1600 2857 runt,
1636 2796 1819 2860 quibus
1856 2797 2042 2846 merito
2073 2800 2389 2864 acquiesce&
2455 2800 2520 2850 Id

1460 2873 1667 2921 interea
1706 2888 1771 2921 ex
1808 2873 2143 2938 sequentibus
2188 2883 2389 2925 certum
2426 2882 2524 2939 est,

1459 2962 1562 2996 non
1588 2947 1651 2996 de
1678 2948 2022 3012 Demiphone,
2048 2950 2138 2999 sed
2163 2949 2229 3000 de
2249 2952 2519 3016 Stilphone

1460 3026 1646 3077 Getam
1669 3027 1752 3075 hic
1778 3027 1938 3091 loqui.
1974 3030 2232 3081 Boeclerue.

1532 3103 1703 3152 Videas
1727 3109 1792 3165 te,
1813 3110 1951 3169 atque
1972 3107 2125 3172 illum]
2149 3108 2281 3158 Eun.
2307 3117 2411 3158 act.
2434 3124 2519 3162 111.

1455 3182 1507 3228 2.
1542 3182 1557 3206 ‘
1586 3179 1722 3229 Hem
1747 3181 1993 3230 alterum!
2051 3184 2131 3232 Ex
2154 3185 2357 3235 homine
2382 3186 2518 3236 hunc

1456 3262 1632 3304 natum
1657 3255 1830 3305 dicas!
1867 3259 1991 3307 Mer.
2018 3259 2336 3311 casaubonus.

1522 3333 1584 3382 In
1605 3334 1777 3382 malam
1798 3335 2001 3398 crucem]
2021 3334 2422 3397 Adverbialiter‚
2442 3348 2519 3404 ut,

1452 3410 1542 3459 hnc
1564 3410 1766 3470 viciniae.
1803 3411 2050 3463 Donatus.

1517 3490 1583 3534 22
1609 3489 1735 3535 Nam
1754 3487 1806 3536 ni
1823 3488 1894 3537 ita
1917 3503 2022 3538 eum
2042 3489 2409 3556 existimassem]
2441 3492 2518 3542 Ut

1454 3563 1565 3613 vita
1589 3565 1837 3626 optimum
1854 3565 2165 3629 judicarem.
2199 3570 2349 3620 Idem.

1527 3642 1779 3704 Nunquam
1801 3649 1901 3692 tam
1917 3643 2114 3707 graves]
2138 3645 2254 3693 Hoc
2272 3660 2371 3695 non
2395 3662 2517 3710 qua-

1453 3719 1497 3767 si
1544 3718 1770 3776 timidus,
1822 3719 1910 3767 sed
1954 3721 2102 3784 quasi
2146 3722 2417 3783 religiosus
2461 3730 2516 3774 et

1452 3794 1641 3856 fidelis,
1658 3795 1889 3859 loquitur
1910 3797 2171 3848 Phormio.
2206 3798 2357 3849 Idem.

1517 3874 1582 3922 23
1622 3871 1698 3920 Ob
1719 3871 1863 3934 hanc]
1897 3872 2167 3936 Tanquam
2200 3888 2425 3936 praesens
2450 3876 2517 3926 sit

1452 3947 1656 4009 mulier,
1692 3947 1756 3996 de
1802 3962 1901 4011 qua
1944 3948 2005 3995 lis
2046 3956 2156 4008 θεῖς
2192 3950 2265 3998 sic
2302 3949 2514 4001 demon·

1451 4024 1670 4075 strativa
1713 4023 1969 4087 particula
2002 4038 2118 4072 usus
2154 4032 2253 4088 est,
2292 4026 2516 4077 dicendo

1453 4101 1590 4150 hane.
1624 4100 1788 4150 Idem.

1524 4175 1765 4241 Obbane]
1800 4176 1863 4225 Id
1904 4184 2005 4240 est,
2053 4191 2147 4241 pro
2186 4175 2292 4227 filia
2334 4179 2515 4243 ipsius.

1458 4252 1611 4303 Idem.

1457 4393 1465 4399 .
1524 4329 2070 4396 Inimicitiae-operm]
2086 4331 2263 4396 Capere
2279 4331 2520 4401 dicimus,
