3035 4941
539 382 901 433 'rmum'rn
951 381 1584 431 HEAUTON'HMOR.
1631 383 1796 431 Ac‘r.
1850 384 1913 431 V.
1960 382 2066 432 Sc.
2112 383 2224 431 111.

296 539 515 590 quarum
537 539 825 576 mensuram
860 532 915 576 et
945 525 1149 576 modum
1174 531 1346 576 custo-

294 603 414 652 dire
453 603 591 653 inter
626 610 763 653 artes
798 603 968 667 poetae
991 612 1091 655 est.
1164 605 1346 668 Neque

296 679 442 729 nulla
487 682 621 746 ratio
663 680 859 741 subest,
903 681 1039 730 inter
1082 682 1346 744 perculsos

295 770 356 814 re
405 753 597 812 atroci,
634 763 690 806 et
734 758 910 821 paucis
951 758 1140 820 verbis,
1185 758 1346 807 multo

290 829 493 881 affectu
508 830 830 883 festinantes.
897 835 1107 883 Frustra
1119 834 1203 884 bic
1220 848 1347 884 non·

291 922 452 960 nemo
474 906 825 958 confusionem
857 912 1166 973 suspicatur,
1195 917 1251 960 et
1281 910 1347 959 ad

288 998 509 1056 scenam
530 994 832 1051 sequentem
855 987 1092 1050 requirit,
1122 988 1209 1051 qui
1234 987 1347 1051 jam

290 1062 395 1111 bac
440 1075 595 1111 scena
635 1062 883 1112 Sostratae
937 1062 1004 1112 de
1056 1065 1347 1128 suspicione

294 1138 611 1204 Clitiphonis
635 1127 871 1202 potuerit
885 1145 1122 1190 constare
1139 1141 1158 1189 ?

364 1216 431 1266 In
474 1216 625 1265 senili
663 1216 762 1265 hoc
795 1215 991 1279 jurgio,
1034 1217 1157 1281 quin
1197 1216 1347 1282 justo

291 1290 560 1351 duriorem
594 1307 651 1342 se
684 1292 921 1355 prebeat
953 1292 1202 1343 adversus
1224 1308 1347 1343 uxo·

291 1383 407 1417 rem
453 1369 717 1427 Chremes,
764 1369 946 1433 negari
1010 1383 1110 1418 non
1154 1377 1348 1433 potest.

292 1442 476 1509 Atque
500 1445 612 1493 iilos
646 1446 783 1509 ipsos
815 1459 1131 1497 morosorum
1168 1446 1348 1496 adver·

291 1536 381 1588 sus
427 1536 613 1571 uxores
654 1537 832 1572 senum
877 1538 1042 1573 mores
1073 1525 1347 1588 aliquoties

292 1597 509 1648 videtur
524 1601 759 1662 κωμῳδεῖν
778 1599 933 1664 poeta
954 1607 1144 1651 noster.
1168 1602 1348 1653 Βασκ-

288 1688 393 1725 rus.

355 1755 391 1804 2
424 1751 574 1815 quue
596 1754 709 1801 adeo
728 1753 892 1817 unirer,
924 1753 1170 1819 quomodo]
1192 1755 1347 1805 Hunc

290 1841 503 1886 versum
543 1828 820 1879 dimetrum
861 1830 1128 1880 iambicum
1167 1834 1233 1881 ab
1265 1847 1347 1883 ce·

292 1904 427 1953 teris
450 1918 775 1969 separamus:
814 1908 1008 1971 reliqua
1039 1914 1100 1957 ut
1132 1908 1185 1957 in
1218 1909 1347 1958 libro

291 1980 573 2042 Bembino,
609 1981 662 2030 in
699 1998 800 2047 quo
838 1990 940 2044 est,
969 1984 1155 2046 Pergin
1176 1986 1348 2035 mulier

292 2049 460 2104 odiosa
503 2053 638 2106 esse?
675 2057 726 2106 in
776 2059 865 2106 bos
912 2073 1090 2107 versus
1137 2068 1350 2108 octona·

293 2131 404 2180 rios
438 2132 687 2183 iambicos
719 2134 1034 2194 ordinamus,
1065 2143 1269 2183 servata
1293 2149 1346 2184 e·

292 2206 424 2257 tiam
458 2210 800 2261 collocatione
831 2211 1030 2260 illorum
1051 2211 1351 2274 verborum,

293 2299 415 2348 qnae
480 2293 564 2335 est
624 2286 676 2335 in
735 2287 956 2352 antiquis
1016 2287 1179 2348 libris,
1230 2289 1349 2338 milti

275 2360 442 2419 fueris
497 2363 802 2412 adversatrix
819 2381 836 2414 .-
885 2365 989 2414 ΟΠ.
1030 2364 1218 2427 Pergin
1246 2381 1347 2415 mst-

291 2437 385 2495 lier
425 2438 585 2488 odiosa
617 2444 747 2490 esse?
796 2441 974 2490 nalem
1018 2454 1077 2492 ne
1118 2456 1206 2504 ego
1247 2456 1350 2493 rem

293 2530 515 2579 unquam
544 2516 596 2566 in
633 2517 736 2566 rita
769 2533 870 2567 mea
898 2517 1050 2580 Volui,
1080 2520 1193 2582 quin
1223 2525 1278 2571 tu
1296 2520 1351 2571 its

289 2607 350 2641 sa
370 2607 424 2642 re
445 2593 733 2653 mihisueris
763 2594 1065 2645 adcor-utrix
1086 2596 1310 2647 Sostrata
1323 2594 1350 2648 2²

293 2669 543 2721 Faernus.

358 2750 393 2795 4
427 2745 633 2808 Pergin’
654 2748 822 2798 mulier
842 2749 963 2813 esse]
999 2749 1133 2799 Sunt
1166 2751 1253 2815 qui
1274 2751 1348 2800 le·

268 2864 273 2867 A
295 2828 447 2889 gunt,
462 2822 651 2886 pergin'
674 2825 844 2874 mulier
858 2826 1017 2875 odiosa
1033 2831 1161 2876 esse?
1181 2828 1349 2877 ‘odio-

295 2912 356 2947 sa
375 2896 389 2919 ⁹
424 2900 623 2949 tollitur
646 2916 676 2949 a
694 2901 930 2950 Fabricio
965 2910 1210 2967 tanquam
1238 2919 1349 2961 sur·

295 2974 584 3037 reptitium.
645 2976 785 3026 Satis
819 2985 903 3026 est
936 2977 978 3026 si
1014 2978 1159 3027 sexui
1183 2978 1348 3043 impu-

296 3057 443 3099 tetur
478 3052 757 3115 impotens,
788 3053 1172 3117 intempestiva,
1200 3062 1255 3105 et
1272 3065 1351 3106 te-

293 3132 524 3180 meraria
544 3131 820 3196 sapientia.
861 3133 1036 3184 Plaut.
1052 3135 1225 3184 Casiu.
1244 3143 1348 3185 act.

294 3221 363 3257 11.
389 3222 463 3257 sc.
485 3212 533 3262 2.
565 3212 581 3237 ⁸
601 3209 629 3258 l
651 3207 809 3269 foras,
830 3210 1013 3259 mulier
1035 3209 1127 3260 es.’
1162 3211 1349 3261 Far-ua·

294 3283 420 3333 bins.

363 3365 395 3407 5
433 3359 564 3416 Quin
583 3365 639 3409 tu
658 3359 710 3409 in
731 3376 787 3410 ea
807 3375 859 3410 re
880 3361 998 3411 nihi
1006 3361 1168 3422 fueris
1187 3366 1351 3414 adver·

292 3435 479 3499 satri-1]
544 3436 680 3485 vide
733 3438 1111 3490 Chrestomath.
1197 3441 1353 3503 Apud

295 3513 549 3562 Plautum
573 3514 853 3577 opponitur
882 3516 1192 3576 assentatrix,
1213 3517 1355 3566 Mos·

293 3588 511 3649 tellaria
531 3603 569 3639 ι.
589 3593 639 3639 3.
675 3594 788 3640 100.
821 3591 837 3618 ‘
860 3591 1012 3641 Nunc
1045 3594 1355 3642 assentatrix

292 3666 521 3721 scelesta
542 3674 638 3727 est,
658 3665 849 3716 dudum
868 3667 1186 3718 adversatrix
1211 3669 1357 3720 erat!

295 3742 563 3793 Boeclerus.
1082 3784 1086 3788 Α

365 3825 399 3869 6
430 3819 505 3869 At
533 3820 580 3868 si
616 3820 844 3885 rogitem]
875 3820 1042 3872 Quam
1078 3823 1238 3873 stulta
1267 3823 1357 3887 sis,

295 3899 565 3962 perspice.
617 3895 755 3948 Quid
772 3895 958 3948 faciam
983 3898 1146 3961 vides,
1164 3914 1256 3949 cur
1278 3897 1358 3948 fa·

297 3975 436 4023 ciam
461 3973 650 4036 nescis,
672 3972 811 4022 unde
831 3974 987 4024 stulte
1005 3975 1220 4027 resistis.
1257 3977 1357 4025 Eu·

293 4049 550 4113 graphius.
818 4102 826 4109 ,

366 4129 396 4175 7
432 4126 541 4187 Ego
560 4121 753 4177 nescio?
785 4125 925 4175 immo
943 4126 1038 4175 scis
1059 4126 1242 4190 potius]
1289 4126 1359 4178 11-

298 4201 417 4267 lnd,
429 4216 518 4263 ego
531 4203 706 4264 neseio,
719 4203 805 4252 vel
822 4202 1062 4254 dolenter
1076 4211 1132 4254 et
1149 4204 1363 4267 ἐμπαθεῖς

298 4277 673 4347 proferendum
704 4286 811 4343 est,
843 4286 902 4330 nt
934 4280 1248 4339 contrarium
1286 4283 1363 4332 in-

2308 367 2481 434 1383

1424 523 1722 588 telligatur:
1750 524 1855 587 vel,
1874 524 2011 589 qnod
2032 524 2482 589 simpliciusvide-

1423 608 1526 663 tur,
1557 600 1694 650 idem
1715 614 1892 650 sensus
1914 601 2322 664 interrogatione
2345 600 2481 652 effici

1421 676 1615 728 debete
1649 693 1735 739 ego
1756 678 1943 728 nexio?
1973 679 2114 729 itane
2150 694 2245 743 ego
2282 680 2481 742 nescio,

1421 753 1545 819 'quid
1569 754 1757 804 facias?
1786 756 1839 804 in
1875 769 1931 805 rc
1966 755 2168 806 scilicet
2199 763 2303 813 tam
2325 756 2483 805 mani·

1419 829 1575 882 festae
1599 831 1917 883 acerbitatis.
1970 831 2154 898 Atque
2175 833 2230 883 in
2252 833 2350 882 bac
2372 847 2485 884 sen·

1421 910 1604 971 tentia,
1626 909 1942 972 Calpitnrnio
1962 909 2119 958 etiam
2142 908 2383 973 probata,
2403 909 2484 962 ni-

1421 985 1491 1033 hil
1526 999 1656 1049 opus
1693 991 1773 1035 est
1802 985 2183 1048 emendatione,
2216 991 2308 1036 aut
2345 999 2485 1035 com-

1420 1061 1708 1110 mutatione
1734 1062 1822 1111 τοῦ
1842 1063 1994 1112 nescio
2016 1061 2067 1110 in
2099 1062 2324 1123 κοιοίαπι,
2350 1062 2486 1111 invi-

1424 1136 1490 1184 tis
1529 1135 1814 1186 codicibus.
1881 1138 2191 1201 Respondet
2236 1139 2483 1188 Chremes

1423 1212 1672 1262 iracunda
1706 1215 2062 1277 concessione,
2085 1214 2229 1264 immo
2269 1215 2366 1265 scis
2401 1230 2487 1279 po-

1423 1290 1540 1353 tins,
1560 1305 1700 1354 qaam
1729 1291 1917 1355 quidem
1952 1294 2114 1342 redeat
2144 1294 2211 1341 ad
2245 1293 2486 1354 integrm

1422 1371 1584 1418 eadem
1618 1370 1790 1421 oratio.
1834 1370 1868 1421 i.
1890 1387 1936 1420 e.
1966 1371 2146 1420 desine
2181 1372 2333 1420 modo
2362 1385 2485 1420 con·

1422 1446 1710 1509 tradicere;
1745 1461 1844 1497 non
1869 1447 1989 1497 dico
2009 1449 2123 1513 jam
2158 1454 2212 1497 te
2245 1447 2449 1498 nescire
2468 1464 2483 1495 ε

1420 1523 1544 1588 quin
1568 1525 1687 1587 scis,
1706 1523 2016 1590 (εἰρωνικῦω
2037 1524 2156 1588 quin
2177 1531 2232 1574 te
2250 1524 2385 1576 scire
2407 1521 2485 1572 fa-

1422 1607 1537 1650 teor
1575 1601 1768 1664 potius,
1805 1616 1957 1666 quam
2002 1607 2060 1650 nt
2094 1599 2275 1650 cadem
2314 1599 2487 1649 oratio

1421 1676 1826 1741 redintegretur,
1866 1691 2018 1741 quam
2053 1681 2113 1725 nt
2146 1674 2348 1725 iteratis
2383 1674 2487 1723 tuis

1420 1753 1919 1803 contradictionibus
1958 1767 2042 1802 me
2082 1750 2358 1802 obtundas.
2422 1749 2490 1800 Τὸ

1418 1832 1511 1880 scis
1533 1832 1659 1880 nihil
1683 1830 1996 1881 incommodi
2032 1829 2115 1877 hic
2134 1827 2319 1877 habet:
2342 1828 2488 1876 vultu

1420 1909 1709 1972 praesertim
1735 1915 1790 1958 et
1822 1905 2247 1971 pronuntiatione
2270 1903 2485 1968 figuram

1421 1983 1812 2046 affirmantibus,
1853 1989 1909 2033 et
1950 1981 2166 2031 formam
2208 1981 2274 2045 τῇ
2311 1977 2489 2043 διανοίᾳ

1420 2060 1777 2121 largientibus.
1812 2060 2079 2110 Boeclerus.

1485 2137 1597 2197 Ego
1618 2134 1796 2198 nescio]
1828 2134 2056 2186 Ironice.
2092 2130 2379 2182 Farnobium

1485 2217 1520 2261 8
1552 2213 1734 2261 Εαάεηι
1750 2211 1927 2275 oratio]
1960 2211 2178 2261 Sensum
2199 2209 2335 2258 bunc
2358 2212 2488 2272 puto

1421 2303 1536 2338 esse
1555 2289 1733 2338 horum
1748 2287 2040 2350 verborum,
2055 2295 2111 2336 ut
2131 2286 2368 2336 Sostrata
2390 2299 2488 2349 per

1422 2369 1882 2433 interrogationem
1913 2368 2143 2429 dicente,
2162 2380 2262 2431 ego
2295 2366 2491 2428 nescio,

1421 2447 1537 2512 ipse
1555 2445 1786 2498 fateatur
1808 2460 1920 2496 eam
1952 2445 2088 2496 scire
2118 2444 2315 2509 potius,
2334 2456 2487 2508 qnam

1424 2523 1642 2588 amplius
1673 2537 1832 2587 super
1860 2523 1955 2572 hac
1988 2536 2044 2571 re
2066 2519 2488 2571 contendendum

1424 2599 1512 2663 sit,
1547 2606 1610 2650 et
1640 2599 1819 2650 cadem
1858 2598 2025 2648 oratio
2058 2597 2302 2662 utrinqne
2338 2609 2490 2658 repe-

1426 2677 1601 2727 tenda.
1634 2675 1938 2726 ‘Subditum
1955 2688 2012 2723 se
2036 2673 2349 2736 suspicatur.
2383 2671 2492 2722 Cn.

1423 2754 1713 2805 subditum!
1750 2754 1833 2803 ain
1858 2753 1948 2802 tu?
1988 2753 2083 2804 So.
2108 2754 2253 2802 certe
2283 2751 2491 2815 inquam

1424 2831 1495 2879 mi
1516 2830 1628 2880 vir!
1679 2830 1902 2879 Faernus.

1490 2912 1539 2957 9.
1582 2911 1643 2956 lo
1681 2906 1759 2957 01:
1787 2905 1977 2969 iniquus
2009 2919 2076 2961 ss,
2114 2904 2196 2968 qui
2228 2918 2304 2952 me
2336 2907 2491 2953 tacere

1424 2985 1484 3034 de
1519 2999 1572 3033 rs
1593 2989 1634 3033 t.
1657 2999 1709 3045 p.
1740 2997 1836 3031 nors
1853 2978 2062 3045 postulo]
2097 2980 2160 3029 In
2193 2980 2273 3028 bis
2295 2978 2487 3041 verbis,

1425 3059 1576 3124 κρίσις
1595 3060 1682 3109 τοῦ
1701 3058 1838 3117 ἤθους
1864 3057 2164 3107 continetur
2186 3057 2239 3105 in
2261 3057 2359 3107 ltac
2377 3071 2490 3106 sce·

1427 3151 1494 3185 na
1509 3153 1524 3184 ι
1547 3136 1684 3200 quod
1711 3135 2010 3199 plerumque
2032 3134 2168 3182 solet
2188 3130 2366 3183 facere
2388 3134 2492 3182 Te·

1427 3212 1624 3262 rentius
1675 3210 1926 3275 singulari
1978 3210 2270 3273 diligentia.
2352 3208 2494 3258 Satis

1427 3296 1509 3340 est
1528 3288 1688 3338 semel
1711 3287 1966 3337 monuisse
1988 3300 2097 3335 rem
2131 3300 2233 3337 non
2265 3285 2492 3349 vulgaris
2567 3330 2568 3337 ,

1427 3363 1824 3417 observationis.
1868 3363 2132 3415 Boeclem.

1496 3447 1554 3492 ll
1597 3441 1794 3505 Verum]
1846 3439 1892 3488 1.
1913 3454 1963 3489 e.
2002 3439 2229 3489 omnino.
2293 3439 2489 3488 Verum

1429 3525 1533 3582 est,
1555 3518 1692 3584 quod
1718 3518 1826 3568 dixi
1848 3532 1933 3568 me
1955 3516 2236 3567 facturum.
2278 3517 2427 3567 Idem.

1496 3602 1560 3648 12
1590 3595 1842 3645 Subditum
1860 3611 1912 3646 se
1931 3596 2220 3659 suspicatur]
2257 3594 2363 3645 Hic
2375 3593 2489 3658 jam

1429 3674 1847 3738 intelligendum,
1859 3674 2066 3724 venisse
2089 3673 2493 3728 adolescentem,

1431 3760 1485 3803 et
1507 3751 1682 3813 matri,
1703 3752 1802 3800 hoc
1825 3757 1927 3807 est,
1949 3749 2145 3799 mitiori
2166 3750 2229 3798 de
2263 3748 2493 3812 parenti-

1430 3830 1547 3892 bus,
1558 3843 1700 3878 suam
1718 3827 2063 3892 suspicionem
2080 3826 2358 3875 indicasse.
2390 3825 2493 3873 Eu-

1495 3980 1755 4031 Subditum
1805 3992 1855 4027 se
1905 3975 2194 4040 suspicatm]
2249 3976 2494 4025 Omnium

1433 4061 1764 4122 scriptorum,
1788 4070 1916 4120 quos
1939 4053 2172 4117 legerim,
2198 4051 2496 4115 prudentis-

1434 4135 1618 4184 simum
1640 4130 1795 4181 fuisse
1815 4129 2039 4179 arbitror
2060 4126 2387 4177 'ferentium
2410 4140 2494 4175 ve·

1436 4218 1577 4260 teres
1598 4209 1651 4258 in
1671 4222 1734 4257 eo
1754 4213 1919 4255 artem
1944 4203 2208 4267 pracipue
2234 4214 2494 4251 commen-

1437 4286 1589 4336 dant.
1650 4284 1722 4334 Et
1739 4288 1911 4335 tamen
1932 4281 2029 4335 boc
2049 4281 2165 4331 loco
2191 4277 2244 4330 id
2279 4292 2375 4343 ego
2407 4279 2494 4328 lio·
