3035 4941
538 355 713 421 1278

545 559 550 562 Α
616 514 684 563 Ut
717 524 818 560 cam
840 507 1077 572 cognorit]
1111 506 1354 556 Suaviter
1373 519 1473 553 non
1498 505 1598 553 No-

543 593 682 653 verit,
723 590 815 639 sed
861 589 1113 651 cognorit,
1149 588 1302 649 dixit,
1338 585 1475 650 qnod
1519 590 1601 633 est

542 669 713 731 plena:
735 666 1092 730 perspicaciae.
1128 665 1278 714 Idem.

607 741 806 792 Mature
828 747 880 792 ut
902 757 1005 791 um
1020 740 1257 804 cognorit]
1289 740 1432 788 Bene
1456 737 1603 787 addi-

542 819 620 874 dit
640 820 854 868 Mature.
921 819 1056 867 Fere
1096 818 1234 866 enim
1274 818 1379 866 cito
1415 829 1604 877 cogno·

543 898 678 946 visse
721 896 931 946 obfuit:
967 896 1058 945 sed
1098 896 1152 945 id
1193 897 1257 945 ad
1298 896 1603 945 illecebram

543 971 803 1038 fuitqnod
827 970 857 1001 ⁶
891 973 1133 1036 cognitus
1156 980 1237 1023 est
1261 973 1382 1022 cito.
1419 973 1571 1021 Idem.

611 1052 674 1098 12
698 1048 818 1104 Quoe
837 1048 1086 1107 demseris
1100 1050 1234 1114 sant]
1261 1048 1415 1112 Apud
1435 1060 1605 1097 aman·

546 1129 628 1171 tes
645 1123 860 1172 scilicet.
880 1123 1032 1174 Idem,

611 1200 754 1249 Nihil
793 1201 981 1249 videtur
1018 1201 1254 1265 mundius]
1287 1202 1434 1251 Bene
1464 1201 1606 1251 Vide-

543 1281 660 1328 tur:
684 1291 785 1325 non
803 1277 938 1325 enim
960 1286 1098 1328 sunt.
1131 1279 1285 1328 Idem.

613 1352 755 1403 Nile-‘2
776 1352 957 1404 ridetur
988 1356 1229 1419 mundius]
1266 1356 1401 1406 Nam
1423 1355 1439 1385 ‘
1455 1354 1608 1404 Mun·

546 1431 674 1482 ditia
697 1433 948 1482 illecebra
985 1439 1069 1482 est
1104 1434 1275 1482 animo
1304 1431 1608 1482 amantum!

548 1509 721 1559 Plant.
744 1509 1054 1559 Menaecbm.
1093 1523 1156 1558 11.
1191 1514 1239 1560 3.
1274 1514 1324 1559 4.
1360 1509 1609 1571 pertinet·

547 1602 648 1649 que
670 1585 771 1634 buc
806 1584 936 1634 tund
970 1579 1207 1635 Lucretii
1241 1586 1333 1635 lib.
1356 1600 1431 1635 w.
1464 1584 1611 1634 ‘Nec

546 1663 793 1712 divinitus
834 1662 1111 1724 interdum,
1161 1664 1485 1727 Venerisque
1529 1678 1609 1711 sa-

541 1740 714 1800 gittis,
738 1740 1009 1789 Deteriore
1030 1738 1087 1789 fit
1116 1745 1174 1789 ut
1189 1739 1359 1790 forma
1401 1740 1608 1788 mulier-

548 1817 667 1865 eula
690 1823 920 1866 ametur:
956 1816 1091 1865 Nam
1114 1815 1240 1865 facit
1262 1816 1374 1879 ipsa
1395 1816 1500 1864 suis
1533 1815 1610 1863 in-

549 1892 752 1941 terdum
776 1890 988 1941 foemina
1025 1890 1202 1955 factis,
1229 1893 1610 1956 Morigerisque

546 1968 713 2019 modis
743 1977 800 2019 et
842 1968 1033 2018 mundo
1067 1969 1298 2033 corporis
1325 1969 1490 2024 cultu,
1537 1968 1611 2017 Ut

548 2044 701 2094 facile
729 2045 987 2106 insuescat
1024 2059 1196 2095 secum
1222 2046 1299 2094 vir
1320 2046 1509 2108 degere
1537 2044 1611 2093 vi·

551 2127 672 2171 tam.
701 2119 714 2139 ’
736 2120 797 2169 1n
817 2120 1015 2170 duobus
1037 2122 1243 2184 optimis
1265 2122 1393 2170 Mss.
1418 2120 1609 2170 codici-

548 2196 665 2258 bus,
687 2212 813 2261 quos
859 2197 911 2244 in
949 2198 1303 2246 serenissimae
1325 2197 1611 2246 Suet-orum

548 2273 770 2336 Regina:
799 2272 1124 2322 Bibliotheca
1145 2274 1336 2323 contuli
1362 2287 1479 2322 cum
1502 2272 1614 2321 edi-

548 2350 638 2407 tis,
672 2348 895 2411 legitur:
930 2351 945 2377 ‘
965 2350 1038 2399 Et
1061 2349 1247 2398 munde
1270 2362 1490 2412 corpore
1503 2349 1612 2398 cul-

550 2425 644 2476 to.'
677 2427 946 2477 Baeczerun
1446 2437 1454 2444 ·

618 2505 738 2558 Quoe
769 2507 897 2566 dam,
924 2503 1353 2568 &c.]·Elegantiae
1378 2503 1614 2553 meretri·

550 2595 685 2642 cum,
737 2578 865 2629 foris
905 2580 1221 2629 amatoribus
1256 2579 1460 2644 quando
1511 2595 1614 2629 coe-

550 2664 697 2719 nant,
731 2657 784 2706 in
811 2657 970 2720 victu,
996 2657 1206 2718 vestitu,
1229 2664 1432 2721 ornatu,
1453 2670 1615 2720 oppo-

548 2735 629 2783 nit
651 2734 949 2798 ingluviem,
970 2733 1167 2792 sordes,
1196 2735 1437 2798 inopiam,
1474 2734 1616 2783 domi

550 2810 808 2860 ubisnnt.
845 2810 1129 2860 Farnobium.

618 2889 680 2934 13
716 2887 821 2935 Nec
847 2887 1004 2948 nangis
1022 2886 1324 2950 compositum
1338 2887 1614 2951 quidquam]

552 2963 700 3011 Bona
738 2962 984 3012 varietas.
1022 2978 1137 3012 nam
1163 2964 1277 3014 haec
1311 2967 1486 3014 omnia
1519 2979 1616 3027 per

550 3039 707 3102 magis
728 3040 1031 3089 adverbium
1052 3039 1289 3104 profert:
1322 3056 1420 3090 nec
1440 3042 1616 3091 omnia

554 3132 650 3181 per
672 3119 1084 3182 comparativum
1108 3119 1342 3181 gradum.
1379 3120 1618 3168 Donatus.

599 3196 723 3244 ·Nee
772 3196 928 3258 magis
958 3195 1169 3258 elegans]
1203 3196 1355 3245 More
1399 3211 1510 3259 suo,
1551 3210 1617 3245 ne

552 3271 758 3321 diceret
794 3272 1131 3334 compositius
1176 3279 1268 3321 ant
1310 3273 1619 3337 elegantius,

552 3355 612 3397 ut
627 3362 798 3412 supra,
816 3349 831 3379 ‘
860 3348 977 3396 Hoc
1000 3362 1149 3397 nemo
1170 3348 1269 3398 fuit
1290 3349 1456 3398 minus
1472 3349 1619 3412 inep-

554 3430 660 3486 tus,
680 3426 845 3484 magis
867 3424 1115 3474 severus!
1146 3426 1297 3475 Idem.

620 3502 681 3548 14
719 3500 841 3554 Quoe
860 3515 965 3549 cum
985 3506 1211 3550 mature
1244 3517 1328 3552 suo
1360 3517 1501 3565 quum
1535 3517 1621 3550 coe·

552 3574 695 3637 nant]
768 3576 938 3627 Unum
988 3577 1109 3625 Cam
1160 3579 1461 3642 praepositio
1507 3585 1617 3628 est:

554 3650 774 3702 alterum
816 3655 1127 3715 conjunctio.
1162 3660 1219 3704 et
1269 3655 1466 3705 dicitur
1510 3655 1622 3707 haec

553 3728 722 3794 figura
755 3728 1023 3789 λειπότης.
1048 3731 1200 3780 Idem.

563 3850 569 3855 ,
618 3806 902 3870 Ligurium]
934 3804 1055 3855 Ἀπὸ
1072 3808 1158 3855 τοῦ
1174 3808 1369 3870 λιγυροῦ
1387 3807 1523 3872 quod
1540 3822 1621 3856 se·

555 3884 777 3934 cundum
823 3883 1038 3933 Gra-cos
1097 3898 1252 3932 suave
1298 3883 1622 3945 intelligitur.

553 3959 784 4022 Ligur-ire
851 3960 1065 4020 dicitur,
1108 3961 1195 4024 qui
1245 3961 1514 4023 eleganter
1568 3966 1622 4008 et

555 4051 699 4086 more.
722 4051 902 4086 senum
942 4038 1107 4086 multo
1144 4036 1354 4087 fastidio
1384 4037 1623 4087 suaviora

556 4127 775 4176 quaeque
800 4114 1059 4176 degustat.
1082 4114 1232 4162 Idem.

565 4228 570 4233 .
623 4192 683 4247 14
708 4189 994 4252 Ligur-iant]
1014 4189 1325 4253 Exemplum
1350 4190 1512 4253 probe
1537 4188 1622 4239 de-

557 4263 811 4327 scriptum
830 4266 947 4315 vide
965 4267 1018 4316 in
1044 4266 1439 4317 Heautont.111.
1466 4271 1515 4319 1.
1535 4271 1619 4317 48.

1240 365 1456 415 No'rAE
1505 363 1909 412 VARtORUM
1961 363 2040 409 IN

1671 505 1769 552 διο.
1794 504 2053 554 Boeclerus.
2542 517 2543 522 ’

1738 579 2022 644 Liguriam]
2056 580 2321 640 Delicta»,
2366 596 2481 632 cnm
2522 580 2731 630 delectu

1675 660 1729 703 et
1751 654 1961 704 fastidio
1981 657 2219 707 suaviora
2233 673 2456 722 quaeque
2481 657 2732 717 delibant,

1676 732 2005 796 ‘Tangentes
2038 736 2172 784 male
2211 736 2417 799 singula
2449 736 2604 785 dente
2650 748 2737 781 sn-

1675 811 1878 874 perbo!
1915 814 2153 871 Horatdl.
2173 828 2235 863 ιι.
2254 816 2368 865 Sat.
2383 819 2437 864 6.
2456 812 2741 863 famatus.

1744 892 1802 935 15
1839 887 2032 937 Harum
2067 889 2228 939 videre
2269 890 2553 953 ingluviem]
2588 889 2738 938 Ordo

1677 972 1812 1025 erat,
1849 964 2040 1014 Horam
2074 966 2233 1015 videre
2278 966 2550 1031 ingluviem,
2563 967 2742 1027 sordes,

1676 1039 1883 1103 inopiam
1895 1056 2048 1104 ‚quam
2062 1042 2322 1091 inhonesto.
2338 1045 2452 1092 soloe
2471 1044 2571 1092 sint
2590 1042 2745 1091 domi.-

1679 1117 1733 1165 id
1757 1123 1854 1175 est,
1878 1133 1993 1168 cum
2033 1121 2156 1168 solae
2192 1119 2316 1180 sint,
2357 1127 2416 1170 ut
2437 1121 2745 1177 inhonestae‚

1681 1185 1838 1257 atque
1873 1194 2039 1244 avidae
2079 1195 2219 1245 cibi:
2269 1211 2386 1261 quoe
2414 1211 2568 1260 quum
2611 1194 2744 1246 foris

1681 1276 1821 1332 sunt,
1837 1278 2045 1320 coenant
2061 1273 2287 1323 scilicet.
2322 1274 2561 1323 Donatus.

1746 1348 1937 1398 Harum
1979 1350 2139 1400 videre
2184 1351 2465 1415 ingluviem]
2505 1351 2568 1401 In
2614 1349 2748 1400 antl-

1683 1425 1943 1490 quissimis
1959 1427 2102 1476 libris
2127 1429 2348 1491 positum
2364 1429 2486 1492 legi,
2505 1421 2750 1477 inluviem.

1685 1502 1755 1551 Et
1792 1502 1841 1550 id
1879 1502 2046 1565 ipsum
2095 1503 2225 1553 vidit
2266 1504 2517 1553 Faernus.
2583 1504 2669 1554 Ita
2694 1510 2750 1552 et

1684 1578 2010 1628 scribendum
2030 1597 2046 1641 ;
2072 1581 2262 1645 alioqui
2283 1581 2362 1629 bis
2385 1580 2522 1629 idem
2545 1579 2749 1629 diceret

1682 1656 1998 1706 Terentius:
2036 1657 2183 1706 addit
2220 1659 2379 1719 enim,
2415 1663 2556 1722 atque
2593 1658 2751 1707 avida·
2788 1715 2793 1718 ¹

1682 1731 1792 1780 cibi.
1856 1733 1997 1781 Dein
2020 1740 2073 1781 et
2097 1733 2148 1781 id
2175 1735 2407 1797 postulat
2430 1734 2568 1795 ratio
2589 1747 2751 1799 oppo-

1682 1809 1917 1859 sitorum.
1949 1809 2125 1861 Faber.
2369 1799 2379 1813 ’

1748 1886 1941 1934 Horum
1958 1888 2123 1936 cidere
2138 1886 2417 1951 ingluviem,
2450 1887 2631 1948 sordes,
2651 1886 2755 1935 ino·

1679 1963 1830 2026 piam]
1865 1963 2212 2013 Paucissimos
2235 1964 2394 2013 libros
2418 1965 2649 2026 scriptos
2680 1962 2755 2010 in·

1689 2040 1887 2102 venias,
1909 2041 1960 2089 in
1998 2040 2185 2104 quibus
2224 2055 2318 2103 pro
2351 2041 2611 2101 ingluviem
2648 2054 2752 2089 non

1684 2120 1891 2181 legatur
1928 2120 2155 2182 illuviem,
2195 2121 2279 2169 vel
2319 2120 2564 2183 inluviem,
2603 2127 2664 2169 nt
2706 2120 2755 2168 in

1690 2200 1928 2249 omnibus
1963 2200 2205 2265 antiquis.
2243 2208 2301 2250 et
2333 2202 2552 2251 sancita
2575 2202 2754 2266 legen·

1689 2275 1807 2324 dnm
1833 2290 1944 2325 esse
1964 2273 2125 2325 ‘etiam
2165 2277 2280 2340 ipsa
2297 2277 2658 2340 oppositorum
2680 2290 2757 2325 ra-

1691 2351 1765 2401 tio
1795 2352 2025 2417 ordoque
2059 2352 2306 2403 ostendit.
2331 2353 2432 2402 dno
2467 2353 2653 2404 attulit
2675 2351 2756 2402 snss

1688 2442 1799 2492 pra,
1820 2443 1936 2494 quoe
1973 2429 2025 2478 in
2057 2428 2421 2480 meretricibus
2458 2430 2655 2481 decora
2686 2428 2760 2481 vif

1693 2504 1944 2566 deantur3
1977 2505 2298 2568 munditiem,
2333 2507 2464 2556 etin
2504 2505 2759 2571 capiendo

1693 2580 1809 2630 cibo
1841 2581 2151 2630 modestiam
2179 2598 2194 2635 ε
2251 2583 2392 2632 illam
2430 2583 2643 2649 quidem
2677 2581 2762 2632 nbi

1691 2656 1845 2719 dixit,
1861 2658 2014 2706 ‘nihil
2033 2658 2240 2708 videtur
2259 2652 2521 2722 mundius,
2543 2673 2645 2710 nec
2662 2672 2763 2708 ma·

1691 2734 1770 2797 gis
1791 2734 2132 2797 compositum
2157 2735 2454 2798 quicquam,
2474 2749 2574 2786 nec
2596 2735 2760 2798 magis

1691 2811 1902 2874 elegans
1922 2810 1955 2857 ε’
1986 2811 2120 2860 hanc
2159 2825 2282 2860 vero
2303 2811 2407 2860 ibi:
2446 2813 2462 2840 ‘
2484 2813 2619 2864 Quae
2643 2826 2758 2862 cum

1689 2891 1918 2936 amatore
1957 2900 2073 2935 cum
2110 2893 2303 2937 cenant
2346 2888 2664 2952 ligustium?
2694 2886 2758 2937 ad

1689 2976 1807 3026 quae
1829 2976 1966 3011 nunc
1985 2963 2167 3012 eodem
2186 2964 2299 3027 ipso
2317 2964 2500 3014 ordine
2523 2980 2626 3029 qno
2643 2979 2760 3029 pro·

1690 3039 1866 3101 posita
1902 3045 2039 3097 sunt,
2103 3041 2420 3104 respondet:
2478 3039 2759 3091 mundiciei

1691 3114 1917 3181 quidem,
1931 3116 2645 3181 inluviem,sordes,inopiam
2670 3132 2759 3181 op·

1694 3207 1922 3256 ponens;
1946 3193 2216 3243 modestiae
2243 3208 2364 3242 vero
2389 3195 2441 3242 in
2466 3194 2587 3243 cibo
2622 3191 2760 3257 capi·

1694 3268 2188 3332 endo,inhouestam
2212 3270 2573 3333 voracitatem,
2607 3283 2757 3335 qnam

1695 3345 1896 3395 duobus
1918 3345 2151 3394 versibus
2162 3345 2242 3395 bis
2264 3345 2544 3415 describit:
2561 3349 2577 3376 ‘
2593 3348 2758 3399 Quam

1693 3422 1974 3472 inhonesta:
1998 3423 2122 3473 solae
2140 3424 2243 3474 sint
2258 3424 2395 3473 domi
2411 3431 2572 3489 atque
2595 3423 2759 3474 avida:

1695 3499 1818 3550 cibi.
1885 3499 2004 3551 Quo
2045 3506 2203 3564 pacto
2250 3515 2317 3550 ex
2348 3501 2472 3566 jure
2517 3501 2759 3563 hesterno

1698 3591 1886 3640 panem
1910 3583 2079 3625 atrum
2101 3576 2328 3627 vorent.’
2344 3590 2460 3626 esse
2479 3586 2655 3627 autem
2671 3590 2760 3639 op-

1698 3655 1870 3718 posita
1892 3653 2204 3704 mundiciem
2241 3659 2298 3703 et
2333 3653 2585 3703 inluviem
2610 3669 2674 3703 ex
2698 3651 2757 3701 eo'

1696 3732 1882 3796 liquet,
1919 3732 2057 3796 quod
2081 3746 2177 3796 per
2199 3731 2448 3781 inluviem
2473 3729 2757 3785 immundus

1698 3809 1812 3871 quis
1834 3809 2043 3858 dicitur.
2108 3808 2382 3858 Terentius
2405 3808 2458 3857 in
2477 3809 2759 3858 Heautont.

1694 3887 1710 3914 ‘
1728 3885 1988 3948 Neglecta
2017 3885 2281 3935 immunda
2316 3884 2548 3935 inluvie!
2595 3881 2761 3944 virgi·

1698 3961 1829 4011 lius:
1865 3963 1881 3990 ‘
1906 3961 2070 4010 Foeda
2103 3960 2344 4012 illuvies!
2410 3961 2566 4014 Quod
2606 3960 2649 4009 si
2689 3959 2758 4006 in·
2817 4003 2820 4007 ,

1692 4038 1905 4099 gluviem
1937 4039 2097 4102 legas,
2132 4045 2484 4103 praeterquam
2510 4036 2648 4102 quod
2670 4048 2756 4098 op·

1697 4115 1980 4177 positorum
2006 4115 2137 4165 ordo
2175 4130 2280 4166 non
2315 4123 2636 4172 servaretur,
2665 4111 2758 4162 eti·

1697 4205 1781 4240 am
1814 4190 1866 4239 in
1889 4192 1986 4242 boc
2010 4191 2169 4255 poeta
2201 4199 2470 4257 peccaret,
2504 4191 2754 4257 quodnec

1693 4267 1748 4316 in
1772 4268 1944 4320 electo
1972 4269 2185 4333 quidem
2225 4268 2293 4320 ab
2329 4282 2386 4319 se
2413 4267 2596 4320 ordine
2634 4280 2750 4332 per-
