3035 4941
641 448 1007 499 TERRN'rlt
1058 448 1399 499 ADELPm
1437 450 1601 499 Ac'r.
1649 453 1722 501 V.
1769 451 1872 502 Sc.
1923 453 2031 501 IX·

2262 436 2434 503 1507

265 592 400 657 bent,
418 607 513 651 oro,
527 604 594 642 ex
616 592 797 654 glossis.¹
815 607 892 643 vs.
908 596 990 642 2⁵.
1012 591 1115 643 duo
1132 608 1146 642 ε
1158 590 1306 654 frugi
1380 557 1559 657 prave,
1580 608 1675 658 pro
1695 593 1859 646 bonis.
1892 596 2041 647 Idem.
2107 597 2114 603 '

263 670 384 718 homo
403 684 467 718 es.
501 677 557 718 et
577 683 695 717 mox
720 668 819 717 duo
834 686 850 719 ι
879 670 1033 732 primo
1053 671 1306 718 comm.

266 759 334 794 vs.
350 748 430 793 26.
445 743 575 794 duo:
598 758 626 791 o
645 744 713 792 mi
725 744 977 808 pons-vva.
994 748 1077 794 2⁷.
1098 758 1306 794 omnes:

271 835 407 869 mores
437 836 499 869 m.
530 824 634 869 tuos
651 819 846 871 Demea.
883 835 958 871 vs.
990 825 1074 871 28.
1097 834 1308 870 omnes:

1450 671 1573 727 Quoe
1605 671 1743 735 potui
1779 672 1955 735 munia]
1994 674 2138 722 Bene
2177 671 2323 737 ‘quae
2347 684 2440 734 po·

1383 746 1507 797 tui:'
1528 750 1671 812 quasi
1697 751 1846 814 plura
1870 752 2042 801 vellet.
2083 751 2232 800 Idem,

1445 830 1477 873 7
1513 826 1612 876 Res
1654 828 1870 891 apparet]
1917 827 2055 877 Mire
2099 825 2284 876 irridet
2332 824 2440 874 De-

265 900 377 961 qaod
392 898 665 961 proluvium.
692 913 767 949 vs.
794 903 873 949 31.
898 900 1030 949 duo:
1054 901 1309 950 sedassent.
1384 916 1517 962 mea,
1555 903 1631 951 sic
1653 911 1826 952 tamen
1850 908 1910 951 ut
1930 903 2064 952 serio
2086 915 2240 966 agere
2266 900 2444 950 videa·

269 989 335 1025 vs.
358 978 437 1024 32.
459 975 591 1024 duo:
616 975 837 1025 AEschine
858 982 946 1026 est.
981 991 1057 1027 vs.
1074 979 1156 1026 ³8.
1181 977 1309 1026 duos

264 1051 365 1113 qnia
393 1065 484 1099 non
518 1052 616 1101 ista
648 1051 845 1112 injusta.
883 1068 956 1103 vs.
983 1057 1065 1103 39.
1101 1068 1310 1104 omnes:

1387 987 1489 1029 tur.
1523 979 1676 1029 Idem·

1454 1054 1575 1103 Cum
1621 1054 1752 1120 fide]
1808 1055 1915 1106 Alii
1952 1071 2048 1106 scr.
2084 1056 2309 1106 obsonare
2336 1071 2442 1105 cum

265 1127 369 1189 quid
387 1126 643 1190 opussacto
665 1134 748 1176 est.
775 1142 850 1177 vs.
876 1133 959 1179 40.
992 1129 1129 1180 duo:
1162 1130 1314 1181 valete
1371 1131 1496 1197 fide.
1532 1133 1832 1183 Farnobius.

261 1203 473 1264 plaudite.
495 1218 654 1253 unus:
690 1206 840 1253 valete
861 1210 909 1254 et
927 1206 1159 1269 plaudite.
1193 1206 1311 1255 13oe-

270 1279 445 1328 clerus.

326 1358 347 1403 l
382 1355 580 1405 Factum
599 1360 672 1405 est
692 1356 965 1419 quodjuti,
989 1356 1192 1422 Demea]
1247 1356 1312 1408 Id

265 1438 355 1487 est,
379 1430 550 1481 diruta
573 1438 652 1482 est
674 1433 915 1483 maceria.
951 1434 1184 1483 Donatus·

320 1513 349 1558 2
387 1509 543 1573 Frugi
564 1511 696 1560 homo
716 1511 790 1575 es]
832 1510 1014 1573 Utilis,
1038 1518 1095 1560 ut
1117 1509 1315 1576 fruges.

270 1585 409 1637 Idem.
596 1602 602 1609 ·

326 1668 516 1731 AEdepol
554 1668 692 1718 hodie
727 1683 829 1718 meu
865 1668 1050 1732 quidem
1080 1666 1318 1718 sententia

263 1741 423 1792 Jadico
444 1744 750 1810 Symmfieri
771 1760 872 1796 esse
886 1761 1073 1809 oeqwm
1094 1744 1317 1808 liberum]

266 1817 372 1868 Hoc
403 1822 644 1886 estquod
670 1822 974 1886 jamdudum
1010 1823 1319 1887 promiserat

265 1893 420 1957 Syro:
460 1897 548 1946 sed
592 1911 728 1964 nuuc
768 1905 1073 1962 opportune.
1110 1897 1318 1947 videtur

269 1970 392 2020 enim
415 1971 564 2021 modo
588 1971 826 2023 meritum
852 1975 1193 2037 praecessisse.
1230 1975 1318 2032 Et,

264 2047 277 2073 ‘
303 2051 559 2100 sententia
574 2048 798 2114 judico,’
819 2053 1104 2115 κυριολογία.
1146 2052 1296 2102 Idm.

324 2128 354 2172 4
390 2125 638 2181 Quodnam
659 2126 716 2174 ob
726 2124 939 2189 suctum]
961 2128 1107 2178 Jnre.
1126 2125 1319 2177 ascribi

267 2201 393 2251 enim
428 2218 611 2253 causas
646 2203 1078 2265 manumissionis,
1116 2205 1168 2254 in
1198 2203 1319 2267 jure

272 2274 479 2328 formula
500 2287 599 2330 est.
635 2280 786 2329 Idem.

331 2355 574 2411 Quodnam
596 2353 887 2418 objectum]
900 2356 1134 2405 Donatus
1154 2370 1170 2406 ε
1192 2356 1208 2383 ‘
1226 2355 1322 2408 Jn-

268 2429 355 2493 re,'
374 2429 485 2483 ⁷&c.
520 2433 608 2483 Ita
632 2447 788 2498 supra
812 2433 866 2482 in
886 2431 1086 2483 Andria
1108 2445 1150 2482 ι.
1172 2436 1217 2483 1.
1244 2435 1323 2484 10.

268 2520 316 2562 et
341 2517 415 2565 11.
452 2516 467 2544 ‘
494 2515 622 2565 Feci
644 2528 710 2564 ex
733 2528 883 2563 servo
913 2523 973 2565 ut
995 2528 1139 2564 esses
1165 2512 1323 2564 liber·

270 2594 345 2637 tus
380 2590 519 2653 mihi,
552 2592 847 2655 Propterea
881 2589 1020 2654 qnod
1062 2588 1323 2639 serviebas

268 2663 568 2716 liberaliter:
613 2666 753 2716 nude
804 2672 861 2715 et
898 2666 914 2695 ⁶
948 2664 1200 2729 pretium’
1248 2679 1323 2715 vs.

268 2755 370 2807 seq.
417 2744 718 2807 appellatur
762 2741 997 2805 libertas,
1038 2741 1105 2792 ob
1138 2742 1324 2791 merita

272 2818 462 2870 scilicet
516 2819 857 2884 persolutum.
931 2818 1098 2867 Recte
1152 2823 1324 2866 autem

272 2893 493 2946 Donatus
517 2902 675 2945 vocat
695 2896 825 2944 lianc
844 2894 862 2923 ⁴
884 2895 1132 2942 comicum
1148 2907 1326 2942 manu-

268 2970 589 3036 missionem,’
606 2986 722 3037 qum
743 2972 876 3021 mira
892 2970 1183 3022 festivitate
1206 2982 1325 3019 con-

272 3045 423 3121 ditur,
444 3058 499 3100 et
523 3048 864 3113 extemporali
890 3047 1011 3098 ludo
1032 3044 1325 3098 festinatur.

274 3121 528 3175 Boeclenoe.

331 3200 512 3266 Multa]
546 3199 798 3252 oratorie
812 3199 996 3249 maluit
1014 3200 1328 3263 generaliter

268 3273 453 3341 dicere,
505 3293 662 3344 quam
728 3290 961 3342 quoerere
1012 3276 1328 3341 specialiter,

270 3352 399 3415 quod
422 3353 661 3403 invenire
700 3366 803 3401 non
838 3352 1021 3415 possit.
1076 3352 1147 3401 Et
1168 3351 1329 3402 Micio

268 3426 592 3492 singulariter
612 3442 767 3477 unum
790 3428 997 3494 quaerit,
1018 3426 1102 3476 hic
1121 3424 1329 3491 plurali·

248 3509 346 3551 ‘ter
367 3506 529 3555 multa
554 3503 860 3570 respondet.
894 3503 1135 3554 Donum.

331 3582 529 3646 AEdepol
569 3582 649 3632 vir
691 3579 858 3643 bonus]
912 3580 1066 3631 Jurat
1102 3580 1293 3630 bonnm
1315 3595 1330 3630 ε

274 3655 391 3719 qnia
411 3663 609 3721 proeter
629 3655 923 3721 opinionem
947 3662 1045 3706 est.
1078 3655 1232 3706 Idem.

334 3738 363 3782 ⁶
399 3735 509 3796 Ego
529 3735 651 3784 istos
669 3732 800 3783 uobis
819 3746 961 3796 usque
979 3748 1011 3781 u
1027 3732 1213 3797 pueris]
1244 3732 1332 3783 In·

279 3811 465 3875 telligit
483 3813 665 3877 Syrus,
687 3809 1012 3860 laborantem
1037 3824 1131 3874 pro
1154 3824 1211 3860 se
1227 3811 1333 3860 De·

276 3900 438 3936 meam
478 3902 582 3938 non
638 3888 832 3938 habere
872 3886 1014 3952 qnod
1058 3886 1218 3940 dicat:
1277 3893 1335 3938 et

276 3959 390 4014 ideo
412 3965 529 4029 ipse
552 3965 884 4031 prosequitur
916 3964 1146 4016 ordinem
1183 3964 1335 4016 meri-

278 4046 443 4091 torum
457 4058 473 4092 ε
490 4042 773 4093 secundum
787 4057 939 4108 quem
950 4050 1187 4107 apparet,
1198 4040 1337 4108 paed·

279 4131 493 4183 agogum
515 4118 692 4170 fuisse.
726 4120 876 4170 Idem-
975 4143 979 4146 >

340 4200 374 4243 6
408 4196 582 4257 Docui,
600 4197 776 4258 monui,
798 4196 911 4246 bene
929 4195 1160 4261 praecepi]
1195 4193 1337 4245 Ridi-

282 4271 393 4321 cule
417 4272 701 4330 adduntur,
730 4279 786 4322 et
824 4281 1027 4323 tautum¹
1062 4279 1338 4322 consuetu·

276 4344 395 4399 diue
412 4364 429 4398 ε
465 4349 589 4415 quia
630 4352 951 4417 imputantur
992 4348 1153 4401 etiam
1194 4346 1339 4400 facta

1451 1210 1483 1256 8
1503 1207 1751 1271 Apparere
1771 1210 1831 1258 de
1849 1209 1928 1259 die
1947 1207 2232 1273 convivium]
2258 1208 2320 1258 Id
2345 1212 2453 1270 est,

1385 1292 1629 1348 repente,
1651 1299 1819 1349 neque
1856 1294 1977 1335 ante
2000 1285 2325 1349 praedictum‚
2345 1299 2446 1335 nec

1388 1362 1556 1427 pridie
1581 1364 1942 1413 constitutum.
1975 1365 2215 1414 Donum.

1450 1440 1700 1502 Apparere
1737 1441 1796 1487 de
1829 1441 1907 1488 die
1939 1440 2225 1504 convivium]
2260 1440 2324 1490 Id
2351 1447 2452 1502 est,

1389 1521 1627 1577 repente,
1648 1529 1814 1579 neque
1847 1522 1968 1566 ante
2004 1518 2329 1581 praedictum,
2351 1532 2449 1566 nec

1390 1592 1560 1657 pridie
1597 1592 1954 1653 constitutum,
1991 1594 2066 1643 ait
2102 1594 2186 1645 bic
2218 1596 2358 1644 Don.
2404 1593 2449 1642 si

1392 1676 1565 1718 tamen
1613 1670 1864 1732 genuinus
1907 1669 2038 1719 Don.
2077 1685 2229 1735 quem
2265 1671 2449 1732 mirum

1390 1746 1459 1794 sit
1479 1746 1639 1808 prisci
1673 1747 1832 1795 moris
1870 1752 1928 1795 et
1959 1745 2203 1794 sermonis
2227 1753 2332 1795 tam
2356 1746 2452 1795 im-

1392 1822 1615 1887 peritum
1633 1821 1813 1872 fuisse.
1880 1821 2022 1871 Olim
2040 1818 2196 1884 enim,
2211 1821 2301 1887 (ab
2321 1823 2454 1886 Hip·

1395 1898 1622 1962 pocratis
1654 1912 1816 1963 usque
1845 1898 2162 1962 temporibus
2197 1905 2361 1956 certe,
2393 1904 2453 1947 ut

1394 1988 1459 2023 ex
1491 1973 1606 2037 ipso
1641 1971 1852 2038 liquet,)
1887 1988 2033 2024 rarus
2073 1981 2188 2023 erat
2212 1973 2456 2036 prandio-

1395 2065 1508 2100 rum
1533 2065 1667 2102 usus,
1684 2051 1775 2101 sed
1800 2065 1898 2100 nec
1916 2051 2017 2099 alia
2033 2049 2240 2116 (quibus
2258 2050 2309 2098 in
2329 2049 2466 2115 usu>

1396 2126 1613 2190 prandia
1634 2125 1764 2187 fere,
1797 2143 1948 2192 quam
1986 2128 2132 2191 parvi
2171 2133 2227 2176 et
2262 2126 2456 2190 privati

1394 2202 1478 2268 (ut
1519 2204 1675 2253 Plinii
1702 2205 1857 2253 uerbo
1890 2201 2032 2268 utar)
2068 2201 2312 2252 refectus.
2374 2202 2460 2253 De

1394 2281 1473 2330 die
1495 2288 1670 2330 autem
1691 2286 1873 2345 potare,
1895 2281 1978 2330 vel
1999 2280 2160 2346 (quod
2184 2280 2320 2329 idem
2348 2278 2460 2344 est)

1395 2357 1596 2420 epulari,
1620 2372 1826 2420 semper
1862 2357 2051 2421 probro
2074 2358 2271 2417 datum,
2293 2362 2351 2405 ut
2377 2358 2458 2404 in—

1399 2434 1741 2498 temperantis
1779 2449 1838 2485 ac
1864 2434 2205 2498 voluptuariae
2230 2432 2350 2482 vitae
2376 2447 2457 2482 ar·
2509 2492 2522 2497 ‘

1400 2518 1719 2574 gumentum.
1785 2511 1871 2561 Ita
1915 2513 1982 2564 Q,
2025 2511 2238 2561 Curtius
2277 2511 2456 2559 luxum

1400 2587 1684 2638 Alexandri
1707 2596 1872 2651 notat,
1905 2587 2043 2654 quod
2083 2588 2100 2617 ⁴
2120 2588 2186 2637 de
2213 2588 2297 2636 die
2333 2601 2457 2639 con-

1399 2665 1537 2715 vivia
1577 2664 1786 2714 iniret?
1833 2665 1901 2715 Et
1948 2665 2119 2716 Livius
2158 2665 2463 2725 Poenorum,

1395 2740 1535 2803 quod
1566 2740 1582 2769 ⁶
1601 2740 1668 2789 de
1685 2739 1768 2790 die
1790 2740 2158 2804 epularentur!
2226 2741 2341 2791 Nec
2364 2739 2462 2791 alir-

1399 2826 1481 2867 ter
1509 2817 1650 2881 apud
1674 2818 1941 2879 Plautum,
1978 2824 1993 2846 ‘
2012 2818 2079 2868 de
2113 2817 2198 2866 die
2223 2823 2404 2881 potare
2422 2815 2465 2876 ς’

1396 2901 1487 2942 aut
1520 2893 1800 2954 Catullum,
1836 2893 2102 2943 ‘convivia
2149 2892 2216 2941 de
2255 2892 2338 2941 die
2379 2890 2462 2941 fa·

1398 2967 1556 3033 cere,’
1600 2968 1873 3032 capienda.
1953 2970 2076 3018 ‘De
2114 2966 2236 3017 die'
2281 2974 2461 3018 autem

1399 3060 1515 3095 cum
1560 3044 1773 3109 dicitur,
1820 3046 1835 3073 ‘
1861 3045 2064 3095 medio’
2108 3043 2459 3110 supplendum
2539 3058 2542 3061 ’

1399 3130 1500 3184 est,
1519 3121 1657 3185 quod
1674 3122 1932 3185 expressit
1947 3121 2219 3181 Horatius,
2240 3121 2256 3149 ‘
2273 3121 2338 3171 de
2356 3133 2464 3169 me-

1401 3196 1486 3247 dio
1511 3209 1697 3261 potare
1736 3197 1820 3247 die
1842 3197 1874 3246 :’
1913 3212 2030 3247 cum
2062 3199 2150 3247 Sol
2188 3196 2357 3246 adhuc
2382 3195 2457 3244 al-

1403 3281 1506 3336 tus,
1541 3287 1641 3323 nec
1678 3274 1844 3324 multo
1880 3275 1996 3337 plus
2034 3272 2190 3324 medii
2231 3270 2463 3323 confecit

1401 3348 1624 3401 itineri&
1689 3349 1827 3400 Nam
1873 3350 2095 3415 alioquin
2142 3365 2291 3400 coena
2335 3364 2461 3413 quo-

1403 3441 1504 3493 que
1528 3433 1651 3476 ante
1686 3425 1818 3476 Solis
1857 3441 2116 3490 occasum,
2151 3442 2251 3476 non
2290 3433 2464 3490 coepta

1405 3509 1626 3566 tautum,
1654 3502 1745 3552 sed
1788 3509 2018 3566 peracta,
2056 3502 2251 3552 multis.
2321 3500 2464 3551 Hinc

1404 3579 1494 3628 lux
1525 3584 1821 3641 opportuna
1856 3578 2027 3628 verbis
2052 3578 2316 3643 Apostoli,
2341 3577 2462 3628 Act.

1407 3669 1471 3705 ιι.
1509 3658 1591 3705 15.
1632 3662 1687 3706 et
1731 3656 1955 3707 lTbess.
1988 3670 2042 3706 ν.
2079 3661 2126 3706 7.
2196 3657 2467 3720 Ceterum,

1408 3733 1509 3784 ‘de
1550 3732 1640 3783 die
1678 3733 1895 3798 potare,’
1933 3741 1990 3786 et
2026 3734 2116 3784 ‘in
2158 3734 2326 3784 lucem
2370 3750 2462 3797 po-

1409 3817 1524 3862 tare
1553 3810 1569 3832 '
1619 3810 1765 3875 (quae
1821 3809 2145 3862 confundunt
2212 3809 2465 3870 nonnulli)

1411 3889 1567 3952 plane
1597 3888 1715 3937 alia.
1747 3887 1839 3937 sed
1884 3887 2009 3937 nihil
2042 3887 2141 3936 hoc
2169 3885 2235 3935 ad
2271 3885 2463 3935 Teren»

1409 3965 1557 4015 tium.
1587 3964 1870 4015 Fumubius.
2079 3996 2084 4001 ·

1475 4045 1508 4090 9
1548 4041 1593 4089 0
1615 4041 1822 4103 lepidum
1842 4041 2002 4105 caput]
2019 4039 2094 4089 Ut
2115 4038 2259 4102 alibi,
2278 4045 2293 4067 ‘
2311 4052 2343 4087 o
2366 4035 2465 4086 fes-

1412 4117 1576 4167 tivum
1619 4115 1811 4180 caput‚’
1852 4118 1952 4167 &m
2018 4115 2205 4165 Graece
2236 4112 2355 4178 φίλη
2389 4131 2470 4162 κε-

1413 4193 1566 4258 φαλὴ,
1588 4197 1685 4243 &c.
1721 4192 1873 4242 Idem.

1480 4275 1544 4319 10
1578 4270 1845 4332 Postremo,
1882 4267 2021 4317 hodie
2060 4266 2112 4316 in
2144 4266 2352 4329 poulo-ia,
2383 4264 2474 4315 luae

1417 4346 1638 4412 emunda]
1677 4346 1746 4395 Et
1767 4346 1864 4394 hoc
1887 4350 2054 4395 totum
2092 4343 2232 4394 serio
2264 4343 2478 4406 dicitur,
