3035 4941
727 424 1094 473 'rEREN'ru
1135 425 1424 473 ΔΡΗΟΕΜ.
1470 424 1636 472 ΑΟΤ.
1687 424 1762 471 ΙΙ.
1811 425 1917 474 SC.
1958 426 2039 473 11.

288 574 411 633 pote
432 572 592 627 satur,
615 568 969 632 pronuntiavit
998 571 1144 617 actor
1167 565 1345 617 bonus.

286 647 442 697 Ideni.

351 726 493 774 Itane
503 723 662 788 patris
680 723 754 772 ais
770 728 997 786 conspect.
1000 721 1022 784 ]
1055 693 1171 771 Nisi
1194 719 1342 770 valde

286 799 458 862 fallor,
475 801 716 850 Donatus
732 799 815 849 hic
831 799 957 849 alias
977 813 1059 847 res
1077 799 1203 860 egit,
1227 805 1342 846 cuin

285 876 654 926 Phormionem
694 876 974 939 parasitum
1012 889 1042 923 e
1077 874 1342 923 vilioribus

285 952 522 1015 denotat,
575 959 632 1006 et
684 952 908 1016 satyrico
962 966 1088 1000 naso
1138 951 1338 998 irridet.

285 1044 440 1094 quem
460 1030 731 1079 Terentius
753 1030 916 1078 altero
946 1027 1175 1091 parasito
1200 1026 1339 1075 Gna·

217 1143 229 1156 .
283 1110 442 1157 thone
486 1107 692 1157 omniuo
742 1106 1053 1157 callidiorem
1091 1104 1250 1164 fecit3
1286 1110 1341 1152 et

283 1185 436 1234 valde
459 1184 620 1246 cavit,
642 1200 708 1234 ne
735 1182 955 1247 probris,
979 1189 1038 1232 ut
1059 1182 1162 1239 ille,
1187 1196 1340 1245 expo-

284 1260 420 1311 situs
449 1260 608 1311 foret.
641 1261 905 1310 Boeclews.

348 1338 633 1403 Admodum]
664 1338 930 1388 Admodum
954 1334 1211 1386 annuendi
1235 1335 1338 1386 vim

281 1416 443 1466 habet
465 1415 718 1466 duntaxat
734 1414 918 1465 modo:
957 1421 1014 1464 et
1035 1414 1339 1464 subauditur

283 1487 529 1545 veritum.
564 1495 798 1546 Donatus·

302 1589 305 1590 ⁷
348 1576 382 1621 2
415 1571 654 1622 Phaniam
669 1572 886 1623 relictam
904 1570 1069 1633 solam]
1087 1570 1338 1621 Subaudi·

186 1692 191 1698 ,
282 1650 490 1711 turmis.
525 1649 689 1698 Idem.
730 1671 736 1677 ·

351 1725 538 1775 Iratum
555 1724 734 1789 senem]
757 1725 958 1775 Iterum
992 1725 1065 1775 uis
1096 1724 1338 1774 subaudi·

285 1806 387 1852 tur.
424 1803 572 1853 Idem.
678 1827 681 1832 ·

350 1880 380 1925 3
420 1878 631 1942 Oppido]
668 1879 787 1929 Non
817 1877 910 1943 uit,
940 1876 1034 1926 sed
1064 1879 1242 1926 iratum
1262 1879 1337 1927 in·

286 1953 662 2017 tellige.1dem.

352 2031 559 2096 Oppido]
619 2031 928 2096 Admodum,
965 2030 1139 2097 valde,
1172 2038 1232 2082 ut
1259 2046 1340 2081 su·

283 2121 398 2171 pra.
429 2109 560 2158 Mer.
585 2110 906 2159 casaubonus.

347 2183 428 2233 Ad
446 2189 494 2234 te
513 2199 694 2234 canuno
713 2187 876 2247 solum,
896 2186 1157 2249 Phormio,
1183 2201 1342 2235 rerum

282 2262 434 2325 redit]
483 2262 612 2312 Ideo
647 2263 789 2312 velut
833 2262 1233 2326 expergefactus
1273 2262 1340 2311 ad

283 2339 375 2389 has
398 2351 577 2389 causas
600 2338 803 2389 accedit
818 2339 1082 2403 Phormio,
1101 2340 1339 2404 quianon

283 2414 389 2465 diu·
409 2417 687 2466 sollicitum
720 2418 960 2467 convenit
993 2432 1107 2467 esse
1142 2418 1339 2481 parasi-

285 2498 431 2542 tumz
476 2507 576 2543 nec
617 2494 894 2559 quidquam
937 2495 1097 2558 aliud,
1134 2494 1236 2544 nisi
1272 2493 1337 2544 de

282 2570 536 2627 convivio,
575 2572 653 2620 vel
687 2568 904 2636 propter
928 2573 1217 2621 convivium
1255 2586 1335 2621 co-

283 2647 468 2710 gitare.
505 2648 655 2710 adeo,
702 2650 800 2699 nisi
844 2664 876 2700 a
914 2650 1054 2701 Geta
1099 2657 1335 2713 cogatur,

280 2723 435 2773 modo
469 2725 625 2774 etiam
658 2727 983 2788 negotiorum
1025 2725 1337 2789 Antiphonis

281 2796 555 2867 negligens
579 2807 679 2864 est,-
697 2808 854 2866 atque
877 2816 1106 2852 securus.
1154 2802 1337 2851 Donat.

346 2877 427 2928 Ad
449 2883 496 2927 te
517 2893 696 2928 sumnia
714 2893 870 2928 rerum
889 2878 1037 2942 redit]
1070 2878 1180 2928 Jul.
1203 2879 1338 2928 Caes.

285 2967 373 3004 ιιι.
392 2955 485 3004 -de
514 2955 665 3005 Bello
689 2955 802 3005 Civ.
834 2962 882 3006 5.
915 2955 1014 3005 alia
1048 2969 1149 3005 non
1172 2954 1338 3004 minus

284 3032 526 3094 elegante
546 3029 769 3081 formula
789 3047 803 3081 ε
837 3033 852 3060 ‘
868 3031 955 3081 Ad
974 3031 1120 3083 ,illum
1140 3046 1340 3081 summa

278 3107 488 3171 imperii
509 3106 857 3171 respiciebat!
893 3108 1156 3159 Boeclerus.
1292 3143 1296 3147 .

348 3187 380 3232 4
418 3185 541 3234 Tute
561 3185 647 3234 hoc
666 3184 871 3242 invisa,
895 3185 982 3234 tibi
1007 3199 1141 3234 omne
1159 3190 1230 3234 est
1253 3200 1338 3234 ex-

280 3262 530 3326 edendum]
554 3262 778 3327 Παροιμίαι
799 3270 925 3328 apta
948 3263 1198 3327 parasito,
1222 3277 1337 3328 quae

283 3339 352 3389 do
372 3339 488 3389 cibo
503 3346 599 3391 est.
623 3340 744 3391 Hoc
766 3347 940 3390 autem
959 3330 1095 3390 inter
1119 3342 1338 3390 rusticos

282 3415 347 3466 de
382 3417 557 3467 alliato
591 3417 870 3468 moretario
905 3416 1011 3466 dici
1050 3418 1201 3466 solet.
1269 3417 1340 3468 Et

282 3492 417 3544 bene
449 3494 667 3545 intristi.-
712 3494 922 3560 proprie
967 3493 1104 3544 enim
1144 3493 1338 3558 intrita,

284 3568 478 3619 dicitur
494 3572 783 3635 hujusmodi
805 3570 970 3621 cibus.
1010 3572 1252 3621 Donatus.
1310 3616 1311 3621 ,

298 3676 303 3681 -
352 3646 636 3710 Accingere]
690 3647 905 3714 Appara
926 3654 981 3698 te
1003 3655 1159 3712 atque
1181 3658 1338 3713 expe·

285 3723 360 3773 di.
401 3724 548 3774 Ideni.

352 3802 530 3851 Eccere
575 3801 687 3865 quid
722 3801 768 3851 si
795 3802 980 3867 reddet]
1021 3803 1207 3854 Totum
1235 3760 1336 3852 hoc

285 3876 432 3943 quasi
460 3876 561 3927 alia
584 3890 744 3941 agens
777 3877 1007 3942 loquitur
1042 3878 1334 3943 parasitus.

286 3961 347 4005 ut
361 3968 426 4004 ex
448 3955 546 4005 hoc
567 3959 819 4019 appareat
835 3952 960 4018 quid
978 3955 1185 4006 intersit
1200 3957 1337 4005 inter

285 4030 551 4083 audaciam
601 4030 933 4094 sycophantae
991 4029 1229 4094 improbi,
1249 4069 1257 4074 >
1280 4039 1337 4082 et

284 4105 670 4174 patrisfamilias
712 4104 1157 4170 perturbationem
1195 4108 1339 4169 mini„-

284 4199 368 4234 me
414 4183 646 4248 litigiosi.
681 4198 799 4235 nam
830 4182 918 4233 ille
949 4183 1001 4232 in
1026 4182 1161 4233 bona
1182 4199 1340 4236 causa

284 4260 568 4312 advocatos
608 4260 812 4325 quaerit,
858 4268 914 4311 et
947 4259 1061 4324 ipse
1093 4261 1336 4312 sollicitus

287 4338 342 4389 in
365 4344 479 4395 toto
502 4343 624 4397 actu
642 4345 754 4390 est:
793 4337 877 4389 bic
908 4336 962 4390 iu
995 4347 1192 4403 puncto
1216 4344 1340 4391 tem-

2299 410 2469 476 1645

1416 566 1556 629 poris
1600 580 1654 614 se
1695 566 1759 615 ad
1792 566 2094 617 calumniam
2136 569 2470 631 praeparavit.

1416 642 1569 693 Idem.
2013 679 2017 683 -
2436 683 2448 696 .,

1480 721 1680 785 Eccere]
1730 720 2050 771 Adverbium
2080 722 2314 785 jurandi,
2357 739 2472 788 pru,

1413 810 1576 846 oecere.
1601 797 1634 846 i.
1664 812 1756 860 per
1779 799 1943 847 aedem
1971 799 2204 848 Cereris.
2236 808 2293 848 ut
2317 800 2469 849 AEde·

1415 874 1520 936 pol,
1544 874 1788 934 AEcastor‚
1813 878 1913 925 διο.
1947 874 2121 924 Plaut.
2158 876 2308 925 ‘Jam
2332 878 2468 927 enim
2501 935 2506 936 ⁷

1414 964 1600 1000 eccere
1625 951 1710 1000 ibo
1736 954 1797 1000 ad
1825 950 2010 1014 forum,
2030 960 2187 1017 atque
2204 953 2316 1002 haec
2340 954 2469 1003 Fac-

1409 1032 1468 1074 ta
1486 1028 1708 1076 narrabo
1730 1028 1876 1080 seni.'
1924 1030 2095 1092 Atque
2117 1029 2246 1082 alibi
2263 1030 2470 1094 saepius.

1417 1102 1740 1154 Nisisstamen
1774 1104 1979 1154 diversa
2012 1113 2132 1154 sunt
2162 1120 2331 1169 eccere,
2356 1122 2470 1170 pro,

1413 1177 1628 1238 ewa-ceres,
1646 1182 1899 1244 jurantis·;
1942 1190 1997 1232 et
2030 1196 2201 1244 eccere,
2239 1197 2333 1246 pro
2367 1198 2469 1233 ecce

1411 1270 1503 1318 res,
1527 1257 1627 1319 vel,
1648 1271 1750 1306 ecce
1770 1272 1886 1319 rem,
1907 1256 2264 1307 confirmantis
2287 1258 2471 1307 adver-

1415 1331 1588 1382 bium.
1616 1340 1674 1383 ut
1696 1341 1750 1382 et
1778 1342 1930 1383 vetus
1963 1334 2105 1384 Glos.
2142 1333 2345 1388 videtui·
2364 1334 2469 1385 dis·

1413 1408 1668 1473 tinguere.
1704 1410 1833 1459 Mer.
1856 1408 2171 1460 casaubonus.

1320 1507 1323 1518 ·
1408 1513 1415 1518 ·
1476 1491 1508 1535 6
1546 1487 1677 1543 Quid
1696 1488 1741 1535 si
1762 1485 1948 1549 reddet]
1994 1488 2139 1536 Bene
2159 1486 2275 1551 jam
2310 1487 2374 1536 ad
2410 1447 2469 1536 il.

1410 1562 1501 1611 lud
1547 1563 1760 1625 respicit
1813 1563 2008 1626 fabula,
2051 1563 2187 1628 quod
2236 1541 2468 1615 futurum

1413 1645 1513 1701 est,
1537 1646 1752 1703 propter
1761 1640 2087 1690 Phaedriam.
2118 1640 2356 1690 Donatus.

1409 1742 1414 1748 ·
1479 1716 1610 1771 Quid
1653 1718 1697 1764 si
1734 1717 1920 1780 reddet]
1978 1716 2097 1767 Hoc
2138 1725 2239 1778 est,
2269 1718 2390 1783 qnid
2426 1720 2470 1768 si

1413 1793 1785 1854 respondebit?
1841 1792 1943 1858 Au,
1975 1793 2101 1859 quid
2130 1795 2175 1843 si
2205 1795 2468 1845 mulierem

1414 1869 1621 1919 reddet.
1661 1869 1810 1921 Idem.

1476 1945 1561 1995 Sic
1582 1948 1768 2010 opinor]
1808 1948 1927 1997 Non
1951 1948 2017 1997 ad
2039 1954 2094 1998 tn
2114 1948 2348 2012 impulisti
2372 1949 2470 1999 hoe

1414 2024 1679 2087 pertinet:
1725 2024 1818 2073 sed
1844 2023 1909 2074 ad
1949 2024 2004 2074 id
2034 2025 2171 2089 quod
2195 2040 2370 2075 secum
2395 2033 2472 2075 ta·

1414 2100 1549 2149 citus
1573 2102 1736 2151 volvit
1759 2102 2016 2152 Phormio.
2049 2102 2195 2151 Idem.

1478 2176 1711 2240 Subvenr']
1766 2178 1900 2228 Haec
1921 2178 2093 2228 omnia
2111 2180 2371 2236 Phormio,
2396 2181 2410 2208 ⁴
2426 2181 2468 2232 si

1420 2253 1703 2317 rogitabit,’
1736 2258 1833 2304 ὅτε.
1883 2269 2056 2304 seeum
2106 2254 2363 2318 profunde
2403 2255 2469 2306 de

1411 2332 1621 2394 negotio
1640 2332 1892 2396 cogitans,
1917 2338 1973 2382 et
1990 2332 2133 2394 dolos
2160 2334 2293 2383 ultro
2312 2334 2470 2383 citro-

1413 2425 1513 2475 que
1559 2411 1727 2460 varios
1762 2411 1980 2473 agitans,
2014 2426 2129 2470 nec,
2163 2411 2287 2475 qnid
2332 2411 2471 2460 Geta

1412 2488 1615 2537 diceret
1637 2486 1857 2550 interim,
1879 2485 2171 2536 attendens.
2214 2487 2345 2537 Mer.
2375 2489 2469 2537 Ca-

1410 2567 1664 2616 saubonus.

1475 2647 1506 2693 7
1546 2646 1672 2694 Cedo
1712 2643 1891 2707 senem]
1925 2644 2029 2693 Hic
2068 2643 2154 2692 alii
2193 2643 2471 2694 exclusisse

1413 2727 1678 2784 torporem
1703 2722 1865 2772 somni
1892 2723 2145 2771 inducunt
2169 2721 2471 2785 parasitum.

1413 2797 1500 2846 alii
1526 2799 1885 2862 transglutisse
1909 2797 2044 2861 quod
2072 2798 2122 2846 in
2148 2813 2239 2847 ore
2262 2798 2471 2847 mande·-

1412 2872 1704 2939 batzquasi
1746 2875 1840 2923 hoc
1879 2889 2035 2923 morae
2071 2873 2229 2923 fuerit
2259 2874 2472 2923 advin-

1412 2950 1634 3000 cendum
1659 2965 1850 3000 senem.
1886 2951 2125 3012 Donatus.
2189 3006 2192 3011 ,

1433 3064 1437 3069 -
1481 3030 1607 3078 Cedo
1628 3027 1807 3090 senem]
1864 3029 1982 3077 Non
2020 3028 2167 3090 parvi
2192 3025 2470 3078 moliminis

1413 3109 1677 3152 certamen
1729 3102 1992 3165 impendet
2028 3117 2043 3162 ;
2100 3116 2253 3166 quum
2309 3116 2469 3151 senex

1415 3181 1626 3242 dixerit,
1670 3180 1979 3231 ‘Hominem
2021 3178 2470 3229 commonstrarier

1414 3258 1537 3307 mihi
1582 3257 1738 3307 istum
1783 3257 1899 3306 volo
1930 3254 1966 3304 ε’
2012 3255 2271 3320 parasitus
2310 3255 2473 3318 dicat„

1413 3336 1430 3364 ‘
1451 3334 1599 3385 Cedo
1624 3330 1833 3383 senem.'
1867 3332 2020 3383 Idem.

1478 3412 1596 3459 Jom
1613 3410 1847 3460 instructa
1865 3415 1974 3459 sunt
1996 3409 2116 3459 mihi
2135 3409 2186 3458 in
2208 3411 2343 3458 corde
2363 3425 2471 3459 con-

1409 3488 1546 3552 silia]
1586 3487 1788 3549 Cicero,
1810 3500 2070 3549 nunquam
2094 3485 2327 3537 oblivisci
2354 3487 2473 3554 soli-

1413 3573 1497 3615 tus
1508 3563 1777 3617 familiaris
1796 3564 1873 3612 sui
1889 3562 2143 3626 Terentii,
2158 3576 2242 3613 111.
2260 3562 2325 3612 de
2344 3564 2470 3613 Nat.

1412 3643 1572 3692 Deor.
1598 3646 1680 3692 29.
1705 3654 1822 3691 cum
1855 3647 1879 3685 .‘
1902 3640 2062 3704 dolos,
2091 3639 2343 3703 fallacias,
2366 3656 2472 3691 ma-

1410 3721 1608 3782 chinas,
1644 3718 1955 3783 proestigias'
1996 3717 2311 3782 considerat,
2336 3719 2472 3768 hunc

1412 3810 1615 3846 versum
1638 3794 1816 3846 laudat
1831 3811 1854 3844 :¹
1867 3810 2019 3861 quem
2032 3793 2325 3859 παραφράσει
2346 3810 2471 3860 qua—

1411 3872 1532 3922 dam
1554 3871 1848 3922 diffundere
1881 3880 2127 3939 poterunt
2166 3873 2254 3921 illa
2277 3870 2471 3921 Plauti-

1411 3965 1479 4009 na
1515 3951 1569 4000 in
1606 3949 1870 4000 Pseudolo
1905 3963 1968 4001 11.
2005 3954 2053 3999 3.
2084 3953 2165 3999 10.
2200 3953 2279 3998 11.
2315 3947 2470 3997 ‘Jam

1411 4028 1916 4091 instituta,.ornata,
1961 4034 2152 4076 cuncta
2194 4026 2248 4074 in
2292 4024 2471 4083 ordine

1413 4107 1585 4157 animo
1610 4113 1668 4156 ut
1692 4106 1971 4169 volveram,
1990 4103 2167 4168 Certa,
2185 4101 2473 4152 deformata

1411 4182 1697 4235 habebam!
1720 4183 1979 4233 Boecterus.

1480 4266 1511 4311 8
1550 4262 1678 4317 Quid
1721 4259 1858 4324 ages]
1922 4259 2042 4309 Non
2083 4254 2479 4320 interrogantis,

1415 4338 1508 4390 sed
1527 4339 1804 4401 metuentis
1826 4336 2135 4403 hecdicium
2147 4340 2253 4391 est.
2290 4332 2478 4390 Donat.
