3035 4941
394 2017 560 2081 ¹·ttts

479 393 652 461 1038
1180 410 1392 460 No'rAE
1438 406 1843 460 vammum
1891 408 1970 460 nt

477 555 577 604 hoc
595 568 697 603 non
719 553 960 605 convenit
981 566 1157 604 senem
1178 552 1373 605 dicere.
1438 554 1537 605 Le-

483 632 624 695 gitur
645 637 699 681 et
715 633 880 694 multo,
898 632 995 682 hoc
1017 638 1114 694 est,
1135 631 1344 695 damno,
1362 644 1543 695 repre-

464 706 670 769 :henam
720 709 856 773 quod
903 708 944 757 si
986 718 1087 771 est,
1140 709 1542 772 intelligeretur,

479 798 581 833 non
604 783 796 833 nollem
814 782 1027 835 factum.
1095 785 1264 835 Nemo
1282 785 1426 843 enim
1448 800 1540 846 po·

481 867 587 909 test
605 860 822 923 factum,
841 859 1094 910 infectum
1130 861 1369 912 reddere.
1435 861 1539 910 Sed

469 937 856 989 ‘adverbialiter
867 938 1002 989 dixit
1021 955 1036 989 z
1073 944 1132 988 ut
1153 937 1410 1000 dicimus‚’
1428 939 1538 987 uol-

462 1015 579 1063 .lem
615 1013 848 1076 factum,’
879 1016 894 1043 ‘
919 1016 1107 1064 nollem
1137 1015 1276 1064 hunc
1308 1014 1539 1065 exitum?

480 1092 621 1155 Ergo
643 1093 770 1141 haud
800 1091 1123 1151 matosactum
1142 1106 1161 1140 .·
1192 1104 1294 1140 nou
1314 1092 1539 1157 poenitet

466 1180 566 1216 -me
590 1166 733 1216 facti.
767 1168 1007 1217 Donatus.

547 1245 699 1294 Haud
717 1244 1062 1308 malefactum]
1088 1243 1206 1294 Non
1230 1243 1407 1309 itaque
1428 1243 1537 1296 fac-

481 1321 630 1371 time
654 1323 902 1384 poeuitet:
936 1335 1105 1385 neque
1128 1321 1262 1370 enim
1303 1336 1399 1384 per
1426 1337 1540 1385 gra·

479 1397 758 1448 titudinem
793 1403 932 1446 tuam
956 1397 1140 1460 babeo,
1169 1411 1260 1445 cur
1282 1395 1538 1468 infectum

481 1474 653 1523 velim.
720 1473 922 1523 Liberti
944 1475 1131 1536 ingrati
1155 1475 1207 1523 in
1232 1474 1537 1524 servitutem

464 1549 880 1600 revocabantur.
913 1550 1129 1600 Suetou.
1153 1550 1337 1602 Claud.
1362 1551 1539 1603 Valer-

482 1628 628 1677 Max.
648 1627 682 1678 l.
704 1641 768 1677 ιι.
793 1641 841 1676 c.
862 1631 912 1676 6.
945 1626 1099 1676 Alex.
1123 1627 1189 1678 ab
1222 1627 1375 1680 Alex.
1400 1629 1435 1679 l.
1452 1643 1540 1678 ιιι.

385 1713 392 1718 ’
480 1719 527 1754 c.
548 1708 632 1753 20.
667 1703 951 1754 Farnobias.

548 1786 609 1832 14
644 1782 704 1831 Si
737 1782 828 1832 tibi
870 1783 984 1846 quid
1007 1782 1126 1845 feci,
1163 1788 1249 1833 aut
1273 1782 1433 1847 facio]
1468 1786 1540 1835 Et

479 1857 664 1908 fecisse
687 1875 764 1922 se,
795 1859 1046 1914 etadbuc
1082 1859 1257 1910 facere
1293 1860 1541 1924 ostendit,

463 1935 714 2000 -ouamvis
757 1951 873 1987 eum
901 1951 1055 1986 manu
1091 1936 1337 1987 misisset.
1371 1938 1538 1987 Dona·

538 2091 731 2142 Gaudeo
749 2091 808 2140 Si
824 2091 915 2141 tibi
927 2091 1164 2157 qaidfeci,
1179 2090 1403 2152 autsacio
1416 2091 1541 2156 qaod

468 2169 684 2232 placeat]
695 2170 982 2220 Felicitatis
1010 2175 1109 2232 est,
1133 2177 1191 2219 ut
1213 2184 1276 2219 ea
1291 2184 1405 2234 quae
1428 2167 1539 2218 fac-

478 2252 534 2295 ta
548 2252 603 2294 et
623 2245 860 2296 facienda
885 2252 1023 2310 sunt,
1046 2252 1198 2310 grata
1231 2246 1351 2297 siut.
1390 2246 1539 2308 Quid,

479 2336 575 2385 pro
591 2323 802 2386 aliquid.
838 2323 987 2371 Idem.

547 2402 607 2447 15
644 2396 907 2447 Adversum
928 2399 999 2462 te]
1025 2396 1182 2463 Apud
1207 2405 1280 2462 te,
1299 2405 1355 2448 et
1374 2414 1538 2464 penes

466 2483 548 2527 ·te.
585 2478 736 2528 Idem.

545 2552 984 2617 AdversamJ'Siue
1028 2553 1190 2603 dubio
1233 2553 1539 2618 praepositio

462 2637 581 2681 *est.
647 2633 888 2681 Adversus
909 2631 1241 2696 participium
1267 2639 1442 2694 potest
1459 2645 1539 2680 es-

481 2724 557 2770 se,
574 2709 726 2759 abeo
744 2709 878 2778 quod
904 2715 986 2758 est
1003 2711 1214 2771 adverto,
1240 2709 1372 2758 sicut
1396 2708 1537 2757 alibi.

479 2787 622 2848 Ergo
642 2788 887 2835 adversum
908 2791 957 2835 te
975 2785 1126 2849 dixit,
1157 2799 1252 2850 pro
1288 2784 1429 2850 apud
1466 2793 1537 2836 te.

481 2863 632 2911 Idem.

544 2945 607 2991 16
640 2941 772 2991 Nam
793 2941 961 2992 isthaec
981 2940 1352 2991 commemoratio
1387 2941 1540 2997 Quasi

462 3018 779 3082 exprobratio
833 3023 922 3081 est,
958 3019 1242 3068 immemoris
1298 3016 1537 3082 beneficii]

477 3097 742 3158 DonatuS,
767 3096 782 3123 ‘
804 3095 959 3159 sunt,'
982 3096 1172 3162 iuquit,
1195 3102 1211 3125 ‘
1236 3096 1323 3161 qui
1359 3095 1424 3144 ad
1450 3096 1538 3145 be-

456 3170 720 3222 '·neficium
744 3171 978 3223 referunt
1015 3172 1310 3222 immemor:
1342 3180 1402 3222 ut
1430 3186 1535 3221 me·

475 3264 671 3300 morem
691 3251 919 3301 Junonis'
942 3251 1011 3301 ob
1034 3252 1190 3301 iram:
1228 3257 1292 3300 ut
1323 3249 1392 3299 sit
1421 3263 1537 3300 sen-

478 3341 594 3377 sus:
617 3327 808 3376 Isthaec
824 3328 1262 3390 commemoratio,
1286 3327 1433 3387 quasi
1456 3333 1539 3376 est

475 3403 809 3466 exprobratio
844 3404 1153 3453 immemoris
1189 3402 1449 3464 beneficii,
1482 3403 1537 3450 id

476 3486 578 3543 est,
622 3480 772 3544 cujus
819 3494 968 3530 nemo
1023 3478 1351 3529 meminerit.’
1418 3478 1538 3528 Hoc

472 3563 659 3619 magno
685 3557 939 3621 applausu
969 3556 1220 3606 hactenus
1256 3571 1287 3604 a
1320 3556 1537 3605 Lexico·

474 3634 684 3698 grapbis
734 3642 790 3684 et
836 3632 1208 3697 interpretibus
1263 3638 1536 3696 acceptum

458 3709 848 3775 —defeusumque
888 3718 1001 3760 est:
1059 3718 1118 3760 ut
1161 3717 1300 3759 esset
1336 3710 1539 3760 scilicet

474 3787 716 3838 immemor
752 3788 1042 3854 beneficium,
1076 3787 1313 3849 ἄμνηστος
1353 3787 1537 3851 εὐεργε-

474 3862 584 3914 oia:
620 3864 856 3914 ostendit
893 3873 1066 3915 tamen
1104 3865 1272 3928 ipsum
1295 3864 1536 3929 loquendi

473 3955 654 4005 genus,
700 3956 803 4006 quo
860 3941 1095 3990 Donatus
1140 3940 1323 4003 utitur,
1359 3941 1534 4002 fuisse,

471 4017 560 4082 qui
605 4025 661 4067 et
699 4016 851 4066 aliter
884 4017 1222 4082 accipereut3
1253 4018 1356 4067 imo
1393 4018 1534 4081 apud

471 4095 747 4158 plerosque
764 4095 918 4145 aliter
941 4101 1210 4159 acceptum
1232 4110 1343 4144 esse
1380 4110 1533 4144 voca-

472 4170 669 4221 bulum.
703 4171 823 4222 Nou
838 4172 974 4221 ausit
1001 4187 1122 4221 saue
1139 4172 1319 4236 aliquis
1337 4171 1534 4234 dicere,

471 4248 776 4310 exprobratio
806 4250 1090 4299 immemoris
1109 4250 1156 4301 b.
1176 4249 1228 4297 id
1253 4253 1353 4309 est,
1383 4249 1533 4297 laomi-

462 4325 550 4375 πίε
570 4326 773 4392 ingrati,
787 4327 869 4390 qui
891 4342 985 4377 non
1008 4325 1275 4377 meminerit
1295 4325 1535 4393 beneficii:

1622 553 1688 603 de
1708 554 1806 604 hoc
1830 555 1965 604 enim
1987 552 2327 604 dubitandum
2362 560 2495 619 erat,
2512 569 2576 607 au
2599 555 2676 607 ita

1623 631 1809 680 Latine
1825 632 2106 682 diceretur.
2153 631 2290 681 Nam
2306 632 2491 696 quibus
2508 638 2675 698 eoe‘pro-

1620 708 1776 757 bratio
1794 718 1872 757 est
1902 709 2205 773 vituperatio,
2232 709 2412 760 eodem
2452 710 2677 759 tendunt

1618 785 1669 833 in
1695 788 1915 854 personna
1938 802 1954 849 ς
1993 788 2225 850 quamvis
2248 786 2488 850 syntaxiu
2507 801 2680 837 emen·

1618 861 1745 911 dare
1779 864 2033 927 cupiant.
2102 863 2222 914 Non
2270 864 2425 927 igitur
2485 865 2677 928 exigua

1616 940 1815 989 ratione
1840 955 1961 990 usus
1975 946 2056 991 est
2080 941 2168 990 Fr.
2185 940 2516 1005 Guyetus,ut
2534 942 2678 1004 lege·

1615 1023 1718 1077 ret,
1750 1017 2012 1067 immemori
2038 1017 2087 1068 b.
2108 1032 2157 1066 v·
2182 1018 2217 1067 l.
2237 1018 2565 1081 Eugraphius
2598 1025 2680 1066 ta·

1614 1106 1733 1142 men
1755 1107 1858 1143 nou
1882 1093 2089 1143 videtur
2124 1094 2390 1144 dubitasse
2416 1095 2480 1143 de
2503 1093 2677 1160 phrasi

1616 1169 1844 1232 vulgata».
1881 1170 2148 1234 lectionis,
2184 1170 2388 1236 quando
2424 1178 2674 1221 annotat:

1612 1243 2024 1295 ‘Beneficiorum
2084 1248 2505 1297 commemoratio
2558 1262 2677 1297 cum

1607 1320 1925 1385 ostenditur,
1956 1322 2146 1385 ingrati
2187 1323 2521 1387 exprobratio
2555 1323 2679 1373 dici-

1615 1396 1737 1445 tur!
1761 1396 2132 1459 ‘Exprobratio
2148 1396 2377 1461 ingrati,’
2392 1406 2448 1448 et
2464 1401 2480 1427 ⁴
2493 1406 2679 1462 expro-

1613 1472 1785 1522 bratio
1809 1473 2154 1539 immemoris,'
2182 1489 2286 1524 uua
2308 1475 2524 1538 phrasis.
2565 1477 2677 1526 De-

1614 1549 1897 1599 mosthenis
1971 1551 2285 1601 seutentiam
2345 1549 2675 1617 παράλληλυν,

1614 1639 1733 1674 cum
1776 1626 2035 1677 similibus
2078 1630 2167 1678 Fr.
2207 1628 2501 1692 Fabricius,
2553 1632 2678 1681 Lin-

1615 1701 1944 1765 denbrogius,
1961 1711 2016 1752 et
2035 1704 2123 1753 alii
2138 1711 2537 1757 annotaverunt.
2558 1706 2675 1756 Cae-

1614 1784 1787 1828 terum
1824 1780 1986 1829 Sosiae
2009 1780 2143 1830 huic
2185 1781 2474 1832 sententias
2508 1782 2679 1833 dictat
2776 1796 2785 1802 ·

1613 1854 1757 1920 (nam
1807 1863 1864 1906 et
1904 1865 2088 1920 postea
2143 1858 2463 1924 γνωμολογεῖ)
2507 1860 2677 1923 primo

1615 1931 1825 1996 quidem
1849 1933 2065 1983 liberale
2089 1934 2372 1997 ingenium,
2390 1944 2496 2001 ’quo
2521 1937 2675 1987 liber·
2757 1972 2760 1975 >

1601 2016 1780 2059 «tatem
1792 2011 1991 2062 meruit
2006 2030 2022 2074 ;
2044 2012 2234 2063 deinde
2250 2017 2487 2076 'praesens
2513 2012 2675 2064 affec·

1614 2087 1709 2150 tio,
1727 2101 1845 2138 cum
1870 2088 2063 2154 ingrati
2085 2090 2542 2154 exprobrationem
2567 2091 2677 2141 ani-

1601 2165 1683 2213 mi
1709 2165 1775 2215 de
1804 2166 2063 2231 principio
2098 2167 2345 2217 orationis
2387 2167 2525 2216 senis
2569 2174 2674 2217 tam

1615 2241 1720 2290 alte
1738 2244 1968 2306 repetito
1993 2244 2416 2307 pertimesceret;
2453 2245 2677 2308 denique

1613 2321 1821 2381 patroni
1861 2321 2140 2384 ingenium,
2175 2321 2261 2370 cui
2287 2321 2540 2371 oratioue
2584 2335 2675 2370 sna

1615 2393 1960 2458 suffragatur:
1995 2396 2240 2461 namqui
2261 2396 2521 2461 approbat
2544 2398 2675 2448 alte-

1615 2473 1719 2522 rius
1739 2473 1898 2537 dicta,
1931 2473 2055 2538 quid
2081 2473 2240 2535 aliud,
2274 2485 2427 2539 quam
2465 2483 2674 2525 senteu-

1617 2549 1742 2599 tiam
1777 2550 1844 2599 ab
1888 2551 1977 2599 illo
2011 2556 2284 2615 acceptam
2320 2550 2545 2601 absolvit
2582 2556 2675 2601 aut

1611 2627 1845 2689 repetit?
1878 2627 1966 2676 Ita
1985 2641 2104 2677 cum
2128 2636 2282 2692 pater
2314 2627 2555 2678 laudaret
2577 2626 2681 2677 fili-

1612 2718 1720 2766 um,
1742 2703 1878 2769 quod
1901 2718 1969 2753 ex
2006 2705 2190 2754 studiis
2213 2705 2533 2769 juvenilibus
2567 2719 2675 2753 mo-

1614 2779 1735 2830 dum
1760 2787 1983 2846 teneret,
2004 2789 2353 2847 opportunum
2375 2781 2677 2832 Sosiaeerat

1601 2860 1931 2909 senteutiam
1975 2861 2265 2922 succinere,
2300 2866 2395 2910 ‘ut
2436 2859 2673 2924 nequid

1613 2938 1762 2986 nimis
1781 2938 1814 2987 ε’
1845 2954 1962 2989 cum
1986 2940 2246 3005 ingenium
2268 2939 2359 2989 filii
2382 2939 2446 2988 ad
2470 2945 2675 3003 prome-

1614 3015 1827 3064 rendam
1850 3016 2108 3066 homiuum
2132 3018 2451 3066 voluntatem
2469 3023 2526 3066 et
2547 3016 2673 3065 ami-

1614 3092 1787 3142 citiam
1807 3091 2000 3144 factum
2039 3093 2380 3155 describeret,
2394 3092 2507 3156 jam
2531 3092 2674 3141 dicta

1613 3177 1744 3233 erat,
1781 3185 1895 3236 quae
1927 3171 2206 3235 subjicitur
2231 3168 2508 3229 sententia,
2544 3167 2560 3192 ‘
2583 3168 2674 3217 ob-

1598 3248 1846 3313 sequium
1884 3250 2076 3298 amicos
2109 3245 2298 3312 parit?
2331 3257 2449 3294 cum
2486 3243 2674 3293 hones·

1615 3333 1720 3375 tam
1744 3322 2029 3378 orationem
2050 3323 2142 3374 filii
2179 3322 2453 3384 fateretur,
2486 3320 2529 3370 si
2567 3334 2674 3369 ser-

1600 3409 1786 3452 ·vatam
1820 3419 1851 3453 a
1870 3418 1927 3453 se
1962 3402 2310 3467 diceret,quae
2335 3399 2508 3465 perire
2532 3400 2673 3448 vole-

1614 3477 1725 3540 bat,
1747 3493 1845 3528 nou
1867 3493 1932 3527 ex
1955 3479 2164 3544 ingenio
2193 3478 2358 3528 Sosiae
2388 3476 2672 3535 sententia,

1613 3555 1722 3604 sed
1743 3570 1810 3605 ex
1849 3556 2089 3606 instituto
2123 3554 2370 3619 colloquii
2392 3552 2671 3609 sententiae

1611 3631 1777 3682 forma
1811 3634 2073 3683 nascitur:
2110 3639 2124 3661 ‘
2145 3632 2185 3682 si
2226 3632 2370 3681 illum
2404 3631 2670 3694 objurges,

1611 3708 1732 3757 vitae
1755 3709 1842 3772 qui
1877 3708 2120 3758 auxilium
2150 3706 2311 3771 tulit,’
2350 3709 2448 3757 dcc.
2513 3704 2673 3755 Sunt-

1614 3801 1715 3850 que
1750 3787 1832 3835 hae
1870 3788 2143 3836 senteutiae
2175 3785 2291 3835 fere
2323 3783 2672 3846 δεδημοσιωμέ.

1610 3878 1715 3913 ναις
1750 3864 1928 3928 quales
1968 3869 2036 3913 et‘
2063 3861 2265 3912 facilius
2309 3862 2576 3927 dicuutur,
2614 3869 2673 3913 et

1609 3940 1856 3989 libentius
1890 3939 1943 3989 iu
1976 3939 2185 3989 theatro
2224 3938 2523 3990 audiuntur.
2560 3940 2673 3988 Βω-

1610 4018 1778 4065 cieras.

1676 4093 1809 4141 Nam
1825 4092 1961 4140 istoec
1986 4091 2385 4153 commemoratio,
2406 4089 2515 4155 ξι]
2534 4088 2602 4138 Τὸ
2619 4087 2673 4138 δὲ

1607 4169 1695 4220 τὰς
1709 4168 1823 4221 ἰδίας
1840 4168 2112 4234 εὐεργεσίας
2126 4169 2493 4232 ἀναμιμνήσκειν
2506 4169 2671 4231 ponpa?

1607 4251 1702 4298 δεῖν
1723 4246 1880 4309 ὅμοιόν
1896 4248 2082 4309 ἐστιτῷ
2104 4245 2358 4311 ὀνειδίζειν.
2393 4245 2671 4296 Demosth-

1599 4326 1842 4390 -Ctesiph.
1874 4325 2161 4377 Farnobiu-
