3035 4941
448 4270 453 4277 ·
541 4253 696 4307 skins.

500 329 675 400 1838

502 486 921 542 commendabit:
968 463 1052 537 e‘ui
1105 502 1243 540 nnnc
1283 485 1564 539 Bacchidis
1613 521 1614 528 κ

502 580 671 616 mores
695 581 788 630 per
809 581 1031 616 errorem
1057 574 1327 629 aptantur.
1351 573 1425 618 ut.
1444 579 1565 629 pos-

503 649 587 692 set
609 643 894 707 procedere
919 643 1031 692 haec
1068 643 1418 706 reprehensio,
1441 642 1567 692 olim

502 732 607 768 non
630 719 797 768 sivisti
838 719 1017 780 filium,
1049 720 1171 768 dum
1212 722 1427 770 honesta
1454 734 1567 767 mu-

502 795 602 844 lier
643 794 767 857 fuit,
812 810 1021 856 αιτιοι-ες
1078 809 1230 858 nunc,
1294 801 1570 859 postquam

504 872 682 937 inopia
705 881 958 937 quaestnm
982 872 1209 935 occepit,
1240 871 1570 923 meretricem

506 958 822 1016 summosam
849 950 897 999 ei
921 947 1182 998 concedis.
1219 948 1484 1006 Boeclerus.

516 1077 521 1080 Α
571 1030 634 1075 35
683 1027 949 1075 Commeat-e
999 1026 1062 1074 ad
1104 1026 1426 1086 mulierculam
1466 1039 1571 1087 qua

500 1102 721 1168 paululo]
745 1103 847 1151 Hic
869 1117 1048 1152 versus
1073 1108 1199 1164 stat,
1223 1100 1505 1151 contractis
1520 1100 1574 1149 iu

510 1194 661 1228 unam
706 1178 908 1230 duabus
941 1177 1124 1227 mediis
1171 1176 1382 1242 syllabis
1410 1176 1575 1228 ·ve1·bi

507 1269 796 1313 commearu
829 1256 1013 1305 ultima
1056 1270 1178 1304 vero
1214 1268 1309 1318 per
1348 1254 1574 1318 synaloe-

511 1333 647 1398 phen
671 1346 770 1384 non
791 1332 935 1381 elisa.
960 1338 1051 1381 aut
1072 1329 1210 1380 forte
1232 1331 1466 1392 senarius
1491 1336 1578 1381 est

513 1409 719 1476 generis
742 1407 963 1471 confusi,
986 1408 1265 1458 admittens
1299 1407 1350 1456 in
1377 1406 1575 1470 princi-

513 1487 602 1551 pio
651 1487 922 1544 trochaeos,
968 1486 1018 1535 in
1063 1484 1168 1536 fine
1212 1485 1424 1544 iambos.
1476 1484 1576 1535 Fa-

514 1564 675 1618 ernas.

583 1639 704 1697 Quoe
716 1640 928 1704 paululo]
954 1640 1123 1692 Quam
1141 1636 1344 1702 putavit
1357 1637 1578 1694 Bacchi-

515 1716 655 1780 dem,
688 1731 986 1782 procacem,
1022 1713 1366 1778 magnificam,
1401 1728 1577 1777 sump-

516 1802 736 1858 tuosam,
763 1794 1005 1856 nobilem,
1030 1791 1319 1856 eujusmodi
1343 1790 1581 1850 laudavit

515 1871 656 1923 illam
681 1872 927 1935 Clitipho,
959 1878 1063 1920 act.
1095 1884 1136 1921 1.
1173 1884 1245 1919 sc.
1267 1872 1318 1918 2.
1370 1868 1581 1920 Furnab.

583 1953 649 1998 36
685 1950 864 2011 Cuique
878 1954 1023 2010 grata
1043 1952 1181 1996 erant
1199 1944 1378 2009 omnia]
1412 1946 1586 2006 Parce

519 2026 715 2091 quippe
760 2034 816 2075 et
856 2025 1088 2075 tenuiter
1133 2024 1313 2074 vivere
1353 2029 1583 2084 assueta,

518 2101 738 2154 modicis
771 2101 1068 2158 muneribus
1102 2097 1384 2164 gaudebat.
1422 2112 1585 2163 oppo-

521 2180 664 2230 nitur
703 2178 816 2229 haec
850 2177 1136 2240 descriptio
1170 2174 1382 2225 fastidio
1418 2188 1587 2224 mere-

521 2255 732 2318 tricum,
763 2255 957 2318 quibus
998 2268 1118 2304 cum
1163 2267 1370 2316 semper
1415 2252 1588 2313 datur,

521 2346 728 2395 semper
773 2330 1005 2394 affertur,
1061 2330 1191 2379 nihii
1238 2341 1429 2380 tamen
1460 2329 1589 2392 satis

523 2409 811 2475 pretiosum
851 2414 951 2456 est.
1019 2406 1158 2456 Hinc
1194 2405 1322 2455 illud
1355 2406 1606 2470 internis

525 2494 776 2550 mentum,
807 2487 896 2535 illa
929 2485 1088 2546 fraus,
1123 2485 1496 2546 inamatores,
1535 2492 1593 2534 et

527 2577 707 2611 eorum
732 2569 994 2625 parentes.
1019 2561 1282 2615 Plautinae
1302 2562 1590 2627 Comoediae

528 2637 798 2687 abundant
820 2638 1092 2700 exemplis·
1126 2622 1393 2690 Boeclerus.

590 2719 654 2768 37
692 2716 770 2777 Εᾳ
790 2719 949 2765 coacta
968 2715 1196 2777 ingratiis
1212 2721 1321 2778 post
1351 2715 1437 2765 illa
1456 2716 1596 2779 coepit

523 2792 704 2843 victum
742 2793 881 2854 vulgo
921 2793 1157 2856 quoereve]
1192 2792 1281 2842 Ita
1306 2807 1401 2856 per
1422 2793 1592 2856 suspi-

527 2869 727 2921 cionem
762 2877 818 2918 et
852 2884 1080 2919 errorem
1106 2884 1364 2934 personae.
1388 2870 1594 2932 conjec-

529 2954 647 2998 tura
691 2953 866 2997 tamen
905 2947 1195 2999 modestius
1245 2947 1426 3008 utitur,
1480 2953 1596 2996 tan-

529 3040 683 3090 quam
707 3024 774 3074 de
813 3037 894 3084 ea,
926 3025 1009 3074 cui
1035 3030 1230 3086 praeter
1254 3022 1596 3091 peregrinita-

527 3103 712 3153 temin
744 3101 978 3151 oratione
1006 3099 1313 3157 Menedemi
1348 3099 1470 3147 nibil
1496 3113 1596 3153 ‚an-

527 3186 616 3231 tea
638 3179 795 3242 objici
819 3178 1147 3227 meminerat.
1186 3176 1336 3225 Idem.
1426 3224 1431 3227 .

594 3262 658 3307 39
694 3257 855 3319 Num:¹
877 3270 983 3304 cum
1021 3254 1126 3304 sine
1167 3268 1337 3316 magno
1378 3251 1596 3302 intertri-

526 3331 707 3395 mento]
745 3331 899 3381 Unde
929 3332 1082 3381 modo
1106 3330 1218 3381 sine
1243 3344 1429 3392 magno
1453 3329 1597 3378 dam-

428 3424 433 3427 *
527 3407 803 3463 no.haberi
836 3421 939 3456 non
979 3411 1172 3468 potest.
1237 3407 1601 3465 Intertzimenta

529 3489 705 3549 autem
728 3489 866 3543 sunt,
887 3497 1003 3547 quae
1038 3483 1179 3533 intus
1203 3482 1422 3532 terendo
1447 3482 1592 3533 dam·

532 3576 602 3610 na
626 3559 924 3624 perficiunt.
948 3558 1286 3622 ‘Eugraphius.

598 3637 743 3691 Nunc
764 3636 868 3685 sine
899 3649 1069 3696 magno
1107 3634 1474 3696 intertrimento,
1506 3650 1601 3685 non
1640 3692 1646 3698 ¹

461 3772 471 3783 .
530 3711 847 3777 potem-Hic
887 3709 1208 3775 adscriptum
1246 3712 1425 3763 estin
1466 3712 1599 3763 libro

533 3790 822 3849 ,Bembinot
876 3788 894 3816 ‘
936 3789 1076 3839 Inter
1110 3796 1166 3838 et
1198 3790 1261 3841 de
1296 3789 1599 3841 tantundem

531 3867 836 3931 significant
891 3865 955 3916 ad
1023 3873 1358 3929 augmentum
1426 3873 1599 3917 osten.

535 3946 778 3997 dendum.
816 3944 937 3993 hinc
986 3942 1200 4005 dicitur,
1235 3941 1599 3994 ‘inte1·feetuS.,'

537 4023 775 4075 Fazrnus.

600 4105 667 4149 40
704 4090 906 4154 Quidvis
943 4098 1057 4147 dore
1098 4095 1254 4160 cupis]
1299 4095 1420 4146 Scio
1461 4088 1600 4145 enim

446 4214 449 4233 ,
536 4176 884 4242 quodeunque
923 4173 1189 4225 desideras
1225 4173 1370 4229 dare.
1404 4173 1601 4236 Bagra·-

1590 4296 1596 4311 ,
1678 4251 1816 4327 belno,

1120 391 1126 405 ,
1207 345 1422 395 ΝΘΤΕ
1469 344 1876 395 vAmoRUM
1897 359 1906 380 ⁹
1927 345 2006 394 IN

1703 491 1776 537 41-
1804 488 1961 544 Qum
1977 503 2060 541 xeu·
2081 499 2206 538 mc
2227 486 2491 550 instructa}
2508 487 2703 537 Verum

1641 571 1700 616 ut
1724 564 1889 626 possis
1905 564 2237 627 intelligere,
2270 563 2706 627 quemadmodum

1637 647 1777 689 nunc
1813 640 1900 690 illa
1934 641 2183 690 meretrix
2221 641 2483 690 instructa
2515 640 2592 689 sit
2620 639 2706 688 ad·

1645 730 1824 766 versus
1841 716 2004 772 filium
2029 724 2195 778 tunm,
2224 724 2281 767 et
2314 717 2380 766 ad
2404 730 2563 781 quam
2595 730 2709 779 per-

1643 792 1831 842 niciem
1857 793 2085 856 adjecta,
2120 794 2273 843 Idem.
2711 828 2718 842 .

1708 869 1953 922 lnetnoeta
1971 872 2134 933 pulcre
2146 872 2207 920 ad
2224 868 2507 934 perniciem]
2529 869 2714 919 Suavi-

1645 952 1810 996 tatem
1836 946 2019 1002 comici
2060 946 2309 995 sermonis
2344 952 2543 1007 augent
2585 944 2675 994 illa
2697 960 2713 993 z

1647 1022 1850 1086 pulcre,
1866 1020 2047 1085 probe,
2065 1022 2339 1085 praeclare,
2349 1023 2587 1085 egregie,
2600 1035 2717 1069 cum

1646 1099 1870 1164 quadam
1894 1100 2215 1163 elegantiore
2229 1099 2410 1163 ironia,
2431 1113 2530 1163 pro
2546 1098 2718 1149 valde.

1649 1177 1914 1230 Boeclem.

1713 1259 1778 1305 42
1819 1256 2055 1324 Oneratas
2087 1259 2215 1304 veste
2250 1258 2390 1316 utque
2425 1252 2574 1316 auro]
2616 1251 2721 1301 Pa-

1650 1347 1763 1383 rum
1788 1332 2011 1394 dixerat,
2049 1332 2246 1380 ancillas
2279 1332 2457 1393 decem,
2489 1345 2611 1395 quae
2636 1344 2722 1377 res

1652 1410 1930 1461 tantumin
1962 1422 2176 1460 numero
2215 1407 2468 1457 collocata
2507 1405 2723 1455 videba-

1650 1495 1773 1539 tur:
1810 1487 2001 1551 adjecit
2020 1491 2239 1536 oneratas
2261 1491 2390 1535 veste
2420 1491 2568 1548 atque
2589 1499 2727 1544 auro,

1652 1574 1715 1615 ut
1737 1564 1925 1630 pudori
1950 1564 2026 1613 sitr
2044 1562 2263 1612 ancillas
2285 1562 2420 1611 tales
2459 1563 2543 1612 ita
2564 1561 2734 1614 vesti-v.

1652 1646 1731 1691 tas
1771 1640 1874 1690 levi
1911 1640 2027 1690 cibo
2065 1653 2298 1703 pascere,
2331 1643 2425 1698 ant
2445 1646 2600 1698 certe
2620 1652 2726 1688 ser-

1652 1717 1759 1769 vili.
1791 1717 2118 1780 Eugwpkius.

1718 1794 1945 1857 Satrapes
1965 1793 2011 1842 si
2028 1794 2117 1842 siet
2122 1792 2258 1855 Ἡᾷο]
2279 1791 2373 1841 In
2361 1792 2425 1842 iis
2447 1791 2595 1841 notis
2610 1806 2727 1855 quae

1655 1884 1821 1935 nuper
1844 1869 2067 1918 Lutetiae
2093 1868 2252 1917 cditae
2267 1867 2503 1918 suntsnb
2520 1867 2728 1916 nomine

1655 1948 1708 1999 J,
1730 1947 2036 2009 Peyraredi‚
2058 1946 2152 2004 hoc
2177 1945 2313 2008 legi:
2350 1945 2387 1994 il
2407 1959 2457 1993 se
2477 1950 2583 1994 sert
2602 1946 2663 1993 de
2680 1959 2731 1993 ce

1656 2031 1755 2074 mot
1791 2026 1822 2072 ὰ
1858 2039 1995 2084 cause
2034 2038 2121 2086 que
2157 2028 2278 2073 cette
2319 2022 2544 2072 Combdie
2585 2027 2731 2087 ayunt

1659 2099 1736 2152 ἑτέ
1764 2102 1883 2151 tir-ee
1899 2105 1957 2151 de
1974 2103 2261 2164 Menandre,
2280 2103 2349 2152 les
2366 2102 2491 2151 Rois
2511 2103 2572 2151 de
2588 2102 2732 2151 Perse

1660 2179 1906 2241 regmient
1944 2180 2038 2227 [ονε
2071 2195 2131 2228 ea
2155 2179 2287 2230 Acie.
2326 2186 2449 2227 sunt
2486 2179 2605 2242 ipsa
2643 2178 2733 2227 bo-

1662 2257 1814 2310 minis
1860 2255 2038 2316 verba,
2080 2256 2207 2308 nihil
2250 2256 2304 2305 in
2346 2255 2409 2304 iis
2437 2263 2733 2310 mutatum·

1664 2333 1871 2397 Itaque,
1917 2333 2066 2397 siqua
2097 2333 2186 2381 illi
2240 2332 2393 2392 fides,
2431 2333 2732 2398 Menander

1666 2416 1786 2459 ante
1810 2415 2025 2458 mortem
2050 2408 2195 2458 Darii
2221 2407 2549 2462 Codomanni
2572 2409 2734 2472 serip-

1666 2487 1823 2537 serit:
1845 2486 2134 2534 mirabilem
2154 2498 2279 2545 vero
2302 2485 2732 2550 Chronologiam!

1667 2563 1845 2628 Reges
1863 2564 2145 2612 Persarum
2163 2563 2253 2633 qui
2273 2563 2482 2615 taudem
2503 2563 2599 2612 illa
2612 2569 2739 2612 tem-

1668 2645 1877 2703 pestate
1901 2639 2043 2689 Asiae
2074 2639 2487 2702 irnperitassent,
2513 2654 2637 2691 cum
2661 2653 2738 2688 es-

1671 2723 1785 2765 sent
1804 2715 1961 2765 nulli!
2004 2714 2067 2763 In
2086 2715 2333 2777 Eunucho
2344 2715 2599 2772 Terentii,
2623 2728 2741 2779 qnae

1672 2793 1739 2842 de
1761 2792 2051 2843 Menandro
2074 2807 2223 2843 versa
2245 2799 2350 2855 est,
2372 2792 2567 2856 Pyrrhi
2596 2806 2744 2842 men·-

1672 2871 1747 2918 tio
1793 2869 1851 2918 fit
1877 2885 1893 2929 ς
1935 2883 1999 2917 an
2040 2867 2159 2918 idco
2202 2868 2347 2918 dicas
2386 2882 2450 2923 eo
2495 2875 2745 2931 tempore

1674 2947 1914 3008 bellasse,
1938 2962 2039 3010 quo
2075 2947 2355 3007 Persarum
2391 2947 2567 3010 Reges
2601 2946 2748 2996 Asiae

1670 3022 2104 3087 dominabantur?
2138 3025 2295 3074 Error
2337 3024 2406 3072 sit
2443 3022 2747 3087 pudendus.

1675 3102 1811 3151 Nam
1861 3100 2153 3150 Menander
2205 3099 2384 3151 floruit
2425 3100 2531 3149 *sub
2581 3099 2747 3150 finem

1589 3226 1594 3237 ‚
1673 3177 1949 3233 Ptolemaei
1976 3177 2203 3241 Lagidae‚
2235 3186 2289 3228 et
2324 3177 2421 3227 sub
2446 3176 2598 3226 initia
2620 3178 2747 3227 Phi-

1673 3254 1918 3318 ladelphi,
1958 3254 2282 3318 temporibus
2311 3254 2572 3304 Demetrii
2597 3255 2746 3305 Poli-

1673 3340 1884 3393 orcetes,
1919 3339 1973 3382 et
2011 3331 2274 3381 Demetrii
2296 3329 2541 3380 Phalerei
2561 3345 2577 3389 ;
2601 3329 2748 3395 quod

1675 3423 1739 3458 ex
1782 3409 1948 3457 veteri
1992 3408 2214 3457 historia
2252 3406 2606 3457 certissimum
2635 3415 2749 3467 est,

1674 3494 1730 3535 et
1757 3486 1859 3535 tale
1882 3484 2079 3550 aliquid
2109 3483 2246 3549 apud
2279 3482 2561 3533 Phaedrum
2583 3484 2747 3533 etiam

1673 3563 1839 3631 legas.
1875 3561 2049 3612 Faber.

1740 3639 1970 3701 Satrapes
1988 3637 2106 3701 siet]
2136 3636 2294 3703 Apud
2320 3636 2641 3700 Babylonios
2667 3653 2745 3688 sa·

1676 3723 1841 3781 trapae
1865 3715 2196 3779 appellantur
2220 3713 2482 3774 ditissimi,
2504 3722 2568 3763 et
2587 3715 2747 3764 satel-

1676 3793 1797 3842 lites
1822 3805 2019 3854 regum.
2060 3790 2385 3857 Eugraphius.

1746 3871 2145 3921 Oneratasmesoe
2186 3872 2328 3929 atque
2366 3865 2508 3930 auro]
2547 3867 2742 3930 Eugra·

1677 3947 1826 4010 phius
1871 3944 1936 3994 ad
1994 3944 2241 3994 vestitum
2285 3943 2588 3995 ancillarum
2644 3942 2744 3993 hoc

1677 4022 1861 4077 refert.
1882 4036 1947 4072 au
1970 4020 2163 4089 oblitus
2187 4027 2289 4081 est,
2307 4020 2447 4085 quod
2468 4034 2634 4085 snpra
2656 4036 2744 4085 po-

1677 4094 1782 4150 s'uit
1819 4097 1990 4148 Poeta
2029 4103 2134 4148 act.
2163 4111 2230 4147 ν.
2264 4112 2356 4147 sc..
2382 4101 2432 4146 8.
2453 4111 2574 4147 .vss.
2602 4101 2658 4148 6.
2694 4101 2744 4147 7.

1678 4178 1693 4205 ⁴
1715 4177 1961 4241 Portant,
1997 4173 2120 4239 quid
2150 4174 2359 4224 rernm?
2392 4187 2594 4235 aurum,
2629 4187 2743 4223 ves-

1927 4249 2185 4323 Mundum
2239 4257 2297 4301 et
2331 4292 2336 4299 .
2364 4248 2743 4315 supellectilem
