3035 4941
685 397 1049 447 'renuunt
1101 397 1439 455 EUNucn.
1484 397 1651 446 AOT.
1699 399 1797 448 lv.
1844 399 1949 448 SC.
1995 400 2108 447 111.

306 554 407 605 quo
428 539 638 590 nomine
660 540 862 605 antiqui
885 555 1040 604 grave
1070 541 1243 591 vinum
1279 555 1368 605 ap·

304 618 684 680 pellabant„eo
706 618 842 683 quod
871 625 1369 680 tentaretmentem,

302 694 357 743 id
393 702 497 754 est,
530 694 896 745 labefactaret.
929 695 1076 759 Virg.
1122 694 1368 743 ‘Tenuis-

303 786 405 835 qne
441 772 669 834 Lagaeos
703 772 987 822 Tentatura
1026 770 1184 835 pedes
1227 771 1367 832 olim,

301 847 653 912 ,vincturaque
673 847 937 912 linguam.’
973 848 1210 897 Donatus.

370 923 649 974 Temulenta
670 925 743 988 es]
778 923 966 973 Ebria:
1003 930 1276 988 temetum,
1297 921 1369 971 vi·

303 1013 431 1048 num
453 1006 535 1047 est
552 1012 761 1049 merum.
809 996 873 1048 Τὸ
885 998 998 1059 μέθυ
1013 994 1132 1049 οἶνος
1153 997 1369 1062 ἄκρατος.

303 1074 595 1126 Farnobius.

373 1151 580 1202 Utinam
613 1153 684 1202 sic
718 1151 834 1214 sint,
865 1151 948 1215 qui
983 1151 1102 1201 mihi
1131 1151 1253 1200 male
1287 1166 1365 1199 uo·

299 1227 434 1291 lunt]
467 1228 630 1276 Bene.
652 1241 753 1276 non
777 1228 975 1277 ebriam
991 1242 1125 1290 esse,
1143 1228 1194 1276 in
1210 1228 1367 1277 male·

300 1304 504 1354 dictum
529 1304 689 1354 vertit
706 1320 722 1353 ε
770 1305 916 1369 quasi
956 1320 1079 1356 vero
1121 1306 1369 1355 temulen-

302 1387 415 1431 tam
437 1393 575 1441 esse,
598 1377 869 1429 felicitatis
891 1379 977 1430 sit.
1045 1381 1127 1430 An
1152 1395 1253 1429 non
1278 1394 1367 1430 ne-

301 1466 396 1523 gat
418 1474 478 1508 se
496 1472 611 1508 esse
634 1459 850 1522 ebriam,
873 1457 964 1507 sed
989 1473 1089 1508 nou
1124 1460 1258 1521 vino,
1283 1473 1368 1509 ve·

300 1549 418 1584 rum
456 1535 593 1583 malo
627 1531 819 1583 ebriam
844 1536 953 1584 vult
983 1533 1234 1599 intelligi?
1266 1535 1369 1583 Do·

297 1616 465 1662 natus.

376 1690 580 1738 Utinam
595 1688 664 1737 sic
683 1687 782 1737 sint
802 1687 883 1751 qui
906 1687 1022 1736 mim
1039 1688 1161 1736 male
1180 1687 1368 1751 volunt]

303 1761 530 1829 Optima
551 1765 830 1826 sententia,
862 1778 1013 1828 quam
1044 1764 1284 1812 Donatus
1315 1770 1372 1814 et

299 1842 550 1906 Guyetus
572 1842 850 1904 explicant.
872 1841 1007 1889 male
1024 1840 1294 1902 reponitur
1315 1847 1371 1889 et

301 1924 541 1969 temere:
576 1917 761 1965 utinam
780 1918 851 1965 sic
871 1916 936 1965 sit
952 1914 978 1965 .'
1012 1916 1093 1979 qui
1111 1914 1231 1964 mila·
1251 1916 1372 1966 male

304 1995 489 2043 volunt.
525 1994 813 2042 Boeclerus.

382 2067 602 2132 Utinam,
636 2058 743 2133 ξω]
772 2066 951 2118 ‘Istuc
986 2067 1203 2116 inimicis
1237 2065 1373 2117 siet.’

307 2144 601 2195 Heautont.
638 2153 741 2194 act.
766 2159 814 2193 v.
851 2159 991 2194 scen.
1017 2148 1065 2193 8.
1113 2144 1128 2171 ‘
1147 2144 1371 2194 Eveniat

311 2220 502 2271 nostris
521 2220 751 2270 hostibus
776 2221 863 2270 ille
879 2219 1076 2285 pudor.'
1104 2219 1262 2270 Ovid.
1282 2221 1370 2270 lib.

309 2310 397 2347 m.
419 2298 569 2361 Eleg.
603 2297 885 2346 Far-namus.

374 2378 441 2425 14
473 2373 590 2424 Mea
613 2374 844 2438 Pythias]
873 2375 1005 2436 Mea,
1028 2379 1082 2423 et
1104 2379 1292 2431 meatu,
1316 2379 1372 2423 et

311 2451 496 2515 amabo,
516 2458 575 2502 et
609 2452 711 2500 alia
744 2450 1119 2516 hujuscemodi,
1148 2450 1371 2501 mulieri·

310 2531 404 2581 bus
428 2538 554 2594 apta
575 2537 695 2578 sunt
732 2525 1099 2577 blau‘dimenta.
1131 2529 1372 2577 Donatus.

373 2608 455 2659 Au
476 2606 662 2658 obsecro
694 2623 796 2657 mea
827 2605 1060 2671 Pythias]
1094 2605 1175 2655 An
1199 2621 1372 2669 egres-

307 2700 434 2744 sam,
449 2684 614 2734 veluti
633 2684 696 2733 ad
716 2681 992 2747 fugitivum
1010 2682 1375 2747 requirendum

308 2757 645 2827 Pythiadem,
660 2760 995 2824 consequitur
1008 2761 1173 2809 altera
1189 2759 1375 2808 ancilla

310 2836 507 2888 Dorias
530 2854 547 2898 3
582 2852 646 2886 an
678 2833 844 2886 adhuc
867 2836 920 2885 in
945 2847 1097 2884 scena
1120 2835 1372 2891 substitit,

309 2914 531 2964 necdum
564 2912 771 2962 domum
808 2912 1059 2976 ingressa,
1096 2910 1373 2973 Pythiadis

311 3003 549 3039 sermone
571 2987 749 3039 audito
773 2986 1036 3038 accurrit?
1067 2986 1249 3036 debuit
1280 3002 1369 3035 au-

313 3075 418 3117 tem
454 3065 659 3127 adesse,
696 3072 755 3115 ut
787 3064 945 3114 turba
978 3064 1177 3124 domus„
1211 3064 1373 3129 trepi-

311 3144 520 3193 datione
556 3141 765 3192 familiae
814 3142 1035 3205 amplius
1069 3141 1375 3191 ostendatur

312 3219 593 3270 Phaedriae.
661 3219 823 3267 Vultu
881 3231 1004 3281 ergo
1066 3217 1374 3280 perturbato

309 3298 422 3348 haec
466 3296 603 3362 loqui
639 3294 967 3358 intelligitur.
992 3294 1117 3343 illud
1158 3310 1280 3355 mea,
1319 3301 1375 3345 et

312 3389 451 3436 mox,
482 3389 585 3422 mea
617 3379 690 3435 tu,
728 3370 993 3421 familiaris
1036 3370 1375 3420 blandimenti

315 3459 451 3511 sunt,
475 3450 567 3500 sed
584 3451 669 3499 hic
688 3465 751 3498 ex
776 3448 1153 3498 consuetudine
1170 3456 1374 3511 pertur-

313 3528 509 3579 bationi
543 3528 776 3578 serviunt
810 3528 947 3576 inter
978 3527 1262 3578 studiosius
1298 3541 1375 3576 re-

317 3600 579 3670 quirentes
604 3613 660 3655 et
681 3606 1016 3655 admirantes.
1050 3605 1308 3654 Boeclerus.

379 3682 513 3738 Quid
532 3683 764 3731 istucnam
786 3681 982 3730 monstri
992 3679 1122 3744 fuit]
1171 3682 1380 3745 Quippe

311 3764 571 3807 monstrum
609 3765 693 3806 est
724 3771 874 3806 omne
907 3766 1090 3806 contra
1119 3763 1377 3806 naturam.

313 3833 367 3883 Si
389 3834 549 3897 igitur
572 3833 851 3883 Eunuchus
878 3837 974 3893 est,
988 3838 1043 3882 et
1060 3832 1259 3881 vitiavit
1280 3832 1378 3880 vir·

315 3911 510 3979 ginem,
532 3919 717 3960 contra
740 3924 908 3959 rerum
925 3917 1161 3958 naturam
1180 3907 1378 3958 factum

314 3976 414 4048 est,
435 3993 492 4036 et
515 3994 661 4035 recte
684 3992 970 4036 monstrum
992 3989 1090 4033 est.
1157 3986 1229 4034 Et
1252 3984 1379 4033 ordo

315 4056 415 4125 est,
442 4063 574 4120 Quid
606 4063 843 4111 istucuam
863 4062 1066 4111 monstri
1075 4059 1183 4120 suit
1201 4066 1222 4109 P
1270 4062 1378 4110 Do·

316 4152 486 4193 natus.

379 4224 437 4267 15
480 4218 581 4274 Qui
604 4217 728 4265 istuc
740 4215 905 4277 facere
919 4214 1177 4265 Eunuchus
1196 4215 1378 4279 potuit]

319 4298 649 4360 Istuesacere‚
669 4295 948 4346 honestius
974 4292 1113 4359 apud
1139 4295 1381 4358 puellam,

2327 382 2502 450 1245

1439 554 1592 606 quam
1630 540 1895 592 “Vitio-o
1918 540 2183 598 ‘dixissen
2230 548 2289 593 et
2322 550 2500 608 potest

1441 616 1606 666 videri
1631 616 1828 681 aliquid
1851 625 1983 668 nutu
2001 618 2313 682 significare.
2348 621 2498 672 Idm

1511 694 1611 750 Qui
1630 748 1633 752 ‚
1652 695 1785 752 istuc*
1807 695 1975 755 facere
2016 695 2271 744 Eunuchus
2315 695 2501 759 pontit]

1440 770 1640 820 Iterum
1678 771 1982 836 castiganda
2014 779 2095 820 est
2130 771 2344 835 ineptia,
2381 786 2499 837 quoe

1440 846 1492 895 in
1517 848 1716 899 Donati
1739 848 2109 907 commentario
2132 847 2352 912 legitur:
2387 852 2403 877 ⁸
2431 850 2504 899 Is-

1439 928 1520 974 tuc
1546 923 1732 985 facere,
1764 925 2048 987 honestius,
2081 924 2219 989 apud
2257 925 2501 989 puellam,

1440 1013 1590 1063 quam
1649 1000 1693 1049 si
1732 1001 1907 1050 vitiare
1955 999 2211 1050 dixisset?
2254 1000 2502 1051 hactenus

1442 1074 1595 1126 bene.
1616 1092 1926 1142 quamquam
1948 1078 2060 1128 haee
2081 1093 2286 1143 quoque
2303 1079 2502 1129 minuta

1441 1151 1608 1218 possit
1632 1153 1795 1202 videri
1826 1154 2108 1216 industria,
2131 1169 2246 1204 cum
2272 1154 2387 1217 ipsa
2406 1170 2503 1218 pu·

1441 1229 1543 1280 ella
1564 1228 1837 1295 (Pythias)
1857 1230 2010 1280 modo
2044 1231 2239 1282 dixerit
2260 1247 2274 1281 ε
2307 1233 2324 1260 ‘
2348 1233 2504 1296 virgi-

1441 1319 1560 1354 nem
1582 1305 1819 1355 vitiavit?
1862 1305 1952 1355 sed
1977 1306 2114 1371 quod
2139 1308 2393 1372 sequitur,
2415 1311 2431 1336 ⁸
2447 1314 2506 1358 et

1442 1387 1625 1445 potest¹
1639 1380 1801 1431 videri
1820 1381 2019 1446 aliquid
2032 1388 2160 1432 nutu
2172 1382 2505 1446 significare?

1442 1459 1595 1522 quam
1618 1466 1702 1507 est
1722 1457 1996 1523 περίεργονὲ
2029 1460 2290 1512 Boeczem.

1508 1536 1769 1597 Ego'illum
1785 1537 1941 1586 nescio
1964 1535 2231 1601 quisuerit]
2248 1535 2505 1600 Σύλληψις.

1444 1611 1598 1661 Bene.
1615 1612 1799 1662 vitavit
1832 1613 2070 1662 Eunuchi
2105 1627 2310 1677 nomeu,
2334 1619 2392 1663 ut
2428 1614 2504 1661 vi.

1445 1687 1605 1736 tiasse
1629 1687 1895 1752 Virginem
1924 1688 2162 1739 obtinere
2187 1689 2367 1753 possit.
2401 1689 2502 1737 Do-

1443 1768 1599 1814 natus.
2366 1795 2373 1802 ·

1511 1845 1577 1889 16
1607 1840 1718 1889 Hoc
1737 1841 1859 1906 quod
1878 1838 2024 1898 fecit,
2053 1839 2266 1903 resipsa
2297 1840 2507 1903 indicat]

1445 1916 1594 1966 Bene
1618 1923 1673 1966 et
1702 1916 1950 1979 expedite
1973 1924 2278 1982 argumenta
2300 1905 2505 1981 conjec-

1447 1998 1576 2041 turae
1598 1992 1815 2057 colligit.
1850 1990 2192 2040 conferendus
2225 2000 2306 2041 est
2328 1992 2506 2041 similis

1447 2070 1589 2119 locus
1610 2068 1838 2133 Adelph.
1860 2082 1948 2118 111.
1980 2073 2028 2118 4.
2052 2072 2134 2117 32.
2165 2070 2263 2118 &m
2298 2071 2508 2132 egregie

1446 2154 1623 2195 autem
1673 2147 1929 2212 signatur·
1961 2145 2171 2208 virginis
2221 2146 2505 2204 imminutae

1444 2221 1609 2274 πάθος.
1646 2223 1909 2272 Boeclenoe.

1512 2303 1574 2349 17
1619 2300 1770 2363 Virgo
1791 2300 1894 2363 ipsa
1931 2298 2185 2362 laci-umal]
2237 2297 2286 2347 N
2292 2312 2389 2349 unc
2426 2312 2508 2348 os·

1447 2377 1617 2428 tendit
1637 2376 1761 2442 quid
1785 2375 1995 2439 fecerit,
2015 2385 2069 2426 et
2092 2373 2328 2428 ostendit
2351 2389 2505 2440 argu·

1446 2452 1650 2503 mentis.
1686 2451 1924 2502 Donatus.

1512 2530 1682 2593 Neque
1712 2544 1818 2579 cum
1849 2529 2051 2590 rogites,
2089 2524 2204 2591 quid
2243 2527 2331 2589 sit,
2364 2528 2509 2583 audet

1444 2606 1624 2669 dicere]
1661 2606 1812 2656 Quod
1834 2606 1877 2655 si
1909 2604 2187 2655 verberata
2207 2605 2385 2654 esset?
2415 2596 2508 2653 sed

1446 2697 1549 2731 uon
1577 2679 1798 2745 puderet
1818 2682 1982 2746 queri.
2051 2681 2182 2730 Haec
2223 2687 2394 2729 autem
2431 2679 2507 2728 in-

1438 2758 1581 2823 juria
1611 2755 1747 2821 apud
1771 2757 2042 2820 Virginem
2079 2771 2182 2805 non
2222 2755 2381 2805 habet
2419 2765 2510 2803 uo-

1445 2850 1583 2885 men.
1618 2834 1787 2899 Idm.

1512 2916 1575 2961 18
1610 2908 1779 2961 Bonus
1799 2910 1898 2975 m'r]
1936 2909 2202 2974 Εἶρωνικῶς.
2236 2923 2337 2958 non
2362 2910 2506 2959 enim

1435 2991 1547 3055 jam
1572 2990 1870 3039 Eunuchus.
1906 2990 2053 3037 Bene
2076 2989 2235 3053 igitur
2255 2988 2365 3039 vir:
2386 2989 2509 3053 quia

1447 3068 1546 3131 hoc
1571 3067 1715 3115 illum
1738 3081 1852 3115 esse
1875 3063 2165 3114 contendit.
2198 3062 2347 3111 Idem,

1516 3142 1769 3205 Nusquam
1804 3134 2024 3204 apparet]
2078 3138 2296 3188 Nescius
2334 3142 2507 3186 utrum

1448 3216 1576 3283 fuga
1615 3218 1725 3282 ejus
1771 3223 2056 3282 quaeratur,
2096 3228 2159 3262 an
2201 3213 2371 3276 culpa.
2415 3212 2508 3261 sed

1449 3303 1675 3359 constat,
1718 3297 1831 3346 haec
1866 3301 2171 3360 argumenta
2203 3305 2336 3353 esse,
2369 3289 2506 3354 quod

1448 3372 1561 3437 ipse
1588 3373 1837 3436 virginem
1860 3370 2146 3421 vitiaverit.
2181 3368 2331 3418 Idem.

1517 3450 1680 3498 Etiam
1725 3450 1810 3498 hoc
1853 3448 2025 3497 misera
2070 3447 2303 3510 suspicor]
2361 3446 2508 3495 Bene

1449 3524 1595 3575 etiam
1612 3542 1629 3574 .·
1677 3525 1800 3590 quia
1822 3532 1878 3574 et
1900 3524 1997 3573 hoc
2023 3524 2337 3587 suspicatur,
2359 3521 2515 3585 virgi·

1450 3617 1568 3652 nem
1596 3603 1849 3652 vitiatam.
1885 3601 2035 3650 Idem.

1522 3680 1686 3729 Etiam
1716 3680 1801 3729 hoc
1833 3679 2008 3728 misera
2043 3676 2278 3740 suspicor]
2325 3675 2511 3734 Adhuc

1452 3765 1694 3823 tauquam
1727 3757 1792 3806 de
1827 3771 1976 3805 servo
1999 3753 2219 3819 fugitivo
2253 3753 2514 3817 loquitur-3

1451 3834 1540 3896 qui
1563 3832 1737 3897 fugam
1761 3832 2061 3897 plerumque
2083 3844 2198 3878 cum
2222 3826 2365 3878 furto
2388 3842 2509 3876 con·

1441 3911 1757 3975 jungebant,
1812 3911 1945 3960 sicut
2008 3906 2263 3970 expressit
2317 3906 2513 3956 Noster

1452 3985 1763 4039 Phormione
1800 4000 1842 4034 1.
1872 3989 1923 4034 4.
1963 3988 2043 4033 13.
2095 3987 2172 4032 14.
2217 3981 2512 4043 suspicatur

1455 4070 1627 4112 nutem
1651 4061 1748 4111 hoc
1764 4060 1980 4125 Pythias
2003 4074 2069 4108 ex
2091 4057 2288 4107 ancillis
2303 4055 2511 4105 Thaidis

1454 4140 1726 4203 promtior,
1743 4145 1798 4188 et
1814 4138 1878 4187 ad
1897 4151 2004 4203 rem
2021 4134 2327 4183 familiarem
2343 4140 2513 4182 atten-

1457 4218 1573 4275 tior,
1585 4222 1639 4264 et
1654 4215 1738 4264 cui
1756 4215 1912 4263 Thais
1928 4213 2076 4261 domo
2095 4211 2324 4274 digressa
2341 4206 2512 4259 omnia

1456 4293 1686 4347 curanda
1704 4292 2172 4346 commendaverat.
2210 4285 2468 4337 Boeclerus.
