3035 4941
684 415 1049 465 TERENTH
1102 414 1445 464 Eunucn.
1490 414 1655 463 Ao'l'.
1707 415 1771 460 V.
1818 414 1922 463 SG.
1970 417 2030 465 V.

267 561 527 606 maneret:
556 557 648 608 sed
673 558 988 610 transeundo
1009 559 1075 608 ab
1100 559 1328 622 ingluvie

265 630 336 680 ad
355 633 559 694 sordes,
580 640 637 684 et
660 634 905 698 inopiam,
936 634 1127 684 deinde
1151 648 1327 683 rursus

269 707 329 756 ad
354 708 639 771 ingluviem
674 712 1002 773 revertendo,
1026 710 1325 760 confusione

253 781 527 846 ,indecor-a,
549 786 752 835 diversa
776 788 915 836 inter
946 801 1003 836 se
1041 801 1211 836 rerum
1235 801 1325 850 ge·

262 870 386 908 nera
410 863 771 922 permisceret.
806 863 1039 912 Fa’e'rnus.

259 974 267 980 -
326 941 393 1004 16
431 938 588 993 Quam
622 940 882 992 inhoneste
914 943 1025 991 solae
1056 941 1154 990 sint
1177 939 1327 1003 domi]

262 1009 420 1075 Apud
446 1014 692 1064 Plautum
718 1018 858 1080 legas
883 1017 1087 1067 Asinar.
1109 1032 1148 1067 1.
1170 1022 1219 1067 2.
1245 1021 1325 1066 16.

261 1089 276 1116 ⁸
297 1088 510 1139 sordido
535 1092 691 1141 vitam
715 1093 1014 1144 obiectabas
1039 1094 1210 1158 pane.'
1245 1095 1327 1143 In·

261 1163 480 1216 homas
500 1168 643 1232 domi,
664 1170 931 1233 eleganter
973 1170 1109 1221 dixit
1130 1173 1325 1220 Teren·

261 1241 383 1304 tius,
429 1257 549 1307 quae
588 1246 791 1296 mnndae
837 1255 890 1296 et
922 1248 1224 1311 compositas
1269 1252 1326 1298 et

262 1319 532 1383 elegantes
550 1321 677 1373 foris
691 1326 1094 1388 conspiciuntur.
1135 1326 1323 1391 Itaque

262 1393 390 1456 ipsis
428 1397 567 1448 inter
601 1406 739 1460 artes
765 1407 866 1460 est,
901 1402 1014 1451 haec
1046 1401 1160 1451 vim
1192 1408 1321 1464 post,-

260 1472 415 1521 πρηέα
439 1475 643 1525 celare:
671 1484 728 1526 nt
742 1477 1041 1528 Lucretium
1057 1478 1323 1542 scripsisse

260 1546 373 1610 (lib.
393 1548 495 1614 rr.)
516 1553 706 1606 eruditi
724 1554 1038 1606 existimant.
1058 1555 1178 1605 hinc
1196 1555 1323 1604 Par·

258 1636 412 1673 meno
426 1638 519 1674 suo
534 1627 749 1677 consilio
765 1630 984 1692 palmam
1003 1630 1112 1690 dat,
1132 1630 1183 1678 in
1204 1645 1326 1702 prp-

262 1697 444 1762 d'endis
466 1718 581 1768 qnae
604 1706 928 1756 celabantur.
973 1708 1235 1757 Boeclerus.

323 1781 387 1827 17
427 1778 534 1834 Quo
556 1786 695 1844 pacto
737 1797 800 1831 ex
816 1782 955 1846 jure]
989 1785 1073 1832 Ex
1098 1799 1193 1843 pro
1219 1800 1325 1835 cum

260 1854 485 1915 positum
525 1865 624 1907 est.
658 1865 750 1908 aut
786 1860 940 1910 deest
957 1861 1213 1922 madidam,
1234 1869 1325 1911 aut

258 1937 564 2002 maceratum,
586 1940 677 1992 aut
695 1936 990 1994 emollitum3
1025 1951 1142 1988 nam
1164 1952 1323 2002 appa-

260 2015 342 2056 ret
359 2015 415 2057 et
438 2010 704 2060 sordidum
742 2026 877 2076 esse,
900 2021 954 2062 et
988 2013 1131 2077 qnasi
1157 2022 1321 2063 atrum

262 2081 552 2148 durumque
593 2102 799 2150 panem,
834 2090 921 2151 qui
956 2105 1022 2139 ex
1051 2090 1173 2153 jure
1209 2091 1323 2140 hes-

261 2166 410 2210 terno
442 2162 513 2210 sit
546 2163 912 2215 comedendus.
980 2165 1079 2215 Cui
1112 2174 1324 2216 contra·

260 2236 387 2286 rium
409 2238 684 2290 Sallustius
708 2241 900 2305 posuit,
922 2240 988 2290 de
1012 2241 1209 2294 deliciis
1230 2243 1323 2291 mi·

260 2312 402 2370 litum
449 2316 685 2381 loquens,
726 2318 929 2368 ‘Panes
950 2319 1087 2368 enim
1130 2318 1182 2368 in
1214 2320 1323 2370 dies

262 2392 516 2455 mercari,’
551 2393 735 2459 inquit.
769 2395 1008 2445 Donatus.

325 2469 406 2520 Ex
412 2470 532 2541 jure
547 2473 763 2523 hesterno
775 2489 946 2537 panem
961 2478 1119 2522 atrum
1135 2472 1323 2537 rorent]

264 2537 373 2597 Hoc
397 2555 498 2609 est,
533 2555 594 2598 ut
633 2546 839 2613 quidam
864 2551 1064 2612 volunt,
1099 2565 1165 2598 ex
1189 2551 1321 2600 anti-

265 2625 461 2686 quitate
479 2627 769 2677 mucidumz
794 2627 1111 2694 qnasidicat,
1134 2643 1320 2692 panem

266 2702 520 2751 mucidum
560 2703 808 2754 hesterno
840 2704 963 2770 jure
1004 2704 1321 2769 accipientes

266 2776 575 2842 deglutiunt.
611 2782 761 2831 Idem.

2287 397 2466 465 1279

1401 572 1538 612 nune
1580 556 1716 632 mire·
1752 572 1785 607 a
1848 558 2174 607 Parmenone
2228 558 2465 610 irritatur

1399 635 1582 698 magis,
1605 644 1664 684 ut
1705 645 1798 699 per
1840 650 1951 685 eam
1988 636 2246 684 Parmeno
2271 643 2464 686 terrea·

1399 719 1503 770 tur,
1541 719 1596 759 et
1622 726 1715 774 per
1738 712 2115 759 Parmenonem
2153 711 2354 772 ingredi
2394 712 2462 760 ad

1396 787 1644 835 Thaidem
1682 795 1901 848 cogatur
1937 789 2138 835 Senex:
2174 795 2228 835 et
2253 786 2460 836 demum

1399 875 1492 924 per
1566 862 1751 911 Senem
1815 862 2012 924 nuptiae
2070 860 2462 912 confirmentur.

1398 937 1531 987 Haec
1553 951 1680 1001 ergo
1701 937 1988 988 artificibus
2022 944 2077 987 et
2101 938 2339 993 eruditis,
2375 953 2462 987 ce-

1400 1022 1513 1063 tera
1568 1014 1955 1077 spectatoribus
2007 1012 2177 1063 Poeta
2229 1013 2461 1064 exhibet.

1395 1092 1633 1141 Donatus.

1464 1168 1572 1228 Ego
1590 1168 1669 1230 pul
1707 1172 1755 1217 te
1789 1182 1877 1232 pro
1910 1167 2021 1217 istis
2063 1167 2204 1217 dieti·
2233 1173 2281 1217 et
2290 1168 2463 1231 sactis,

1391 1245 1564 1299 scelus.
1601 1246 1829 1309 ulciscar]
1864 1246 1952 1296 Ita
1976 1246 2208 1296 ¹Plautus
2250 1245 2464 1310 Amphi·

1398 1328 1581 1370 truone
1599 1336 1638 1372 1.
1656 1326 1705 1372 1.
1728 1327 1809 1373 29.
1873 1323 1889 1350 ‘
1908 1325 2022 1386 Ege
2042 1323 2128 1386 pol
2147 1328 2200 1372 te
2224 1322 2334 1373 istis
2358 1323 2463 1378 tuis

1398 1409 1492 1458 pro
1527 1396 1682 1446 dictis
1705 1406 1760 1448 et
1779 1396 2093 1461 malefactis,
2113 1396 2345 1461 furcifer,
2376 1413 2462 1448 ac·

1397 1471 1625 1535 cipiam.'
1656 1474 1910 1523 Boeclerus.

1458 1547 1644 1597 Sonus
1679 1563 1732 1598 v.
1765 1549 2037 1600 'l‘rochaici
2060 1549 2352 1600 tetrametri
2375 1564 2462 1601 ca-

1398 1624 1630 1674 taiectici
1668 1640 1760 1675 seu
1799 1626 2086 1690 septenarii
2121 1634 2260 1675 sunt.
2296 1642 2370 1677 vs.
2406 1631 2459 1677 3.

1397 1700 1531 1749 Mss.
1553 1709 1716 1751 nostr.
1754 1716 1915 1753 nnus:
1965 1707 2019 1751 ut
2055 1716 2115 1751 ne
2151 1703 2202 1750 id
2234 1702 2462 1752 viderem.

1399 1791 1473 1826 vs.
1499 1782 1580 1827 10.
1612 1779 1886 1842 posterius,
1912 1794 2031 1840 esse,
2067 1793 2215 1838 nnus,
2241 1780 2461 1830 omittit.

1397 1867 1474 1902 vs.
1501 1859 1582 1904 15.
1617 1854 1745 1904 dno:
1799 1870 1899 1905 sese
1932 1855 1983 1904 id
2003 1855 2269 1914 facturam.
2294 1871 2458 1907 unus=

1396 1943 1493 1979 sese
1514 1930 1760 1991 idsacere.
1787 1947 1881 1996 pro
1912 1933 2101 1981 moecltis
2123 1930 2342 1995 Argent.
2371 1932 2459 1982 ha-

1389 2003 1488 2056 'bet
1512 2009 1774 2059 Eunuchis.
1799 2024 1875 2060 vs.
1901 2012 1980 2058 17.
2004 2008 2138 2058 duo:
2160 2009 2327 2067 facere
2349 2015 2459 2058 tan-

1398 2088 1496 2132 tum
1515 2083 1715 2142 facinus
1748 2087 1904 2134 audet.
1927 2099 2048 2134 mox
2084 2083 2306 2147 Argent.
2344 2085 2460 2148 qaid

1394 2156 1447 2205 id
1469 2163 1667 2208 tantum.
1700 2161 1798 2211 ΡΑ.
1831 2176 1894 2208 an
1927 2175 2019 2209 novt
2053 2161 2138 2208 hoc
2178 2160 2270 2209 tibi
2304 2160 2460 2211 maxi·

1357 2249 1522 2283 ‚mum
1559 2241 1664 2285 est?
1703 2234 1762 2284 τὸ
1793 2236 1884 2285 tibi
1918 2237 2074 2286 etiam
2109 2237 2213 2285 mei
2250 2237 2463 2289 habent.

1396 2310 1461 2382 ³¹&
1496 2326 1712 2376 quorum
1751 2328 1851 2383 ιιιιο
1883 2328 2120 2378 personae
2164 2314 2241 2364 ita
2273 2313 2460 2364 distin·
2511 2324 2523 2333 ⁴

1394 2398 1655 2452 guuntnr:
1691 2391 1798 2441 Pr.
1833 2392 1948 2454 quid
1974 2388 2085 2441 ait?
2116 2391 2219 2442 ΡΑ.
2255 2396 2461 2442 tantum.

1394 2464 1500 2516 Pr.
1521 2483 1584 2516 an
1604 2483 1694 2517 non
1726 2467 1817 2518 eibi
1838 2469 1923 2517 hoc
1945 2467 2201 2517 maximum
2216 2475 2321 2519 est?
2354 2469 2461 2520 ΡΑ.

1394 2542 1497 2605 quis
1526 2543 1675 2605 homo,
1698 2547 1798 2593 διο.
1837 2545 1888 2592 in
1929 2546 2094 2593 altero
2133 2544 2316 2594 eadem
2355 2546 2461 2595 dis·

1396 2621 1582 2681 tinctio
1597 2620 1648 2668 in
1666 2621 1895 2684 margine
1907 2629 2157 2671 annotata
2170 2628 2268 2672 est.
2287 2635 2361 2672 vs.
2378 2625 2461 2672 20.

1395 2697 1535 2746 duo:
1570 2697 1676 2747 dico
1712 2702 1758 2746 et
1793 2697 1921 2747 edico
1957 2697 2102 2747 vobis.
2137 2713 2208 2748 vs.
2239 2701 2320 2747 23.
2354 2697 2459 2748 dno

1396 2775 1645 2824 omittunt
1679 2773 1738 2824 τὸ
1778 2791 1854 2825 ne.
1891 2775 2173 2837 Argentor.
2208 2790 2268 2824 ne
2298 2781 2351 2824 ut
2384 2776 2462 2825 iun·

322 2857 522 2919 Exjure
535 2859 756 2908 hesterno
769 2873 941 2922 pam
960 2854 1120 2907 airum
1133 2857 1327 2922 vorent]
1390 2850 1564 2912 prosis.
1587 2857 1640 2899 et
1662 2851 1713 2899 in
1737 2852 1996 2914 margine:
2029 2853 2094 2901 al.
2112 2866 2221 2899 nam
2249 2866 2333 2901 nec
2359 2852 2462 2902 iltis

263 2927 343 2978 Ita
374 2931 738 2996 loquebantur,
772 2935 891 2999 quia
934 2933 1190 2983 interdum
1235 2948 1323 2996 pa·

266 3020 377 3063 nem
410 3009 596 3058 ieviter
629 3010 684 3058 in
715 3010 806 3072 jus
842 3011 1135 3059 immersum
1171 3008 1323 3058 esita-

266 3080 404 3145 bam,
444 3099 545 3135 non
578 3092 636 3136 nt
679 3085 830 3135 hodie
876 3086 928 3135 in
975 3085 1167 3136 Gallia.
1231 3085 1324 3136 Ita

271 3160 399 3221 apud
420 3162 730 3225 Varronem,
771 3162 911 3226 panis
946 3177 1007 3212 ex
1044 3168 1212 3222 aceto,·
1246 3163 1321 3211 sic

274 3243 322 3283 et
358 3237 562 3300 Groeci3
596 3253 716 3287 nam
761 3239 874 3302 ejus
913 3238 1187 3289 locutionis
1232 3253 1321 3289 exv

278 3315 431 3377 empla
452 3315 555 3365 duo
585 3321 706 3365 sunt
741 3316 878 3379 apud
916 3314 1321 3378 Aristophanem

275 3387 318 3436 in
340 3391 459 3440 edit.
482 3392 679 3441 minore
709 3407 828 3456 pag.
849 3397 964 3442 338.
987 3399 1040 3442 et
1062 3397 1179 3442 600.
1225 3395 1322 3445 Est

275 3471 324 3513 et
354 3466 490 3517 aliud
533 3468 673 3532 apud
718 3468 1133 3532 Hippocratem,
1182 3470 1318 3535 quod

274 3553 345 3589 nie
386 3545 492 3594 scio
542 3545 863 3595 observasse.
927 3544 1126 3595 Iterum
1181 3547 1318 3610 apud

275 3618 538 3673 Varronem
572 3629 675 3686 est,
716 3621 921 3670 brassica
961 3637 1025 3671 ex
1055 3627 1204 3685 aceto,
1229 3624 1317 3677 tib.

275 3695 381 3746 mie
405 3699 463 3750 R.
497 3699 650 3750 Rust.
686 3713 806 3762 cap.
829 3702 878 3748 2.
944 3699 1050 3757 Des,
1082 3700 1237 3749 chau-‘r
1257 3715 1319 3749 au

273 3771 489 3837 vinaigre.
523 3775 711 3826 Faber.

328 3840 517 3927 Panem,
535 3853 641 3918 ξω]
674 3850 793 3903 Τοὺς
824 3850 876 3900 δὲ
896 3849 1121 3916 ῥυπαροὺς
1156 3851 1321 3917 ἄρτους

271 3926 417 3985 φαιοὺς
454 3928 691 3992 ὠνόμασεν
717 3925 912 3990 Ἀλέξις.
942 3927 1243 3978 Athenaeus.
1283 3928 1319 3978 l.

271 4015 347 4053 111.
370 4020 413 4056 c.
435 4011 518 4057 20.
552 4005 840 4057 Farnabius.

328 4085 387 4131 19
408 4084 605 4146 Egopol
626 4089 674 4132 te
693 4097 780 4145 pro
800 4081 910 4132 istis
930 4080 1072 4130 dictis
1092 4081 1321 4144 etfactis,

268 4159 417 4220 scelus,
437 4158 666 4221 ulciscar]
699 4158 839 4207 Miro
873 4157 1098 4207 artificio
1133 4157 1317 4207 Poetoe

270 4239 319 4280 et
338 4234 397 4283 ab
418 4236 570 4285 initio
589 4249 691 4284 non
710 4234 948 4298 placatur
963 4234 1202 4298 Pythias,
1222 4248 1319 4283 nec

271 4307 316 4356 in
340 4311 555 4374 gratiam
578 4311 719 4362 redit
741 4310 988 4363 Chaereae.
1022 4311 1090 4360 Et
1111 4309 1322 4375 insuper

1389 2927 1561 2990 prosis.
1602 2942 1676 2975 vs.
1699 2932 1780 2977 24.
1819 2941 2029 2976 omnes:
2072 2943 2103 2975 a
2137 2932 2183 2975 te
2216 2942 2318 2976 esse
2362 2934 2458 2976 ort.

1395 3002 1618 3066 Argent.
1654 3004 1876 3067 quicquid
1912 3003 1999 3052 hoc
2015 3002 2144 3060 fact.
2169 3008 2240 3051 est
2262 3019 2292 3051 a
2316 3008 2353 3052 t.
2382 3019 2460 3054 vs.

1394 3085 1476 3131 28.
1511 3096 1717 3131 omnes:
1768 3088 1821 3132 tu
1843 3082 1929 3131 isti
1950 3074 2147 3141 narrato
2166 3097 2347 3132 omnem
2377 3098 2456 3132 or-

1394 3157 1551 3205 dinem
1574 3158 1685 3217 uts.
1709 3174 1749 3208 s.

1462 3234 1526 3284 In
1551 3235 1648 3284 hac
1671 3250 1827 3285 scena
1859 3249 1956 3299 per
1993 3236 2247 3300 insignem
2275 3240 2461 3290 astuti·

1397 3327 1479 3362 am
1523 3312 1739 3376 Pythias
1776 3313 2152 3379 Parmenonem
2188 3320 2455 3366 exterret:

1398 3396 1455 3438 ut
1481 3390 1658 3451 specie
1692 3389 1959 3439 muliebris
1995 3390 2240 3441 vindictae
2263 3393 2331 3443 ad
2351 3394 2461 3442 exi·

1395 3471 1504 3513 tum
1530 3471 1900 3528 promoveatur
1916 3464 2124 3528 fabula3
2156 3473 2213 3517 et
2236 3482 2302 3518 ex
2324 3484 2465 3532 mag-

1395 3555 1462 3590 no
1493 3542 1742 3606 strepitu,
1765 3542 1963 3592 comica
2000 3542 2288 3595 festivitate
2320 3546 2462 3609 apud

1393 3626 1717 3681 spectatores
1760 3626 2076 3683 temperato,
2121 3621 2172 3669 in
2208 3623 2464 3687 tranquil-

1395 3695 1498 3744 lum
1551 3695 1723 3744 omnia
1778 3695 2153 3747 subducantur.
2233 3698 2460 3762 Pythias

1393 3784 1494 3819 non
1517 3772 1689 3820 minus
1714 3781 1886 3835 gestu,
1904 3788 2054 3838 quam
2075 3774 2247 3823 verbis
2267 3773 2462 3826 efficit:

1394 3855 1550 3911 atque
1574 3847 1821 3910 imprimis
1845 3860 2058 3899 actuose
2081 3849 2301 3911 periculi
2335 3851 2464 3899 ima·

1391 3924 1564 3986 ginem
1603 3923 1822 3988 effingit.
1885 3925 2019 3989 Illud
2060 3927 2269 3990 egregia
2308 3935 2459 3976 artes

1393 4002 1530 4064 quod
1552 4001 1798 4051 invidiam
1816 4003 1869 4051 in
1886 4001 2287 4064 Parmenonem,
2306 4002 2459 4050 mise-

1394 4077 1666 4126 ricordiam
1714 4077 1765 4126 in
1805 4077 2068 4126 Chaeream
2104 4076 2366 4137 concitat;
2401 4083 2464 4127 nt

1394 4156 1638 4218 pessimus
1667 4155 1949 4216 videretur,
1991 4153 2077 4218 qui
2102 4152 2464 4203 adolescentu-

1393 4234 1497 4281 lum
1544 4232 1610 4281 ad
1655 4230 1849 4282 foedum
1890 4231 2088 4281 facinus
2126 4230 2465 4295 impellendo,

1392 4308 1743 4359 miserandum
1777 4307 2012 4360 fecisset.
2053 4306 2189 4365 unde
2217 4307 2283 4359 sd
2316 4307 2463 4360 vices
