<?xml version="1.0" encoding="UTF-8"?>
<!DOCTYPE html PUBLIC "-//W3C//DTD XHTML 1.0 Transitional//EN"
    "http://www.w3.org/TR/xhtml1/DTD/xhtml1-transitional.dtd">
<html xmlns="http://www.w3.org/1999/xhtml" xml:lang="en" lang="en">
 <head>
  <title>
</title>
<meta http-equiv="Content-Type" content="text/html;charset=utf-8" />
  <meta name='ocr-system' content='tesseract 3.04.00' />
  <meta name='ocr-capabilities' content='ocr_page ocr_carea ocr_par ocr_line ocrx_word'/>
</head>
<body>
  <div class='ocr_page' id='page_1' title='image "./comoedisexvolum00westgoog_0058.png"; bbox 0 0 3035 4941; ppageno 0'>
   <div class='ocr_carea' id='block_1_1' title="bbox 520 424 695 492">
    <p class='ocr_par' dir='ltr' id='par_1_1' title="bbox 520 424 695 492">
     <span class='ocr_line' id='line_1_1' title="bbox 520 424 695 492; baseline 0.006 -1"><span class='ocrx_word' id='word_1_1' title='bbox 520 424 695 492; x_wconf 80' lang='lat'>1068</span> 
     </span>
    </p>
   </div>
   <div class='ocr_carea' id='block_1_2' title="bbox 450 577 1595 4397">
    <p class='ocr_par' dir='ltr' id='par_1_2' title="bbox 520 577 1584 719">
     <span class='ocr_line' id='line_1_2' title="bbox 521 577 1584 645; baseline -0.004 -15"><span class='ocrx_word' id='word_1_2' title='bbox 521 581 667 631; x_wconf 78' lang='lat' dir='ltr'><strong>ditus.</strong></span> <span class='ocrx_word' id='word_1_3' title='bbox 696 577 708 645; x_wconf 75' lang='grc' dir='ltr'>Ι</span> <span class='ocrx_word' id='word_1_4' title='bbox 734 578 898 630; x_wconf 76' lang='lat' dir='ltr'><strong>Adeon</strong></span> <span class='ocrx_word' id='word_1_5' title='bbox 913 577 1144 629; x_wconf 60' lang='lat' dir='ltr'><strong>hminem</strong></span> <span class='ocrx_word' id='word_1_6' title='bbox 1159 591 1258 627; x_wconf 83' lang='lat' dir='ltr'><strong>esse</strong></span> <span class='ocrx_word' id='word_1_7' title='bbox 1269 577 1584 642; x_wconf 72' lang='lat' dir='ltr'><strong>invenustam,</strong></span> 
     </span>
     <span class='ocr_line' id='line_1_3' title="bbox 520 653 1553 719; baseline -0.003 -13"><span class='ocrx_word' id='word_1_8' title='bbox 520 663 607 706; x_wconf 72' lang='lat' dir='ltr'><strong>aut</strong></span> <span class='ocrx_word' id='word_1_9' title='bbox 626 655 863 716; x_wconf 59' lang='lat' dir='ltr'><strong>inffeficem</strong></span> <span class='ocrx_word' id='word_1_10' title='bbox 882 669 1154 719; x_wconf 69' lang='lat' dir='ltr'><strong>quemquam</strong></span> <span class='ocrx_word' id='word_1_11' title='bbox 1185 660 1240 703; x_wconf 78' lang='lat' dir='ltr'><strong>ut</strong></span> <span class='ocrx_word' id='word_1_12' title='bbox 1274 668 1361 716; x_wconf 77' lang='lat' dir='ltr'><strong>ego</strong></span> <span class='ocrx_word' id='word_1_13' title='bbox 1380 658 1516 717; x_wconf 71' lang='lat' dir='ltr'><strong>sum?</strong></span> <span class='ocrx_word' id='word_1_14' title='bbox 1543 653 1553 717; x_wconf 83' lang='grc' dir='ltr'>Ι</span> 
     </span>
    </p>

    <p class='ocr_par' dir='ltr' id='par_1_3' title="bbox 513 730 1589 1636">
     <span class='ocr_line' id='line_1_4' title="bbox 522 730 1583 796; baseline 0.001 -15"><span class='ocrx_word' id='word_1_15' title='bbox 522 733 702 782; x_wconf 72' lang='lat' dir='ltr'><strong>Nullan</strong></span> <span class='ocrx_word' id='word_1_16' title='bbox 722 748 808 794; x_wconf 78' lang='lat' dir='ltr'><strong>ego</strong></span> <span class='ocrx_word' id='word_1_17' title='bbox 835 731 1098 781; x_wconf 70' lang='lat' dir='ltr'><strong>Chremetis</strong></span> <span class='ocrx_word' id='word_1_18' title='bbox 1126 734 1265 794; x_wconf 74' lang='lat' dir='ltr'><strong>pacto</strong></span> <span class='ocrx_word' id='word_1_19' title='bbox 1286 730 1583 796; x_wconf 73' lang='lat' dir='ltr'><strong>adfinitatem</strong></span> 
     </span>
     <span class='ocr_line' id='line_1_5' title="bbox 519 805 1583 872; baseline -0.002 -16"><span class='ocrx_word' id='word_1_20' title='bbox 519 809 746 872; x_wconf 66' lang='lat' dir='ltr'><strong>effugere</strong></span> <span class='ocrx_word' id='word_1_21' title='bbox 763 812 962 870; x_wconf 69' lang='lat' dir='ltr'><strong>potero?</strong></span> <span class='ocrx_word' id='word_1_22' title='bbox 987 805 998 871; x_wconf 90' lang='grc' dir='ltr'>Ι</span> <span class='ocrx_word' id='word_1_23' title='bbox 1028 808 1153 863; x_wconf 72' lang='lat' dir='ltr'><strong>Quot</strong></span> <span class='ocrx_word' id='word_1_24' title='bbox 1178 806 1328 856; x_wconf 80' lang='lat' dir='ltr'><strong>modis</strong></span> <span class='ocrx_word' id='word_1_25' title='bbox 1348 813 1583 870; x_wconf 75' lang='lat' dir='ltr'><strong>contemp-</strong></span> 
     </span>
     <span class='ocr_line' id='line_1_6' title="bbox 520 883 1585 948; baseline -0.001 -13"><span class='ocrx_word' id='word_1_26' title='bbox 520 889 616 948; x_wconf 72' lang='lat' dir='ltr'><strong>tus,</strong></span> <span class='ocrx_word' id='word_1_27' title='bbox 667 889 872 948; x_wconf 77' lang='lat' dir='ltr'><strong>spretus,</strong></span> <span class='ocrx_word' id='word_1_28' title='bbox 906 883 1066 946; x_wconf 73' lang='lat' dir='ltr'><strong>sacta,</strong></span> <span class='ocrx_word' id='word_1_29' title='bbox 1113 888 1354 933; x_wconf 78' lang='lat' dir='ltr'><strong>transacta</strong></span> <span class='ocrx_word' id='word_1_30' title='bbox 1395 883 1585 934; x_wconf 76' lang='lat' dir='ltr'><strong>omniu:</strong></span> 
     </span>
     <span class='ocr_line' id='line_1_7' title="bbox 519 958 1584 1024; baseline -0.003 -13"><span class='ocrx_word' id='word_1_31' title='bbox 519 961 641 1011; x_wconf 68' lang='lat' dir='ltr'><strong>hem.</strong></span> <span class='ocrx_word' id='word_1_32' title='bbox 677 970 787 1024; x_wconf 85' lang='lat' dir='ltr'><strong>qna</strong></span> <span class='ocrx_word' id='word_1_33' title='bbox 813 958 1138 1013; x_wconf 86' lang='lat' dir='ltr'><strong>ordinatione</strong></span> <span class='ocrx_word' id='word_1_34' title='bbox 1169 973 1409 1008; x_wconf 83' lang='lat' dir='ltr'><strong>versuum</strong></span> <span class='ocrx_word' id='word_1_35' title='bbox 1431 959 1584 1022; x_wconf 87' lang='lat' dir='ltr'><strong>primi</strong></span> 
     </span>
     <span class='ocr_line' id='line_1_8' title="bbox 521 1034 1585 1086; baseline -0.003 0"><span class='ocrx_word' id='word_1_36' title='bbox 521 1036 625 1086; x_wconf 87' lang='lat' dir='ltr'><strong>duo</strong></span> <span class='ocrx_word' id='word_1_37' title='bbox 648 1042 704 1086; x_wconf 85' lang='lat' dir='ltr'><strong>et</strong></span> <span class='ocrx_word' id='word_1_38' title='bbox 725 1036 935 1085; x_wconf 89' lang='lat' dir='ltr'><strong>ultimus</strong></span> <span class='ocrx_word' id='word_1_39' title='bbox 963 1040 1135 1084; x_wconf 88' lang='lat' dir='ltr'><strong>essent</strong></span> <span class='ocrx_word' id='word_1_40' title='bbox 1169 1034 1417 1084; x_wconf 76' lang='lat' dir='ltr'><strong>trochaici</strong></span> <span class='ocrx_word' id='word_1_41' title='bbox 1442 1040 1585 1084; x_wconf 88' lang='lat' dir='ltr'><strong>cata-</strong></span> 
     </span>
     <span class='ocr_line' id='line_1_9' title="bbox 521 1111 1584 1176; baseline -0.005 -13"><span class='ocrx_word' id='word_1_42' title='bbox 521 1113 718 1176; x_wconf 90' lang='lat' dir='ltr'><strong>lectici,</strong></span> <span class='ocrx_word' id='word_1_43' title='bbox 730 1112 917 1161; x_wconf 82' lang='lat' dir='ltr'><strong>tertius</strong></span> <span class='ocrx_word' id='word_1_44' title='bbox 936 1119 989 1161; x_wconf 88' lang='lat' dir='ltr'><strong>et</strong></span> <span class='ocrx_word' id='word_1_45' title='bbox 1004 1120 1216 1176; x_wconf 87' lang='lat' dir='ltr'><strong>quartus</strong></span> <span class='ocrx_word' id='word_1_46' title='bbox 1231 1111 1584 1161; x_wconf 82' lang='lat' dir='ltr'><strong>acatalectici:</strong></span> 
     </span>
     <span class='ocr_line' id='line_1_10' title="bbox 522 1187 1585 1252; baseline -0.006 -10"><span class='ocrx_word' id='word_1_47' title='bbox 522 1190 673 1242; x_wconf 82' lang='lat' dir='ltr'><strong>nobis</strong></span> <span class='ocrx_word' id='word_1_48' title='bbox 706 1196 878 1239; x_wconf 83' lang='lat' dir='ltr'><strong>tamen</strong></span> <span class='ocrx_word' id='word_1_49' title='bbox 900 1188 1153 1252; x_wconf 89' lang='lat' dir='ltr'><strong>probatur</strong></span> <span class='ocrx_word' id='word_1_50' title='bbox 1173 1187 1446 1237; x_wconf 80' lang='lat' dir='ltr'><strong>collocatio</strong></span> <span class='ocrx_word' id='word_1_51' title='bbox 1470 1201 1585 1236; x_wconf 83' lang='lat' dir='ltr'><strong>ver·</strong></span> 
     </span>
     <span class='ocr_line' id='line_1_11' title="bbox 521 1265 1586 1329; baseline -0.002 -14"><span class='ocrx_word' id='word_1_52' title='bbox 521 1266 702 1316; x_wconf 90' lang='lat' dir='ltr'><strong>borum</strong></span> <span class='ocrx_word' id='word_1_53' title='bbox 727 1267 959 1329; x_wconf 83' lang='lat' dir='ltr'><strong>vulgata,</strong></span> <span class='ocrx_word' id='word_1_54' title='bbox 979 1280 1095 1329; x_wconf 83' lang='lat' dir='ltr'><strong>quae</strong></span> <span class='ocrx_word' id='word_1_55' title='bbox 1121 1266 1301 1314; x_wconf 87' lang='lat' dir='ltr'><strong>eadem</strong></span> <span class='ocrx_word' id='word_1_56' title='bbox 1323 1265 1586 1313; x_wconf 85' lang='lat' dir='ltr'><strong>invenitur</strong></span> 
     </span>
     <span class='ocr_line' id='line_1_12' title="bbox 522 1341 1585 1407; baseline -0.003 -15"><span class='ocrx_word' id='word_1_57' title='bbox 522 1343 573 1392; x_wconf 90' lang='lat' dir='ltr'><strong>in</strong></span> <span class='ocrx_word' id='word_1_58' title='bbox 613 1342 1127 1407; x_wconf 9' lang='lat' dir='ltr'><strong>omnibusfflantiquis‘</strong></span> <span class='ocrx_word' id='word_1_59' title='bbox 1164 1341 1340 1391; x_wconf 90' lang='lat' dir='ltr'><strong>libris:</strong></span> <span class='ocrx_word' id='word_1_60' title='bbox 1391 1341 1464 1390; x_wconf 87' lang='lat' dir='ltr'><strong>ita</strong></span> <span class='ocrx_word' id='word_1_61' title='bbox 1508 1347 1585 1397; x_wconf 83' lang='lat' dir='ltr'><strong>ut,</strong></span> 
     </span>
     <span class='ocr_line' id='line_1_13' title="bbox 529 1416 1587 1482; baseline -0.003 -15"><span class='ocrx_word' id='word_1_62' title='bbox 529 1419 666 1474; x_wconf 73' lang='lat' dir='ltr'><strong>Quod</strong></span> <span class='ocrx_word' id='word_1_63' title='bbox 681 1418 725 1466; x_wconf 87' lang='lat' dir='ltr'><strong>si</strong></span> <span class='ocrx_word' id='word_1_64' title='bbox 733 1418 823 1482; x_wconf 79' lang='lat' dir='ltr'><strong>fit,</strong></span> <span class='ocrx_word' id='word_1_65' title='bbox 840 1416 1229 1481; x_wconf 74' lang='lat' dir='ltr'><strong>pereofunditus,</strong></span> <span class='ocrx_word' id='word_1_66' title='bbox 1253 1416 1322 1466; x_wconf 89' lang='lat' dir='ltr'><strong>sit</strong></span> <span class='ocrx_word' id='word_1_67' title='bbox 1343 1417 1587 1466; x_wconf 73' lang='lat' dir='ltr'><strong>trimeter</strong></span> 
     </span>
     <span class='ocr_line' id='line_1_14' title="bbox 526 1493 1589 1556; baseline 0 -15"><span class='ocrx_word' id='word_1_68' title='bbox 526 1493 808 1543; x_wconf 78' lang='lat' dir='ltr'><strong>iambicus:</strong></span> <span class='ocrx_word' id='word_1_69' title='bbox 843 1493 945 1542; x_wconf 84' lang='lat' dir='ltr'><strong>Pro</strong></span> <span class='ocrx_word' id='word_1_70' title='bbox 984 1494 1143 1543; x_wconf 80' lang='lat' dir='ltr'><strong>Deum</strong></span> <span class='ocrx_word' id='word_1_71' title='bbox 1179 1499 1320 1556; x_wconf 74' lang='lat' dir='ltr'><strong>atque</strong></span> <span class='ocrx_word' id='word_1_72' title='bbox 1349 1494 1589 1542; x_wconf 69' lang='lat' dir='ltr'><strong>hominum</strong></span> 
     </span>
     <span class='ocr_line' id='line_1_15' title="bbox 513 1569 1532 1636; baseline -0.002 -16"><span class='ocrx_word' id='word_1_73' title='bbox 513 1570 686 1636; x_wconf 74' lang='lat' dir='ltr'><strong>fidem,</strong></span> <span class='ocrx_word' id='word_1_74' title='bbox 709 1570 930 1620; x_wconf 88' lang='lat' dir='ltr'><strong>dimeter</strong></span> <span class='ocrx_word' id='word_1_75' title='bbox 954 1570 1261 1620; x_wconf 71' lang='lat' dir='ltr'><strong>trochaicus.</strong></span> <span class='ocrx_word' id='word_1_76' title='bbox 1299 1569 1532 1619; x_wconf 59' lang='lat' dir='ltr'><strong>Faernus.</strong></span> 
     </span>
    </p>

    <p class='ocr_par' dir='ltr' id='par_1_4' title="bbox 526 1644 1589 1774">
     <span class='ocr_line' id='line_1_16' title="bbox 535 1644 1589 1712; baseline -0.001 -16"><span class='ocrx_word' id='word_1_77' title='bbox 535 1681 541 1688; x_wconf 85' lang='grc'><strong>-</strong></span> <span class='ocrx_word' id='word_1_78' title='bbox 596 1652 658 1697; x_wconf 85' lang='grc'><strong>12</strong></span> <span class='ocrx_word' id='word_1_79' title='bbox 692 1646 947 1712; x_wconf 79' lang='lat' dir='ltr'><strong>Effugere]</strong></span> <span class='ocrx_word' id='word_1_80' title='bbox 979 1646 1040 1697; x_wconf 84' lang='lat' dir='ltr'><strong>In</strong></span> <span class='ocrx_word' id='word_1_81' title='bbox 1064 1652 1230 1696; x_wconf 90' lang='lat' dir='ltr'><strong>totum</strong></span> <span class='ocrx_word' id='word_1_82' title='bbox 1250 1644 1453 1709; x_wconf 76' lang='lat' dir='ltr'><strong>fugere.</strong></span> <span class='ocrx_word' id='word_1_83' title='bbox 1488 1645 1589 1695; x_wconf 85' lang='lat' dir='ltr'><strong>Do·</strong></span> 
     </span>
     <span class='ocr_line' id='line_1_17' title="bbox 526 1728 684 1774; baseline -0.006 0"><span class='ocrx_word' id='word_1_84' title='bbox 526 1728 684 1774; x_wconf 70' lang='lat' dir='ltr'><strong>mus.</strong></span> 
     </span>
    </p>

    <p class='ocr_par' dir='ltr' id='par_1_5' title="bbox 528 1798 1592 2235">
     <span class='ocr_line' id='line_1_18' title="bbox 593 1798 1588 1863; baseline -0.001 -15"><span class='ocrx_word' id='word_1_85' title='bbox 593 1802 655 1848; x_wconf 74' lang='lat'><strong>13</strong></span> <span class='ocrx_word' id='word_1_86' title='bbox 692 1799 820 1855; x_wconf 75' lang='lat' dir='ltr'><strong>Quot</strong></span> <span class='ocrx_word' id='word_1_87' title='bbox 853 1799 1003 1848; x_wconf 82' lang='lat' dir='ltr'><strong>modis</strong></span> <span class='ocrx_word' id='word_1_88' title='bbox 1035 1804 1340 1862; x_wconf 73' lang='lat' dir='ltr'><strong>contemptus,</strong></span> <span class='ocrx_word' id='word_1_89' title='bbox 1376 1798 1588 1863; x_wconf 58' lang='lat' dir='ltr'><strong>affictus]</strong></span> 
     </span>
     <span class='ocr_line' id='line_1_19' title="bbox 530 1879 1592 1944; baseline 0 -15"><span class='ocrx_word' id='word_1_90' title='bbox 530 1879 586 1929; x_wconf 86' lang='lat' dir='ltr'><strong>Si</strong></span> <span class='ocrx_word' id='word_1_91' title='bbox 646 1879 892 1929; x_wconf 86' lang='lat' dir='ltr'><strong>Chremes</strong></span> <span class='ocrx_word' id='word_1_92' title='bbox 952 1887 1178 1943; x_wconf 85' lang='lat' dir='ltr'><strong>spretus,</strong></span> <span class='ocrx_word' id='word_1_93' title='bbox 1243 1880 1592 1944; x_wconf 74' lang='lat' dir='ltr'><strong>intelligemus</strong></span> 
     </span>
     <span class='ocr_line' id='line_1_20' title="bbox 530 1954 1591 2022; baseline -0.001 -16"><span class='ocrx_word' id='word_1_94' title='bbox 530 1956 857 2021; x_wconf 84' lang='lat' dir='ltr'><strong>Pamphilum</strong></span> <span class='ocrx_word' id='word_1_95' title='bbox 884 1956 1082 2018; x_wconf 86' lang='lat' dir='ltr'><strong>dicere,</strong></span> <span class='ocrx_word' id='word_1_96' title='bbox 1105 1956 1241 2022; x_wconf 89' lang='lat' dir='ltr'><strong>quod</strong></span> <span class='ocrx_word' id='word_1_97' title='bbox 1264 1970 1479 2019; x_wconf 78' lang='lat' dir='ltr'><strong>operam</strong></span> <span class='ocrx_word' id='word_1_98' title='bbox 1499 1954 1591 2005; x_wconf 87' lang='lat' dir='ltr'><strong>de-</strong></span> 
     </span>
     <span class='ocr_line' id='line_1_21' title="bbox 531 2031 1592 2096; baseline -0.002 -14"><span class='ocrx_word' id='word_1_99' title='bbox 531 2031 686 2094; x_wconf 81' lang='lat' dir='ltr'><strong>derit,</strong></span> <span class='ocrx_word' id='word_1_100' title='bbox 726 2039 781 2083; x_wconf 92' lang='lat' dir='ltr'><strong>ut</strong></span> <span class='ocrx_word' id='word_1_101' title='bbox 811 2047 865 2081; x_wconf 89' lang='lat' dir='ltr'><strong>se</strong></span> <span class='ocrx_word' id='word_1_102' title='bbox 890 2032 1190 2096; x_wconf 83' lang='lat' dir='ltr'><strong>repudiaret</strong></span> <span class='ocrx_word' id='word_1_103' title='bbox 1215 2032 1494 2082; x_wconf 85' lang='lat' dir='ltr'><strong>Chremes:</strong></span> <span class='ocrx_word' id='word_1_104' title='bbox 1532 2036 1592 2080; x_wconf 89' lang='lat' dir='ltr'><strong>ut</strong></span> 
     </span>
     <span class='ocr_line' id='line_1_22' title="bbox 528 2106 1591 2173; baseline 0 -17"><span class='ocrx_word' id='word_1_105' title='bbox 528 2122 688 2172; x_wconf 82' lang='lat' dir='ltr'><strong>supra</strong></span> <span class='ocrx_word' id='word_1_106' title='bbox 726 2107 878 2170; x_wconf 82' lang='lat' dir='ltr'><strong>dixit,</strong></span> <span class='ocrx_word' id='word_1_107' title='bbox 909 2110 924 2136; x_wconf 87' lang='lat'>‘</span> <span class='ocrx_word' id='word_1_108' title='bbox 951 2108 1184 2159; x_wconf 84' lang='lat' dir='ltr'><strong>Mutavit</strong></span> <span class='ocrx_word' id='word_1_109' title='bbox 1219 2106 1342 2173; x_wconf 82' lang='lat' dir='ltr'><strong>quia</strong></span> <span class='ocrx_word' id='word_1_110' title='bbox 1376 2121 1458 2157; x_wconf 88' lang='lat' dir='ltr'><strong>me</strong></span> <span class='ocrx_word' id='word_1_111' title='bbox 1490 2106 1591 2156; x_wconf 85' lang='lat' dir='ltr'><strong>im·</strong></span> 
     </span>
     <span class='ocr_line' id='line_1_23' title="bbox 529 2183 1150 2235; baseline -0.002 -1"><span class='ocrx_word' id='word_1_112' title='bbox 529 2190 783 2235; x_wconf 85' lang='lat' dir='ltr'><strong>mutatum</strong></span> <span class='ocrx_word' id='word_1_113' title='bbox 806 2183 967 2234; x_wconf 64' lang='lat' dir='ltr'><strong>vidit?</strong></span> <span class='ocrx_word' id='word_1_114' title='bbox 994 2184 1150 2233; x_wconf 78' lang='lat' dir='ltr'><strong>Idem.</strong></span> 
     </span>
    </p>

    <p class='ocr_par' dir='ltr' id='par_1_6' title="bbox 599 2263 1591 2328">
     <span class='ocr_line' id='line_1_24' title="bbox 599 2263 1591 2328; baseline -0.001 -16"><span class='ocrx_word' id='word_1_115' title='bbox 599 2264 726 2319; x_wconf 79' lang='lat' dir='ltr'><strong>Quot</strong></span> <span class='ocrx_word' id='word_1_116' title='bbox 744 2264 895 2313; x_wconf 82' lang='lat' dir='ltr'><strong>modis</strong></span> <span class='ocrx_word' id='word_1_117' title='bbox 913 2264 1225 2328; x_wconf 72' lang='lat' dir='ltr'><strong>contemptus]</strong></span> <span class='ocrx_word' id='word_1_118' title='bbox 1256 2263 1501 2313; x_wconf 78' lang='lat' dir='ltr'><strong>Chremes</strong></span> <span class='ocrx_word' id='word_1_119' title='bbox 1524 2277 1591 2312; x_wconf 88' lang='lat' dir='ltr'><strong>an</strong></span> 
     </span>
    </p>

    <p class='ocr_par' dir='ltr' id='par_1_7' title="bbox 450 2338 1595 2770">
     <span class='ocr_line' id='line_1_25' title="bbox 530 2338 1052 2402; baseline -0.004 -15"><span class='ocrx_word' id='word_1_120' title='bbox 530 2338 868 2402; x_wconf 74' lang='lat' dir='ltr'><strong>Pamphilus?</strong></span> <span class='ocrx_word' id='word_1_121' title='bbox 903 2338 1052 2387; x_wconf 72' lang='lat' dir='ltr'><strong>Idm.</strong></span> 
     </span>
     <span class='ocr_line' id='line_1_26' title="bbox 538 2410 1593 2474; baseline -0.001 -13"><span class='ocrx_word' id='word_1_122' title='bbox 538 2444 541 2447; x_wconf 97' lang='lat'>-</span> <span class='ocrx_word' id='word_1_123' title='bbox 599 2413 773 2474; x_wconf 76' lang='lat' dir='ltr'><strong>Facta,</strong></span> <span class='ocrx_word' id='word_1_124' title='bbox 789 2416 1032 2461; x_wconf 73' lang='lat' dir='ltr'><strong>transacta</strong></span> <span class='ocrx_word' id='word_1_125' title='bbox 1049 2410 1230 2474; x_wconf 80' lang='lat' dir='ltr'><strong>omnia]</strong></span> <span class='ocrx_word' id='word_1_126' title='bbox 1253 2411 1593 2461; x_wconf 82' lang='lat' dir='ltr'><strong>Proverbiale</strong></span> 
     </span>
     <span class='ocr_line' id='line_1_27' title="bbox 533 2488 1595 2554; baseline 0.001 -16"><span class='ocrx_word' id='word_1_127' title='bbox 533 2498 613 2540; x_wconf 83' lang='lat' dir='ltr'><strong>est</strong></span> <span class='ocrx_word' id='word_1_128' title='bbox 634 2490 688 2539; x_wconf 90' lang='lat' dir='ltr'><strong>in</strong></span> <span class='ocrx_word' id='word_1_129' title='bbox 710 2490 761 2538; x_wconf 89' lang='lat' dir='ltr'><strong>id</strong></span> <span class='ocrx_word' id='word_1_130' title='bbox 787 2489 1000 2552; x_wconf 83' lang='lat' dir='ltr'><strong>negotii,</strong></span> <span class='ocrx_word' id='word_1_131' title='bbox 1019 2488 1084 2538; x_wconf 89' lang='lat' dir='ltr'><strong>de</strong></span> <span class='ocrx_word' id='word_1_132' title='bbox 1102 2502 1205 2552; x_wconf 87' lang='lat' dir='ltr'><strong>quo</strong></span> <span class='ocrx_word' id='word_1_133' title='bbox 1221 2489 1345 2538; x_wconf 88' lang='lat' dir='ltr'><strong>nihil</strong></span> <span class='ocrx_word' id='word_1_134' title='bbox 1364 2490 1595 2554; x_wconf 73' lang='lat' dir='ltr'><strong>supersit</strong></span> 
     </span>
     <span class='ocr_line' id='line_1_28' title="bbox 531 2566 1593 2630; baseline -0.001 -13"><span class='ocrx_word' id='word_1_135' title='bbox 531 2568 596 2617; x_wconf 76' lang='lat' dir='ltr'><strong>ad</strong></span> <span class='ocrx_word' id='word_1_136' title='bbox 619 2567 894 2630; x_wconf 84' lang='lat' dir='ltr'><strong>agendum.</strong></span> <span class='ocrx_word' id='word_1_137' title='bbox 965 2566 1113 2616; x_wconf 78' lang='lat' dir='ltr'><strong>Facta</strong></span> <span class='ocrx_word' id='word_1_138' title='bbox 1149 2573 1325 2616; x_wconf 87' lang='lat' dir='ltr'><strong>autem</strong></span> <span class='ocrx_word' id='word_1_139' title='bbox 1363 2582 1394 2616; x_wconf 89' lang='lat' dir='ltr'><strong>a</strong></span> <span class='ocrx_word' id='word_1_140' title='bbox 1438 2567 1593 2616; x_wconf 82' lang='lat' dir='ltr'><strong>Pam·</strong></span> 
     </span>
     <span class='ocr_line' id='line_1_29' title="bbox 450 2638 1588 2708; baseline 0.002 -17"><span class='ocrx_word' id='word_1_141' title='bbox 450 2638 476 2654; x_wconf 62' lang='lat'>²</span> <span class='ocrx_word' id='word_1_142' title='bbox 532 2644 707 2708; x_wconf 81' lang='lat' dir='ltr'><strong>philo:</strong></span> <span class='ocrx_word' id='word_1_143' title='bbox 743 2646 987 2692; x_wconf 73' lang='lat' dir='ltr'><strong>transacta</strong></span> <span class='ocrx_word' id='word_1_144' title='bbox 1029 2642 1185 2692; x_wconf 84' lang='lat' dir='ltr'><strong>etiam</strong></span> <span class='ocrx_word' id='word_1_145' title='bbox 1223 2657 1255 2691; x_wconf 90' lang='lat' dir='ltr'><strong>a</strong></span> <span class='ocrx_word' id='word_1_146' title='bbox 1298 2643 1588 2700; x_wconf 80' lang='lat' dir='ltr'><strong>Chremete.</strong></span> 
     </span>
     <span class='ocr_line' id='line_1_30' title="bbox 535 2720 688 2770; baseline 0.013 -2"><span class='ocrx_word' id='word_1_147' title='bbox 535 2720 688 2770; x_wconf 84' lang='lat' dir='ltr'><strong>Idem.</strong></span> 
     </span>
    </p>

    <p class='ocr_par' dir='ltr' id='par_1_8' title="bbox 527 2796 1592 3167">
     <span class='ocr_line' id='line_1_31' title="bbox 601 2796 1590 2860; baseline -0.001 -12"><span class='ocrx_word' id='word_1_148' title='bbox 601 2800 754 2848; x_wconf 79' lang='lat' dir='ltr'><strong>Facta</strong></span> <span class='ocrx_word' id='word_1_149' title='bbox 797 2803 1040 2847; x_wconf 73' lang='lat' dir='ltr'><strong>transacta</strong></span> <span class='ocrx_word' id='word_1_150' title='bbox 1087 2796 1266 2860; x_wconf 77' lang='lat' dir='ltr'><strong>omnia]</strong></span> <span class='ocrx_word' id='word_1_151' title='bbox 1314 2798 1590 2848; x_wconf 87' lang='lat' dir='ltr'><strong>Donatus:</strong></span> 
     </span>
     <span class='ocr_line' id='line_1_32' title="bbox 528 2874 1592 2938; baseline 0.001 -13"><span class='ocrx_word' id='word_1_152' title='bbox 528 2876 544 2904; x_wconf 86' lang='lat'>‘</span> <span class='ocrx_word' id='word_1_153' title='bbox 578 2875 911 2926; x_wconf 82' lang='lat' dir='ltr'><strong>Proverbiale</strong></span> <span class='ocrx_word' id='word_1_154' title='bbox 946 2874 1065 2938; x_wconf 84' lang='lat' dir='ltr'><strong>est,&#39;</strong></span> <span class='ocrx_word' id='word_1_155' title='bbox 1096 2878 1197 2925; x_wconf 67' lang='grc' dir='ltr'><strong>διο.</strong></span> <span class='ocrx_word' id='word_1_156' title='bbox 1263 2876 1510 2925; x_wconf 86' lang='lat' dir='ltr'><strong>Erasmus</strong></span> <span class='ocrx_word' id='word_1_157' title='bbox 1541 2878 1592 2926; x_wconf 91' lang='lat' dir='ltr'><strong>in</strong></span> 
     </span>
     <span class='ocr_line' id='line_1_33' title="bbox 530 2951 1592 3003; baseline -0.001 -1"><span class='ocrx_word' id='word_1_158' title='bbox 530 2952 833 3002; x_wconf 76' lang='lat' dir='ltr'><strong>Proverbiis</strong></span> <span class='ocrx_word' id='word_1_159' title='bbox 873 2952 1011 3001; x_wconf 90' lang='lat' dir='ltr'><strong>inter</strong></span> <span class='ocrx_word' id='word_1_160' title='bbox 1046 2951 1304 3001; x_wconf 80' lang='lat' dir='ltr'><strong>sollennes</strong></span> <span class='ocrx_word' id='word_1_161' title='bbox 1337 2952 1592 3003; x_wconf 73' lang='lat' dir='ltr'><strong>sciorum</strong></span> 
     </span>
     <span class='ocr_line' id='line_1_34' title="bbox 527 3025 1593 3079; baseline 0.002 -2"><span class='ocrx_word' id='word_1_162' title='bbox 527 3026 780 3078; x_wconf 82' lang='lat' dir='ltr'><strong>formulas</strong></span> <span class='ocrx_word' id='word_1_163' title='bbox 802 3025 997 3078; x_wconf 84' lang='lat' dir='ltr'><strong>refert:</strong></span> <span class='ocrx_word' id='word_1_164' title='bbox 1031 3027 1259 3077; x_wconf 82' lang='lat' dir='ltr'><strong>adducto</strong></span> <span class='ocrx_word' id='word_1_165' title='bbox 1293 3028 1409 3077; x_wconf 87' lang='lat' dir='ltr'><strong>loco</strong></span> <span class='ocrx_word' id='word_1_166' title='bbox 1442 3028 1593 3079; x_wconf 85' lang='lat' dir='ltr'><strong>Cice-</strong></span> 
     </span>
     <span class='ocr_line' id='line_1_35' title="bbox 530 3104 1528 3167; baseline 0 -13"><span class='ocrx_word' id='word_1_167' title='bbox 530 3105 672 3156; x_wconf 84' lang='lat' dir='ltr'><strong>ronis</strong></span> <span class='ocrx_word' id='word_1_168' title='bbox 694 3120 725 3155; x_wconf 87' lang='lat' dir='ltr'><strong>e</strong></span> <span class='ocrx_word' id='word_1_169' title='bbox 747 3105 906 3155; x_wconf 84' lang='lat' dir='ltr'><strong>Catil.</strong></span> <span class='ocrx_word' id='word_1_170' title='bbox 930 3118 1016 3154; x_wconf 72' lang='grc' dir='ltr'><strong>ιιι.</strong></span> <span class='ocrx_word' id='word_1_171' title='bbox 1038 3118 1158 3167; x_wconf 89' lang='lat' dir='ltr'><strong>cap.</strong></span> <span class='ocrx_word' id='word_1_172' title='bbox 1178 3107 1230 3153; x_wconf 83' lang='lat'><strong>6.</strong></span> <span class='ocrx_word' id='word_1_173' title='bbox 1266 3104 1528 3154; x_wconf 75' lang='lat' dir='ltr'><strong>Roeclem.</strong></span> 
     </span>
    </p>

    <p class='ocr_par' dir='ltr' id='par_1_9' title="bbox 530 3179 1592 3387">
     <span class='ocr_line' id='line_1_36' title="bbox 598 3179 1592 3244; baseline -0.001 -12"><span class='ocrx_word' id='word_1_174' title='bbox 598 3183 859 3232; x_wconf 80' lang='lat' dir='ltr'><strong>Transacta</strong></span> <span class='ocrx_word' id='word_1_175' title='bbox 899 3179 1079 3244; x_wconf 74' lang='lat' dir='ltr'><strong>omnia]</strong></span> <span class='ocrx_word' id='word_1_176' title='bbox 1115 3180 1368 3240; x_wconf 75' lang='lat' dir='ltr'><strong>‚Formula</strong></span> <span class='ocrx_word' id='word_1_177' title='bbox 1407 3196 1439 3230; x_wconf 90' lang='lat' dir='ltr'><strong>a</strong></span> <span class='ocrx_word' id='word_1_178' title='bbox 1478 3180 1592 3231; x_wconf 83' lang='lat' dir='ltr'><strong>foro</strong></span> 
     </span>
     <span class='ocr_line' id='line_1_37' title="bbox 530 3258 1590 3324; baseline 0 -15"><span class='ocrx_word' id='word_1_179' title='bbox 530 3258 703 3321; x_wconf 82' lang='lat' dir='ltr'><strong>ducta,</strong></span> <span class='ocrx_word' id='word_1_180' title='bbox 764 3260 817 3309; x_wconf 93' lang='lat' dir='ltr'><strong>in</strong></span> <span class='ocrx_word' id='word_1_181' title='bbox 871 3258 1041 3324; x_wconf 85' lang='lat' dir='ltr'><strong>pactis</strong></span> <span class='ocrx_word' id='word_1_182' title='bbox 1097 3263 1155 3308; x_wconf 88' lang='lat' dir='ltr'><strong>et</strong></span> <span class='ocrx_word' id='word_1_183' title='bbox 1215 3258 1590 3309; x_wconf 84' lang='lat' dir='ltr'><strong>contractibus.</strong></span> 
     </span>
     <span class='ocr_line' id='line_1_38' title="bbox 531 3337 815 3387; baseline 0.004 -1"><span class='ocrx_word' id='word_1_184' title='bbox 531 3337 815 3387; x_wconf 73' lang='lat' dir='ltr'><strong>Farnabius.</strong></span> 
     </span>
    </p>

    <p class='ocr_par' dir='ltr' id='par_1_10' title="bbox 527 3410 1595 3692">
     <span class='ocr_line' id='line_1_39' title="bbox 593 3410 1594 3477; baseline 0.002 -16"><span class='ocrx_word' id='word_1_185' title='bbox 593 3416 658 3462; x_wconf 76' lang='lat'><strong>14</strong></span> <span class='ocrx_word' id='word_1_186' title='bbox 707 3413 1005 3476; x_wconf 72' lang='lat' dir='ltr'><strong>Repudiatus</strong></span> <span class='ocrx_word' id='word_1_187' title='bbox 1052 3410 1260 3477; x_wconf 67' lang='grc' dir='ltr'><strong>νεμεαν]</strong></span> <span class='ocrx_word' id='word_1_188' title='bbox 1316 3413 1481 3465; x_wconf 81' lang='lat' dir='ltr'><strong>Quasi</strong></span> <span class='ocrx_word' id='word_1_189' title='bbox 1537 3419 1594 3464; x_wconf 90' lang='lat' dir='ltr'><strong>et</strong></span> 
     </span>
     <span class='ocr_line' id='line_1_40' title="bbox 530 3486 1595 3551; baseline 0.002 -16"><span class='ocrx_word' id='word_1_190' title='bbox 530 3486 643 3537; x_wconf 65' lang='lat' dir='ltr'><strong>hnc</strong></span> <span class='ocrx_word' id='word_1_191' title='bbox 680 3486 874 3550; x_wconf 87' lang='lat' dir='ltr'><strong>injuria</strong></span> <span class='ocrx_word' id='word_1_192' title='bbox 909 3488 1000 3549; x_wconf 90' lang='lat' dir='ltr'><strong>sit,</strong></span> <span class='ocrx_word' id='word_1_193' title='bbox 1030 3486 1304 3549; x_wconf 84' lang='lat' dir='ltr'><strong>repudiare</strong></span> <span class='ocrx_word' id='word_1_194' title='bbox 1344 3497 1400 3535; x_wconf 89' lang='lat' dir='ltr'><strong>et</strong></span> <span class='ocrx_word' id='word_1_195' title='bbox 1443 3502 1595 3551; x_wconf 87' lang='lat' dir='ltr'><strong>repe·</strong></span> 
     </span>
     <span class='ocr_line' id='line_1_41' title="bbox 531 3561 1595 3627; baseline -0.002 -13"><span class='ocrx_word' id='word_1_196' title='bbox 531 3570 666 3614; x_wconf 88' lang='lat' dir='ltr'><strong>tere.</strong></span> <span class='ocrx_word' id='word_1_197' title='bbox 708 3563 780 3614; x_wconf 86' lang='lat' dir='ltr'><strong>Et</strong></span> <span class='ocrx_word' id='word_1_198' title='bbox 804 3564 908 3613; x_wconf 81' lang='lat' dir='ltr'><strong>tale</strong></span> <span class='ocrx_word' id='word_1_199' title='bbox 923 3564 1076 3614; x_wconf 88' lang='lat' dir='ltr'><strong>estin</strong></span> <span class='ocrx_word' id='word_1_200' title='bbox 1091 3561 1358 3626; x_wconf 81' lang='lat' dir='ltr'><strong>Eunucho,</strong></span> <span class='ocrx_word' id='word_1_201' title='bbox 1373 3564 1595 3627; x_wconf 76' lang='lat' dir='ltr'><strong>exclusit,</strong></span> 
     </span>
     <span class='ocr_line' id='line_1_42' title="bbox 527 3643 1023 3692; baseline 0.002 -1"><span class='ocrx_word' id='word_1_202' title='bbox 527 3648 734 3692; x_wconf 75' lang='lat' dir='ltr'><strong>revocat.</strong></span> <span class='ocrx_word' id='word_1_203' title='bbox 768 3643 1023 3692; x_wconf 86' lang='lat' dir='ltr'><strong>Donatus.</strong></span> 
     </span>
    </p>

    <p class='ocr_par' dir='ltr' id='par_1_11' title="bbox 530 3718 1594 3844">
     <span class='ocr_line' id='line_1_43' title="bbox 598 3718 1594 3784; baseline 0.001 -17"><span class='ocrx_word' id='word_1_204' title='bbox 598 3718 714 3767; x_wconf 77' lang='lat' dir='ltr'><strong>Nisi</strong></span> <span class='ocrx_word' id='word_1_205' title='bbox 745 3718 790 3767; x_wconf 83' lang='lat' dir='ltr'><strong>si</strong></span> <span class='ocrx_word' id='word_1_206' title='bbox 827 3719 891 3767; x_wconf 83' lang='lat' dir='ltr'><strong>id</strong></span> <span class='ocrx_word' id='word_1_207' title='bbox 910 3718 1006 3782; x_wconf 82' lang='lat' dir='ltr'><strong>est]</strong></span> <span class='ocrx_word' id='word_1_208' title='bbox 1041 3718 1407 3784; x_wconf 81' lang='lat' dir='ltr'><strong>conjecturale</strong></span> <span class='ocrx_word' id='word_1_209' title='bbox 1442 3732 1594 3784; x_wconf 79' lang='lat' dir='ltr'><strong>argu·</strong></span> 
     </span>
     <span class='ocr_line' id='line_1_44' title="bbox 530 3795 963 3844; baseline 0 0"><span class='ocrx_word' id='word_1_210' title='bbox 530 3801 779 3844; x_wconf 87' lang='lat' dir='ltr'><strong>mentum.</strong></span> <span class='ocrx_word' id='word_1_211' title='bbox 812 3795 963 3844; x_wconf 82' lang='lat' dir='ltr'><strong>Idem.</strong></span> 
     </span>
    </p>

    <p class='ocr_par' dir='ltr' id='par_1_12' title="bbox 518 3870 1595 4397">
     <span class='ocr_line' id='line_1_45' title="bbox 598 3870 1592 3936; baseline 0.002 -17"><span class='ocrx_word' id='word_1_212' title='bbox 598 3874 659 3921; x_wconf 81' lang='lat'><strong>15</strong></span> <span class='ocrx_word' id='word_1_213' title='bbox 694 3870 895 3933; x_wconf 76' lang='lat' dir='ltr'><strong>Aliquid</strong></span> <span class='ocrx_word' id='word_1_214' title='bbox 930 3871 1128 3921; x_wconf 73' lang='lat' dir='ltr'><strong>monstri</strong></span> <span class='ocrx_word' id='word_1_215' title='bbox 1170 3871 1332 3921; x_wconf 77' lang='lat' dir='ltr'><strong>alunt:</strong></span> <span class='ocrx_word' id='word_1_216' title='bbox 1365 3871 1444 3936; x_wconf 80' lang='lat' dir='ltr'><strong>ea]</strong></span> <span class='ocrx_word' id='word_1_217' title='bbox 1479 3874 1592 3923; x_wconf 88' lang='lat' dir='ltr'><strong>Du·</strong></span> 
     </span>
     <span class='ocr_line' id='line_1_46' title="bbox 531 3947 1593 4014; baseline 0.002 -17"><span class='ocrx_word' id='word_1_218' title='bbox 531 3948 655 4014; x_wconf 88' lang='lat' dir='ltr'><strong>plex</strong></span> <span class='ocrx_word' id='word_1_219' title='bbox 670 3947 1002 4005; x_wconf 85' lang='lat' dir='ltr'><strong>contumelia,</strong></span> <span class='ocrx_word' id='word_1_220' title='bbox 1027 3954 1082 3997; x_wconf 88' lang='lat' dir='ltr'><strong>et</strong></span> <span class='ocrx_word' id='word_1_221' title='bbox 1098 3949 1298 3997; x_wconf 76' lang='lat' dir='ltr'><strong>monstri</strong></span> <span class='ocrx_word' id='word_1_222' title='bbox 1315 3956 1369 3998; x_wconf 87' lang='lat' dir='ltr'><strong>et</strong></span> <span class='ocrx_word' id='word_1_223' title='bbox 1385 3950 1593 4013; x_wconf 76' lang='lat' dir='ltr'><strong>aliquid:</strong></span> 
     </span>
     <span class='ocr_line' id='line_1_47' title="bbox 530 4024 1591 4087; baseline 0.002 -13"><span class='ocrx_word' id='word_1_224' title='bbox 530 4025 698 4074; x_wconf 87' lang='lat' dir='ltr'><strong>minus</strong></span> <span class='ocrx_word' id='word_1_225' title='bbox 730 4024 866 4072; x_wconf 87' lang='lat' dir='ltr'><strong>enim</strong></span> <span class='ocrx_word' id='word_1_226' title='bbox 902 4030 1062 4085; x_wconf 84' lang='lat' dir='ltr'><strong>esset,</strong></span> <span class='ocrx_word' id='word_1_227' title='bbox 1095 4025 1287 4087; x_wconf 73' lang='lat' dir='ltr'><strong>aliquod</strong></span> <span class='ocrx_word' id='word_1_228' title='bbox 1316 4031 1591 4077; x_wconf 74' lang='lat' dir='ltr'><strong>monstrum.</strong></span> 
     </span>
     <span class='ocr_line' id='line_1_48' title="bbox 531 4098 1593 4163; baseline 0.001 -13"><span class='ocrx_word' id='word_1_229' title='bbox 531 4101 639 4163; x_wconf 87' lang='lat' dir='ltr'><strong>Sic,</strong></span> <span class='ocrx_word' id='word_1_230' title='bbox 673 4101 690 4129; x_wconf 90' lang='lat'>‘</span> <span class='ocrx_word' id='word_1_231' title='bbox 715 4098 852 4153; x_wconf 84' lang='lat' dir='ltr'><strong>Quid</strong></span> <span class='ocrx_word' id='word_1_232' title='bbox 886 4099 1107 4156; x_wconf 77' lang='lat' dir='ltr'><strong>hominis</strong></span> <span class='ocrx_word' id='word_1_233' title='bbox 1141 4114 1354 4150; x_wconf 84' lang='lat' dir='ltr'><strong>uxorem</strong></span> <span class='ocrx_word' id='word_1_234' title='bbox 1386 4101 1545 4151; x_wconf 86' lang='lat' dir='ltr'><strong>habes</strong></span> <span class='ocrx_word' id='word_1_235' title='bbox 1558 4102 1593 4151; x_wconf 74' lang='lat'><strong>2’</strong></span> 
     </span>
     <span class='ocr_line' id='line_1_49' title="bbox 532 4175 1592 4242; baseline 0.001 -15"><span class='ocrx_word' id='word_1_236' title='bbox 532 4178 604 4227; x_wconf 81' lang='lat' dir='ltr'><strong>Et</strong></span> <span class='ocrx_word' id='word_1_237' title='bbox 640 4175 861 4226; x_wconf 84' lang='lat' dir='ltr'><strong>mutavit</strong></span> <span class='ocrx_word' id='word_1_238' title='bbox 892 4189 1075 4239; x_wconf 80' lang='lat' dir='ltr'><strong>genus,</strong></span> <span class='ocrx_word' id='word_1_239' title='bbox 1105 4175 1327 4226; x_wconf 89' lang='lat' dir='ltr'><strong>dicendo</strong></span> <span class='ocrx_word' id='word_1_240' title='bbox 1348 4192 1436 4228; x_wconf 81' lang='lat' dir='ltr'><strong>ea.-</strong></span> <span class='ocrx_word' id='word_1_241' title='bbox 1468 4192 1592 4242; x_wconf 84' lang='lat' dir='ltr'><strong>quo·</strong></span> 
     </span>
     <span class='ocr_line' id='line_1_50' title="bbox 531 4252 1595 4319; baseline 0.001 -16"><span class='ocrx_word' id='word_1_242' title='bbox 531 4255 669 4305; x_wconf 89' lang='lat' dir='ltr'><strong>niam</strong></span> <span class='ocrx_word' id='word_1_243' title='bbox 702 4252 913 4305; x_wconf 84' lang='lat' dir='ltr'><strong>foemina</strong></span> <span class='ocrx_word' id='word_1_244' title='bbox 941 4261 1042 4304; x_wconf 86' lang='lat' dir='ltr'><strong>est.</strong></span> <span class='ocrx_word' id='word_1_245' title='bbox 1108 4253 1195 4303; x_wconf 88' lang='lat' dir='ltr'><strong>Sic</strong></span> <span class='ocrx_word' id='word_1_246' title='bbox 1229 4254 1283 4303; x_wconf 93' lang='lat' dir='ltr'><strong>in</strong></span> <span class='ocrx_word' id='word_1_247' title='bbox 1322 4255 1595 4319; x_wconf 82' lang='lat' dir='ltr'><strong>Eunucho,</strong></span> 
     </span>
     <span class='ocr_line' id='line_1_51' title="bbox 518 4329 1595 4397; baseline 0.003 -16"><span class='ocrx_word' id='word_1_248' title='bbox 518 4333 551 4376; x_wconf 58' lang='grc'><em>1</em></span> <span class='ocrx_word' id='word_1_249' title='bbox 575 4329 760 4397; x_wconf 72' lang='lat' dir='ltr'><strong>Taces,</strong></span> <span class='ocrx_word' id='word_1_250' title='bbox 781 4337 1064 4382; x_wconf 87' lang='lat' dir='ltr'><strong>monstrum</strong></span> <span class='ocrx_word' id='word_1_251' title='bbox 1085 4329 1331 4383; x_wconf 81' lang='lat' dir='ltr'><strong>hominis?</strong></span> <span class='ocrx_word' id='word_1_252' title='bbox 1362 4344 1464 4386; x_wconf 84' lang='lat' dir='ltr'><strong>non</strong></span> <span class='ocrx_word' id='word_1_253' title='bbox 1488 4331 1595 4384; x_wconf 88' lang='lat' dir='ltr'><strong>dic·</strong></span> 
     </span>
    </p>
   </div>
   <div class='ocr_carea' id='block_1_3' title="bbox 1225 430 2019 487">
    <p class='ocr_par' dir='ltr' id='par_1_13' title="bbox 1225 430 2019 487">
     <span class='ocr_line' id='line_1_52' title="bbox 1225 430 2019 487; baseline -0.003 -1"><span class='ocrx_word' id='word_1_254' title='bbox 1225 434 1441 487; x_wconf 74' lang='lat' dir='ltr'>NOTAE</span> <span class='ocrx_word' id='word_1_255' title='bbox 1487 430 1889 485; x_wconf 65' lang='lat' dir='ltr'><strong>vammum</strong></span> <span class='ocrx_word' id='word_1_256' title='bbox 1940 431 2019 484; x_wconf 75' lang='lat' dir='ltr'><strong>IN</strong></span> 
     </span>
    </p>
   </div>
   <div class='ocr_carea' id='block_1_4' title="bbox 1657 575 2741 4399">
    <p class='ocr_par' dir='ltr' id='par_1_14' title="bbox 1659 575 2120 628">
     <span class='ocr_line' id='line_1_53' title="bbox 1659 575 2120 628; baseline -0.004 -1"><span class='ocrx_word' id='word_1_257' title='bbox 1659 583 1805 628; x_wconf 86' lang='lat' dir='ltr'><strong>turns</strong></span> <span class='ocrx_word' id='word_1_258' title='bbox 1827 591 1883 626; x_wconf 87' lang='lat' dir='ltr'><strong>es</strong></span> <span class='ocrx_word' id='word_1_259' title='bbox 1898 575 1934 626; x_wconf 60' lang='grc' dir='ltr'><strong>,θ’</strong></span> <span class='ocrx_word' id='word_1_260' title='bbox 1968 577 2120 626; x_wconf 78' lang='lat' dir='ltr'><strong>Idem.</strong></span> 
     </span>
    </p>

    <p class='ocr_par' dir='ltr' id='par_1_15' title="bbox 1657 647 2732 1559">
     <span class='ocr_line' id='line_1_54' title="bbox 1687 647 2719 718; baseline -0.006 -14"><span class='ocrx_word' id='word_1_261' title='bbox 1687 682 1688 685; x_wconf 63' lang='lat'><em>=</em></span> <span class='ocrx_word' id='word_1_262' title='bbox 1721 655 1921 718; x_wconf 73' lang='lat' dir='ltr'><strong>Aliquid</strong></span> <span class='ocrx_word' id='word_1_263' title='bbox 1976 651 2179 702; x_wconf 70' lang='lat' dir='ltr'><strong>mmm</strong></span> <span class='ocrx_word' id='word_1_264' title='bbox 2225 650 2391 700; x_wconf 63' lang='lat' dir='ltr'><strong>ulau.-</strong></span> <span class='ocrx_word' id='word_1_265' title='bbox 2444 648 2523 714; x_wconf 83' lang='lat' dir='ltr'><strong>eu]</strong></span> <span class='ocrx_word' id='word_1_266' title='bbox 2576 647 2719 699; x_wconf 77' lang='lat' dir='ltr'><strong>Dum</strong></span> 
     </span>
     <span class='ocr_line' id='line_1_55' title="bbox 1657 726 2720 791; baseline -0.005 -12"><span class='ocrx_word' id='word_1_267' title='bbox 1657 736 1915 779; x_wconf 59' lang='lat' dir='ltr'><strong>maurum</strong></span> <span class='ocrx_word' id='word_1_268' title='bbox 1948 730 2172 791; x_wconf 77' lang='lat' dir='ltr'><strong>dixerat,</strong></span> <span class='ocrx_word' id='word_1_269' title='bbox 2200 743 2258 778; x_wconf 81' lang='lat' dir='ltr'><strong>ea</strong></span> <span class='ocrx_word' id='word_1_270' title='bbox 2286 726 2574 790; x_wconf 84' lang='lat' dir='ltr'><strong>subjunxit,</strong></span> <span class='ocrx_word' id='word_1_271' title='bbox 2605 733 2720 775; x_wconf 83' lang='lat' dir='ltr'><strong>tau·</strong></span> 
     </span>
     <span class='ocr_line' id='line_1_56' title="bbox 1659 803 2722 872; baseline -0.006 -16"><span class='ocrx_word' id='word_1_272' title='bbox 1659 812 1818 872; x_wconf 75' lang='lat' dir='ltr'><strong>quam·</strong></span> <span class='ocrx_word' id='word_1_273' title='bbox 1836 820 1940 856; x_wconf 87' lang='lat' dir='ltr'><strong>non</strong></span> <span class='ocrx_word' id='word_1_274' title='bbox 1976 804 2170 869; x_wconf 78' lang='lat' dir='ltr'><strong>verbis,</strong></span> <span class='ocrx_word' id='word_1_275' title='bbox 2200 803 2290 853; x_wconf 85' lang='lat' dir='ltr'><strong>sed</strong></span> <span class='ocrx_word' id='word_1_276' title='bbox 2314 803 2585 853; x_wconf 66' lang='lat' dir='ltr'><strong>sententie</strong></span> <span class='ocrx_word' id='word_1_277' title='bbox 2608 815 2722 852; x_wconf 58' lang='lat' dir='ltr'><strong>sera</strong></span> 
     </span>
     <span class='ocr_line' id='line_1_57' title="bbox 1658 885 2732 935; baseline 0 -1"><span class='ocrx_word' id='word_1_278' title='bbox 1658 885 1822 935; x_wconf 81' lang='lat' dir='ltr'><strong>vieus.</strong></span> <span class='ocrx_word' id='word_1_279' title='bbox 1856 886 2008 935; x_wconf 83' lang='lat' dir='ltr'><strong>Idem.</strong></span> <span class='ocrx_word' id='word_1_280' title='bbox 2085 900 2088 905; x_wconf 88' lang='lat'>·</span> <span class='ocrx_word' id='word_1_281' title='bbox 2709 894 2732 919; x_wconf 49' lang='grc' dir='ltr'><strong>’ν</strong></span> 
     </span>
     <span class='ocr_line' id='line_1_58' title="bbox 1724 957 2727 1023; baseline -0.008 -12"><span class='ocrx_word' id='word_1_282' title='bbox 1724 962 1938 1011; x_wconf 75' lang='lat' dir='ltr'><strong>Monstri</strong></span> <span class='ocrx_word' id='word_1_283' title='bbox 1977 960 2137 1023; x_wconf 74' lang='lat' dir='ltr'><strong>alunt]</strong></span> <span class='ocrx_word' id='word_1_284' title='bbox 2206 959 2503 1009; x_wconf 76' lang='lat' dir='ltr'><strong>Monstrum</strong></span> <span class='ocrx_word' id='word_1_285' title='bbox 2546 957 2727 1019; x_wconf 74' lang='lat' dir='ltr'><strong>alitur,</strong></span> 
     </span>
     <span class='ocr_line' id='line_1_59' title="bbox 1658 1033 2731 1103; baseline -0.007 -15"><span class='ocrx_word' id='word_1_286' title='bbox 1658 1038 1892 1103; x_wconf 71' lang='lat' dir='ltr'><strong>uhi-quid</strong></span> <span class='ocrx_word' id='word_1_287' title='bbox 1915 1039 2109 1089; x_wconf 85' lang='lat' dir='ltr'><strong>occulti</strong></span> <span class='ocrx_word' id='word_1_288' title='bbox 2139 1037 2252 1086; x_wconf 82' lang='lat' dir='ltr'><strong>vitii</strong></span> <span class='ocrx_word' id='word_1_289' title='bbox 2277 1038 2445 1086; x_wconf 79' lang='lat' dir='ltr'><strong>latere</strong></span> <span class='ocrx_word' id='word_1_290' title='bbox 2467 1033 2731 1097; x_wconf 75' lang='lat' dir='ltr'><strong>significa·</strong></span> 
     </span>
     <span class='ocr_line' id='line_1_60' title="bbox 1659 1110 2726 1174; baseline -0.005 -11"><span class='ocrx_word' id='word_1_291' title='bbox 1659 1129 1790 1172; x_wconf 86' lang='lat' dir='ltr'><strong>mus,</strong></span> <span class='ocrx_word' id='word_1_292' title='bbox 1821 1114 1954 1162; x_wconf 84' lang='lat' dir='ltr'><strong>haud</strong></span> <span class='ocrx_word' id='word_1_293' title='bbox 1990 1114 2099 1163; x_wconf 89' lang='lat' dir='ltr'><strong>scio</strong></span> <span class='ocrx_word' id='word_1_294' title='bbox 2134 1127 2198 1162; x_wconf 87' lang='lat' dir='ltr'><strong>an</strong></span> <span class='ocrx_word' id='word_1_295' title='bbox 2229 1111 2351 1161; x_wconf 89' lang='lat' dir='ltr'><strong>inde</strong></span> <span class='ocrx_word' id='word_1_296' title='bbox 2374 1118 2585 1174; x_wconf 77' lang='lat' dir='ltr'><strong>sumpta</strong></span> <span class='ocrx_word' id='word_1_297' title='bbox 2605 1110 2726 1159; x_wconf 76' lang='lat' dir='ltr'><strong>Me—</strong></span> 
     </span>
     <span class='ocr_line' id='line_1_61' title="bbox 1660 1187 2726 1253; baseline -0.004 -14"><span class='ocrx_word' id='word_1_298' title='bbox 1660 1191 1804 1253; x_wconf 86' lang='lat' dir='ltr'><strong>taph.</strong></span> <span class='ocrx_word' id='word_1_299' title='bbox 1873 1190 2027 1243; x_wconf 82' lang='lat' dir='ltr'><strong>Quod</strong></span> <span class='ocrx_word' id='word_1_300' title='bbox 2073 1196 2302 1239; x_wconf 84' lang='lat' dir='ltr'><strong>monstra</strong></span> <span class='ocrx_word' id='word_1_301' title='bbox 2362 1189 2428 1238; x_wconf 91' lang='lat' dir='ltr'><strong>ob</strong></span> <span class='ocrx_word' id='word_1_302' title='bbox 2474 1187 2726 1250; x_wconf 77' lang='lat' dir='ltr'><strong>pudorem</strong></span> 
     </span>
     <span class='ocr_line' id='line_1_62' title="bbox 1660 1264 2727 1317; baseline -0.005 0"><span class='ocrx_word' id='word_1_303' title='bbox 1660 1267 1951 1317; x_wconf 84' lang='lat' dir='ltr'><strong>clanculum</strong></span> <span class='ocrx_word' id='word_1_304' title='bbox 1987 1268 2211 1317; x_wconf 77' lang='lat' dir='ltr'><strong>alantur.</strong></span> <span class='ocrx_word' id='word_1_305' title='bbox 2279 1266 2481 1316; x_wconf 85' lang='lat' dir='ltr'><strong>Erasm.</strong></span> <span class='ocrx_word' id='word_1_306' title='bbox 2515 1264 2727 1314; x_wconf 71' lang='lat' dir='ltr'><strong>Far-nab.</strong></span> 
     </span>
     <span class='ocr_line' id='line_1_63' title="bbox 1669 1339 2728 1407; baseline -0.001 -15"><span class='ocrx_word' id='word_1_307' title='bbox 1669 1376 1678 1379; x_wconf 96' lang='lat'><em>-</em></span> <span class='ocrx_word' id='word_1_308' title='bbox 1727 1344 1925 1392; x_wconf 78' lang='lat' dir='ltr'><strong>Nemini</strong></span> <span class='ocrx_word' id='word_1_309' title='bbox 1945 1343 2157 1407; x_wconf 72' lang='lat' dir='ltr'><strong>obtrudi]</strong></span> <span class='ocrx_word' id='word_1_310' title='bbox 2192 1343 2332 1392; x_wconf 86' lang='lat' dir='ltr'><strong>Mire</strong></span> <span class='ocrx_word' id='word_1_311' title='bbox 2353 1341 2562 1398; x_wconf 72' lang='lat' dir='ltr'><strong>obtrudi,</strong></span> <span class='ocrx_word' id='word_1_312' title='bbox 2578 1339 2728 1404; x_wconf 69' lang='lat' dir='ltr'><strong>quasi</strong></span> 
     </span>
     <span class='ocr_line' id='line_1_64' title="bbox 1662 1417 2560 1470; baseline 0 -3"><span class='ocrx_word' id='word_1_313' title='bbox 1662 1418 1826 1468; x_wconf 82' lang='lat' dir='ltr'><strong>invito</strong></span> <span class='ocrx_word' id='word_1_314' title='bbox 1849 1426 1905 1469; x_wconf 90' lang='lat' dir='ltr'><strong>et</strong></span> <span class='ocrx_word' id='word_1_315' title='bbox 1923 1426 2091 1469; x_wconf 86' lang='lat' dir='ltr'><strong>totum</strong></span> <span class='ocrx_word' id='word_1_316' title='bbox 2113 1434 2230 1470; x_wconf 86' lang='lat' dir='ltr'><strong>cum</strong></span> <span class='ocrx_word' id='word_1_317' title='bbox 2273 1417 2560 1469; x_wconf 75' lang='lat' dir='ltr'><strong>iracundin.</strong></span> 
     </span>
     <span class='ocr_line' id='line_1_65' title="bbox 1662 1494 2609 1559; baseline 0.001 -16"><span class='ocrx_word' id='word_1_318' title='bbox 1662 1496 1811 1556; x_wconf 74' lang='lat' dir='ltr'><strong>trudi,</strong></span> <span class='ocrx_word' id='word_1_319' title='bbox 1846 1494 2072 1559; x_wconf 83' lang='lat' dir='ltr'><strong>infringi,</strong></span> <span class='ocrx_word' id='word_1_320' title='bbox 2104 1496 2338 1559; x_wconf 79' lang='lat' dir='ltr'><strong>impingi.</strong></span> <span class='ocrx_word' id='word_1_321' title='bbox 2372 1497 2609 1546; x_wconf 63' lang='lat' dir='ltr'><strong>Donata.</strong></span> 
     </span>
    </p>

    <p class='ocr_par' dir='ltr' id='par_1_16' title="bbox 1663 1573 2733 1855">
     <span class='ocr_line' id='line_1_66' title="bbox 1728 1573 2726 1637; baseline 0.001 -15"><span class='ocrx_word' id='word_1_322' title='bbox 1728 1577 1793 1623; x_wconf 85' lang='grc'><strong>16</strong></span> <span class='ocrx_word' id='word_1_323' title='bbox 1824 1574 1937 1622; x_wconf 76' lang='lat' dir='ltr'><strong>Itur</strong></span> <span class='ocrx_word' id='word_1_324' title='bbox 1958 1577 2021 1623; x_wconf 78' lang='lat' dir='ltr'><strong>ad</strong></span> <span class='ocrx_word' id='word_1_325' title='bbox 2041 1573 2137 1637; x_wconf 79' lang='lat' dir='ltr'><strong>me]</strong></span> <span class='ocrx_word' id='word_1_326' title='bbox 2170 1575 2361 1625; x_wconf 89' lang='lat' dir='ltr'><strong>Dotem</strong></span> <span class='ocrx_word' id='word_1_327' title='bbox 2391 1582 2588 1624; x_wconf 83' lang='lat' dir='ltr'><strong>amator</strong></span> <span class='ocrx_word' id='word_1_328' title='bbox 2622 1587 2726 1623; x_wconf 88' lang='lat' dir='ltr'><strong>non</strong></span> 
     </span>
     <span class='ocr_line' id='line_1_67' title="bbox 1663 1647 2733 1713; baseline -0.004 -13"><span class='ocrx_word' id='word_1_329' title='bbox 1663 1650 1889 1713; x_wconf 80' lang='lat' dir='ltr'><strong>cogitat:</strong></span> <span class='ocrx_word' id='word_1_330' title='bbox 1923 1658 1980 1700; x_wconf 84' lang='lat' dir='ltr'><strong>et</strong></span> <span class='ocrx_word' id='word_1_331' title='bbox 2001 1651 2067 1700; x_wconf 85' lang='lat' dir='ltr'><strong>ad</strong></span> <span class='ocrx_word' id='word_1_332' title='bbox 2092 1652 2344 1702; x_wconf 79' lang='lat' dir='ltr'><strong>vilitatem</strong></span> <span class='ocrx_word' id='word_1_333' title='bbox 2382 1650 2559 1710; x_wconf 88' lang='lat' dir='ltr'><strong>trahit,</strong></span> <span class='ocrx_word' id='word_1_334' title='bbox 2586 1647 2733 1713; x_wconf 75' lang='lat' dir='ltr'><strong>quod·</strong></span> 
     </span>
     <span class='ocr_line' id='line_1_68' title="bbox 1664 1727 2732 1794; baseline 0 -18"><span class='ocrx_word' id='word_1_335' title='bbox 1664 1727 1802 1777; x_wconf 89' lang='lat' dir='ltr'><strong>ultro</strong></span> <span class='ocrx_word' id='word_1_336' title='bbox 1825 1730 1988 1793; x_wconf 82' lang='lat' dir='ltr'><strong>venit,</strong></span> <span class='ocrx_word' id='word_1_337' title='bbox 2020 1737 2076 1779; x_wconf 90' lang='lat' dir='ltr'><strong>et</strong></span> <span class='ocrx_word' id='word_1_338' title='bbox 2100 1728 2236 1794; x_wconf 90' lang='lat' dir='ltr'><strong>quod</strong></span> <span class='ocrx_word' id='word_1_339' title='bbox 2272 1743 2328 1778; x_wconf 88' lang='lat' dir='ltr'><strong>se</strong></span> <span class='ocrx_word' id='word_1_340' title='bbox 2355 1729 2550 1792; x_wconf 77' lang='lat' dir='ltr'><strong>repetit</strong></span> <span class='ocrx_word' id='word_1_341' title='bbox 2573 1728 2732 1778; x_wconf 86' lang='lat' dir='ltr'><strong>Chre·</strong></span> 
     </span>
     <span class='ocr_line' id='line_1_69' title="bbox 1664 1803 1972 1855; baseline 0.01 -3"><span class='ocrx_word' id='word_1_342' title='bbox 1664 1817 1802 1853; x_wconf 70' lang='lat' dir='ltr'><strong>mes.¹</strong></span> <span class='ocrx_word' id='word_1_343' title='bbox 1822 1803 1972 1855; x_wconf 82' lang='lat' dir='ltr'><strong>Idem.</strong></span> 
     </span>
    </p>

    <p class='ocr_par' dir='ltr' id='par_1_17' title="bbox 1664 1881 2730 2176">
     <span class='ocr_line' id='line_1_70' title="bbox 1731 1881 2729 1946; baseline 0 -16"><span class='ocrx_word' id='word_1_344' title='bbox 1731 1881 1842 1930; x_wconf 71' lang='lat' dir='ltr'><strong>Itur</strong></span> <span class='ocrx_word' id='word_1_345' title='bbox 1859 1885 1922 1931; x_wconf 80' lang='lat' dir='ltr'><strong>ad</strong></span> <span class='ocrx_word' id='word_1_346' title='bbox 1935 1882 2032 1946; x_wconf 82' lang='lat' dir='ltr'><strong>me]</strong></span> <span class='ocrx_word' id='word_1_347' title='bbox 2045 1882 2203 1935; x_wconf 79' lang='lat' dir='ltr'><strong>Quasi</strong></span> <span class='ocrx_word' id='word_1_348' title='bbox 2223 1882 2290 1934; x_wconf 90' lang='lat' dir='ltr'><strong>ad</strong></span> <span class='ocrx_word' id='word_1_349' title='bbox 2310 1884 2527 1932; x_wconf 87' lang='lat' dir='ltr'><strong>hostem.</strong></span> <span class='ocrx_word' id='word_1_350' title='bbox 2571 1882 2729 1932; x_wconf 86' lang='lat' dir='ltr'><strong>Plau·</strong></span> 
     </span>
     <span class='ocr_line' id='line_1_71' title="bbox 1666 1957 2730 2011; baseline 0.002 -5"><span class='ocrx_word' id='word_1_351' title='bbox 1666 1962 1750 2007; x_wconf 86' lang='lat' dir='ltr'><strong>tus</strong></span> <span class='ocrx_word' id='word_1_352' title='bbox 1790 1958 1843 2007; x_wconf 90' lang='lat' dir='ltr'><strong>in</strong></span> <span class='ocrx_word' id='word_1_353' title='bbox 1877 1960 2166 2011; x_wconf 80' lang='lat' dir='ltr'><strong>Pseudolo:</strong></span> <span class='ocrx_word' id='word_1_354' title='bbox 2203 1960 2219 1988; x_wconf 86' lang='lat'>‘</span> <span class='ocrx_word' id='word_1_355' title='bbox 2241 1959 2358 2009; x_wconf 84' lang='lat' dir='ltr'><strong>Itur</strong></span> <span class='ocrx_word' id='word_1_356' title='bbox 2380 1959 2444 2008; x_wconf 87' lang='lat' dir='ltr'><strong>ad</strong></span> <span class='ocrx_word' id='word_1_357' title='bbox 2468 1957 2588 2008; x_wconf 50' lang='lat' dir='ltr'><strong>med</strong></span> <span class='ocrx_word' id='word_1_358' title='bbox 2656 1958 2730 2008; x_wconf 86' lang='lat' dir='ltr'><strong>Et</strong></span> 
     </span>
     <span class='ocr_line' id='line_1_72' title="bbox 1664 2034 2730 2100; baseline 0 -17"><span class='ocrx_word' id='word_1_359' title='bbox 1664 2034 1947 2100; x_wconf 80' lang='lat' dir='ltr'><strong>Virgilius:</strong></span> <span class='ocrx_word' id='word_1_360' title='bbox 1982 2039 1998 2065; x_wconf 88' lang='lat'>‘</span> <span class='ocrx_word' id='word_1_361' title='bbox 2024 2038 2187 2086; x_wconf 87' lang='lat' dir='ltr'><strong>Simul</strong></span> <span class='ocrx_word' id='word_1_362' title='bbox 2221 2050 2343 2086; x_wconf 81' lang='lat' dir='ltr'><strong>ense</strong></span> <span class='ocrx_word' id='word_1_363' title='bbox 2382 2035 2568 2085; x_wconf 76' lang='lat' dir='ltr'><strong>relicto</strong></span> <span class='ocrx_word' id='word_1_364' title='bbox 2607 2034 2730 2085; x_wconf 84' lang='lat' dir='ltr'><strong>Ibat</strong></span> 
     </span>
     <span class='ocr_line' id='line_1_73' title="bbox 1665 2109 2558 2176; baseline 0 -16"><span class='ocrx_word' id='word_1_365' title='bbox 1665 2109 1717 2160; x_wconf 90' lang='lat' dir='ltr'><strong>in</strong></span> <span class='ocrx_word' id='word_1_366' title='bbox 1743 2112 2019 2176; x_wconf 80' lang='lat' dir='ltr'><strong>Euryalum</strong></span> <span class='ocrx_word' id='word_1_367' title='bbox 2044 2116 2304 2175; x_wconf 86' lang='lat' dir='ltr'><strong>propere.’</strong></span> <span class='ocrx_word' id='word_1_368' title='bbox 2336 2113 2483 2160; x_wconf 80' lang='lat' dir='ltr'><strong>Idem.</strong></span> <span class='ocrx_word' id='word_1_369' title='bbox 2553 2132 2558 2153; x_wconf 74' lang='lat'>2</span> 
     </span>
    </p>

    <p class='ocr_par' dir='ltr' id='par_1_18' title="bbox 1667 2187 2730 2315">
     <span class='ocr_line' id='line_1_74' title="bbox 1679 2187 2729 2252; baseline -0.001 -14.944"><span class='ocrx_word' id='word_1_370' title='bbox 1679 2188 1907 2237; x_wconf 71' lang='lat' dir='ltr'><strong>Oratio</strong></span> <span class='ocrx_word' id='word_1_371' title='bbox 1946 2188 2071 2252; x_wconf 76' lang='lat' dir='ltr'><strong>hoec]</strong></span> <span class='ocrx_word' id='word_1_372' title='bbox 2127 2189 2299 2238; x_wconf 83' lang='lat' dir='ltr'><strong>Etiam</strong></span> <span class='ocrx_word' id='word_1_373' title='bbox 2345 2200 2511 2251; x_wconf 87' lang='lat' dir='ltr'><strong>pauca</strong></span> <span class='ocrx_word' id='word_1_374' title='bbox 2567 2187 2729 2237; x_wconf 80' lang='lat' dir='ltr'><strong>verba</strong></span> 
     </span>
     <span class='ocr_line' id='line_1_75' title="bbox 1667 2264 2730 2315; baseline -0.002 -2"><span class='ocrx_word' id='word_1_375' title='bbox 1667 2272 1874 2314; x_wconf 85' lang='lat' dir='ltr'><strong>veteres</strong></span> <span class='ocrx_word' id='word_1_376' title='bbox 1893 2267 2151 2314; x_wconf 78' lang='lat' dir='ltr'><strong>orationem</strong></span> <span class='ocrx_word' id='word_1_377' title='bbox 2172 2264 2435 2315; x_wconf 86' lang='lat' dir='ltr'><strong>dicebant.</strong></span> <span class='ocrx_word' id='word_1_378' title='bbox 2471 2265 2621 2312; x_wconf 72' lang='lat' dir='ltr'><strong>Idem.</strong></span> <span class='ocrx_word' id='word_1_379' title='bbox 2721 2282 2730 2305; x_wconf 80' lang='grc' dir='ltr'><strong>ι</strong></span> 
     </span>
    </p>

    <p class='ocr_par' dir='ltr' id='par_1_19' title="bbox 1665 2338 2731 2545">
     <span class='ocr_line' id='line_1_76' title="bbox 1732 2338 2727 2404; baseline 0 -17"><span class='ocrx_word' id='word_1_380' title='bbox 1732 2342 1793 2388; x_wconf 87' lang='grc'><strong>17</strong></span> <span class='ocrx_word' id='word_1_381' title='bbox 1813 2341 1943 2388; x_wconf 80' lang='lat' dir='ltr'><strong>Nam</strong></span> <span class='ocrx_word' id='word_1_382' title='bbox 1964 2342 2079 2403; x_wconf 80' lang='lat' dir='ltr'><strong>quid</strong></span> <span class='ocrx_word' id='word_1_383' title='bbox 2100 2341 2209 2404; x_wconf 81' lang='lat' dir='ltr'><strong>ego]</strong></span> <span class='ocrx_word' id='word_1_384' title='bbox 2230 2340 2389 2391; x_wconf 82' lang='lat' dir='ltr'><strong>Quasi</strong></span> <span class='ocrx_word' id='word_1_385' title='bbox 2408 2340 2567 2400; x_wconf 85' lang='lat' dir='ltr'><strong>dicat,</strong></span> <span class='ocrx_word' id='word_1_386' title='bbox 2586 2338 2727 2391; x_wconf 80' lang='lat' dir='ltr'><strong>Quid</strong></span> 
     </span>
     <span class='ocr_line' id='line_1_77' title="bbox 1665 2415 2731 2483; baseline 0 -18"><span class='ocrx_word' id='word_1_387' title='bbox 1665 2429 1763 2480; x_wconf 79' lang='lat' dir='ltr'><strong>ego</strong></span> <span class='ocrx_word' id='word_1_388' title='bbox 1786 2415 1853 2466; x_wconf 87' lang='lat' dir='ltr'><strong>de</strong></span> <span class='ocrx_word' id='word_1_389' title='bbox 1876 2423 2026 2481; x_wconf 86' lang='lat' dir='ltr'><strong>patre</strong></span> <span class='ocrx_word' id='word_1_390' title='bbox 2046 2416 2235 2480; x_wconf 88' lang='lat' dir='ltr'><strong>dicam,</strong></span> <span class='ocrx_word' id='word_1_391' title='bbox 2273 2416 2361 2483; x_wconf 91' lang='lat' dir='ltr'><strong>qui</strong></span> <span class='ocrx_word' id='word_1_392' title='bbox 2399 2416 2622 2465; x_wconf 84' lang='lat' dir='ltr'><strong>alienum</strong></span> <span class='ocrx_word' id='word_1_393' title='bbox 2644 2429 2731 2465; x_wconf 85' lang='lat' dir='ltr'><strong>ae·</strong></span> 
     </span>
     <span class='ocr_line' id='line_1_78' title="bbox 1666 2494 2510 2545; baseline -0.001 -3"><span class='ocrx_word' id='word_1_394' title='bbox 1666 2495 1958 2543; x_wconf 83' lang='lat' dir='ltr'><strong>cusaverim</strong></span> <span class='ocrx_word' id='word_1_395' title='bbox 1979 2494 2324 2545; x_wconf 85' lang='lat' dir='ltr'><strong>Chremetem.</strong></span> <span class='ocrx_word' id='word_1_396' title='bbox 2357 2494 2510 2544; x_wconf 74' lang='lat' dir='ltr'><strong>Idem.</strong></span> 
     </span>
    </p>

    <p class='ocr_par' dir='ltr' id='par_1_20' title="bbox 1667 2568 2733 2787">
     <span class='ocr_line' id='line_1_79' title="bbox 1673 2568 2730 2633; baseline 0.002 -18"><span class='ocrx_word' id='word_1_397' title='bbox 1673 2611 1680 2614; x_wconf 91' lang='lat'><strong>.</strong></span> <span class='ocrx_word' id='word_1_398' title='bbox 1731 2568 1862 2617; x_wconf 71' lang='lat' dir='ltr'><strong>Nam</strong></span> <span class='ocrx_word' id='word_1_399' title='bbox 1880 2569 1994 2632; x_wconf 79' lang='lat' dir='ltr'><strong>quid</strong></span> <span class='ocrx_word' id='word_1_400' title='bbox 2014 2569 2124 2633; x_wconf 71' lang='lat' dir='ltr'><strong>ego]</strong></span> <span class='ocrx_word' id='word_1_401' title='bbox 2156 2570 2315 2619; x_wconf 86' lang='lat' dir='ltr'><strong>Redit</strong></span> <span class='ocrx_word' id='word_1_402' title='bbox 2334 2569 2398 2620; x_wconf 84' lang='lat' dir='ltr'><strong>ad</strong></span> <span class='ocrx_word' id='word_1_403' title='bbox 2426 2575 2652 2631; x_wconf 82' lang='lat' dir='ltr'><strong>patrem,</strong></span> <span class='ocrx_word' id='word_1_404' title='bbox 2675 2568 2730 2617; x_wconf 90' lang='lat' dir='ltr'><strong>in</strong></span> 
     </span>
     <span class='ocr_line' id='line_1_80' title="bbox 1668 2644 2733 2708; baseline 0.002 -16"><span class='ocrx_word' id='word_1_405' title='bbox 1668 2658 1770 2708; x_wconf 85' lang='lat' dir='ltr'><strong>quo</strong></span> <span class='ocrx_word' id='word_1_406' title='bbox 1815 2658 1948 2696; x_wconf 86' lang='lat' dir='ltr'><strong>nove</strong></span> <span class='ocrx_word' id='word_1_407' title='bbox 1984 2647 2081 2697; x_wconf 90' lang='lat' dir='ltr'><strong>hoc</strong></span> <span class='ocrx_word' id='word_1_408' title='bbox 2126 2652 2358 2702; x_wconf 83' lang='lat' dir='ltr'><strong>accusat,</strong></span> <span class='ocrx_word' id='word_1_409' title='bbox 2401 2644 2733 2708; x_wconf 73' lang='lat' dir='ltr'><strong>negligenter</strong></span> 
     </span>
     <span class='ocr_line' id='line_1_81' title="bbox 1667 2721 2642 2787; baseline 0 -16"><span class='ocrx_word' id='word_1_410' title='bbox 1667 2734 1785 2771; x_wconf 89' lang='lat' dir='ltr'><strong>eum</strong></span> <span class='ocrx_word' id='word_1_411' title='bbox 1809 2736 1984 2785; x_wconf 76' lang='lat' dir='ltr'><strong>agere,</strong></span> <span class='ocrx_word' id='word_1_412' title='bbox 2002 2721 2138 2787; x_wconf 88' lang='lat' dir='ltr'><strong>quod</strong></span> <span class='ocrx_word' id='word_1_413' title='bbox 2162 2723 2293 2774; x_wconf 89' lang='lat' dir='ltr'><strong>nolit</strong></span> <span class='ocrx_word' id='word_1_414' title='bbox 2315 2721 2446 2772; x_wconf 83' lang='lat' dir='ltr'><strong>fieri.</strong></span> <span class='ocrx_word' id='word_1_415' title='bbox 2480 2722 2642 2772; x_wconf 73' lang='lat' dir='ltr'><strong>Idem·-</strong></span> 
     </span>
    </p>

    <p class='ocr_par' dir='ltr' id='par_1_21' title="bbox 1666 2800 2736 3015">
     <span class='ocr_line' id='line_1_82' title="bbox 1734 2800 2736 2864; baseline 0.001 -16"><span class='ocrx_word' id='word_1_416' title='bbox 1734 2800 1861 2848; x_wconf 83' lang='lat' dir='ltr'><strong>Nam</strong></span> <span class='ocrx_word' id='word_1_417' title='bbox 1883 2800 1998 2863; x_wconf 76' lang='lat' dir='ltr'><strong>quid</strong></span> <span class='ocrx_word' id='word_1_418' title='bbox 2032 2815 2119 2863; x_wconf 76' lang='lat' dir='ltr'><strong>ego</strong></span> <span class='ocrx_word' id='word_1_419' title='bbox 2153 2815 2276 2850; x_wconf 72' lang='lat' dir='ltr'><strong>nunc</strong></span> <span class='ocrx_word' id='word_1_420' title='bbox 2308 2800 2463 2850; x_wconf 76' lang='lat' dir='ltr'><strong>dicam</strong></span> <span class='ocrx_word' id='word_1_421' title='bbox 2482 2801 2541 2850; x_wconf 81' lang='lat' dir='ltr'><strong>de</strong></span> <span class='ocrx_word' id='word_1_422' title='bbox 2558 2804 2736 2864; x_wconf 72' lang='lat' dir='ltr'><strong>patre?</strong></span> 
     </span>
     <span class='ocr_line' id='line_1_83' title="bbox 1666 2876 2733 2942; baseline 0.001 -17"><span class='ocrx_word' id='word_1_423' title='bbox 1666 2876 1750 2942; x_wconf 74' lang='lat' dir='ltr'><strong>ah]</strong></span> <span class='ocrx_word' id='word_1_424' title='bbox 1784 2877 1978 2927; x_wconf 88' lang='lat' dir='ltr'><strong>Versus</strong></span> <span class='ocrx_word' id='word_1_425' title='bbox 2014 2885 2095 2929; x_wconf 87' lang='lat' dir='ltr'><strong>est</strong></span> <span class='ocrx_word' id='word_1_426' title='bbox 2129 2878 2353 2927; x_wconf 82' lang='lat' dir='ltr'><strong>dimeter</strong></span> <span class='ocrx_word' id='word_1_427' title='bbox 2381 2877 2652 2940; x_wconf 82' lang='lat' dir='ltr'><strong>iambicus,</strong></span> <span class='ocrx_word' id='word_1_428' title='bbox 2683 2877 2733 2930; x_wconf 70' lang='lat' dir='ltr'><strong>si</strong></span> 
     </span>
     <span class='ocr_line' id='line_1_84' title="bbox 1667 2952 2481 3015; baseline -0.001 -15"><span class='ocrx_word' id='word_1_429' title='bbox 1667 2964 1733 3000; x_wconf 83' lang='lat' dir='ltr'><strong>ex</strong></span> <span class='ocrx_word' id='word_1_430' title='bbox 1756 2953 1891 3015; x_wconf 80' lang='lat' dir='ltr'><strong>quid,</strong></span> <span class='ocrx_word' id='word_1_431' title='bbox 1911 2953 1946 3002; x_wconf 87' lang='lat' dir='ltr'><strong>d</strong></span> <span class='ocrx_word' id='word_1_432' title='bbox 1969 2954 2214 3003; x_wconf 83' lang='lat' dir='ltr'><strong>elidatur.</strong></span> <span class='ocrx_word' id='word_1_433' title='bbox 2251 2952 2481 3003; x_wconf 49' lang='lat' dir='ltr'><strong>Faernus.</strong></span> 
     </span>
    </p>

    <p class='ocr_par' dir='ltr' id='par_1_22' title="bbox 1666 3027 2734 3169">
     <span class='ocr_line' id='line_1_85' title="bbox 1735 3027 2734 3094; baseline 0.003 -18"><span class='ocrx_word' id='word_1_434' title='bbox 1735 3031 1796 3077; x_wconf 90' lang='lat'><strong>18</strong></span> <span class='ocrx_word' id='word_1_435' title='bbox 1823 3030 2082 3080; x_wconf 63' lang='lat' dir='ltr'><strong>Tantumne</strong></span> <span class='ocrx_word' id='word_1_436' title='bbox 2101 3030 2225 3094; x_wconf 81' lang='lat' dir='ltr'><strong>rem]</strong></span> <span class='ocrx_word' id='word_1_437' title='bbox 2254 3030 2512 3079; x_wconf 87' lang='lat' dir='ltr'><strong>Summam</strong></span> <span class='ocrx_word' id='word_1_438' title='bbox 2537 3027 2646 3079; x_wconf 82' lang='lat' dir='ltr'><strong>voti</strong></span> <span class='ocrx_word' id='word_1_439' title='bbox 2669 3043 2734 3079; x_wconf 88' lang='lat' dir='ltr'><strong>ac</strong></span> 
     </span>
     <span class='ocr_line' id='line_1_86' title="bbox 1666 3104 2169 3169; baseline 0.002 -15"><span class='ocrx_word' id='word_1_440' title='bbox 1666 3104 1916 3169; x_wconf 84' lang='lat' dir='ltr'><strong>nuptias.</strong></span> <span class='ocrx_word' id='word_1_441' title='bbox 1909 3107 2169 3157; x_wconf 69' lang='lat' dir='ltr'><strong>Donatus.</strong></span> 
     </span>
    </p>

    <p class='ocr_par' dir='ltr' id='par_1_23' title="bbox 1665 3180 2736 3325">
     <span class='ocr_line' id='line_1_87' title="bbox 1730 3180 2736 3257; baseline 0.001 -28"><span class='ocrx_word' id='word_1_442' title='bbox 1730 3181 2027 3233; x_wconf 75' lang='lat' dir='ltr'><strong>Proeieriens</strong></span> <span class='ocrx_word' id='word_1_443' title='bbox 2047 3182 2203 3247; x_wconf 81' lang='lat' dir='ltr'><strong>modo]</strong></span> <span class='ocrx_word' id='word_1_444' title='bbox 2235 3183 2340 3233; x_wconf 85' lang='lat' dir='ltr'><strong>Hic</strong></span> <span class='ocrx_word' id='word_1_445' title='bbox 2362 3180 2597 3232; x_wconf 82' lang='lat' dir='ltr'><strong>ostendit</strong></span> <span class='ocrx_word' id='word_1_446' title='bbox 2616 3194 2736 3257; x_wconf 81' lang='lat' dir='ltr'><strong>spe-</strong></span> 
     </span>
     <span class='ocr_line' id='line_1_88' title="bbox 1665 3258 2536 3325; baseline 0 -17"><span class='ocrx_word' id='word_1_447' title='bbox 1665 3258 1868 3308; x_wconf 83' lang='lat' dir='ltr'><strong>cialiter</strong></span> <span class='ocrx_word' id='word_1_448' title='bbox 1889 3261 2010 3325; x_wconf 88' lang='lat' dir='ltr'><strong>quid</strong></span> <span class='ocrx_word' id='word_1_449' title='bbox 2035 3274 2162 3324; x_wconf 73' lang='lat' dir='ltr'><strong>pecc</strong></span> <span class='ocrx_word' id='word_1_450' title='bbox 2166 3260 2351 3310; x_wconf 84' lang='lat' dir='ltr'><strong>averit.</strong></span> <span class='ocrx_word' id='word_1_451' title='bbox 2383 3260 2536 3309; x_wconf 78' lang='lat' dir='ltr'><strong>Idem.</strong></span> 
     </span>
    </p>

    <p class='ocr_par' dir='ltr' id='par_1_24' title="bbox 1664 3334 2741 4399">
     <span class='ocr_line' id='line_1_89' title="bbox 1730 3334 2735 3400; baseline -0.002 -16"><span class='ocrx_word' id='word_1_452' title='bbox 1730 3335 2028 3387; x_wconf 76' lang='lat' dir='ltr'><strong>Proeteriens</strong></span> <span class='ocrx_word' id='word_1_453' title='bbox 2070 3339 2206 3386; x_wconf 82' lang='lat' dir='ltr'><strong>modo</strong></span> <span class='ocrx_word' id='word_1_454' title='bbox 2243 3336 2361 3386; x_wconf 74' lang='lat' dir='ltr'><strong>mihi</strong></span> <span class='ocrx_word' id='word_1_455' title='bbox 2389 3336 2517 3400; x_wconf 77' lang='lat' dir='ltr'><strong>opud</strong></span> <span class='ocrx_word' id='word_1_456' title='bbox 2544 3334 2735 3396; x_wconf 73' lang='lat' dir='ltr'><strong>sorum,</strong></span> 
     </span>
     <span class='ocr_line' id='line_1_90' title="bbox 1664 3409 2733 3478; baseline 0 -18"><span class='ocrx_word' id='word_1_457' title='bbox 1664 3410 1770 3473; x_wconf 62' lang='lat' dir='ltr'><strong>ism]</strong></span> <span class='ocrx_word' id='word_1_458' title='bbox 1819 3411 2068 3464; x_wconf 73' lang='lat' dir='ltr'><strong>Donatus.-</strong></span> <span class='ocrx_word' id='word_1_459' title='bbox 2119 3416 2136 3444; x_wconf 90' lang='lat'>‘</span> <span class='ocrx_word' id='word_1_460' title='bbox 2177 3412 2418 3478; x_wconf 83' lang='lat' dir='ltr'><strong>Undique</strong></span> <span class='ocrx_word' id='word_1_461' title='bbox 2475 3409 2733 3464; x_wconf 82' lang='lat' dir='ltr'><strong>conflatur</strong></span> 
     </span>
     <span class='ocr_line' id='line_1_91' title="bbox 1667 3486 2736 3555; baseline 0.001 -19"><span class='ocrx_word' id='word_1_462' title='bbox 1667 3488 1959 3538; x_wconf 79' lang='lat' dir='ltr'><strong>excusatio&#39;</strong></span> <span class='ocrx_word' id='word_1_463' title='bbox 1994 3491 2134 3555; x_wconf 78' lang='lat' dir='ltr'><strong>[lege</strong></span> <span class='ocrx_word' id='word_1_464' title='bbox 2171 3490 2439 3540; x_wconf 64' lang='lat' dir='ltr'><strong>ascendia:</strong></span> <span class='ocrx_word' id='word_1_465' title='bbox 2481 3488 2558 3538; x_wconf 77' lang='lat' dir='ltr'><strong>ita</strong></span> <span class='ocrx_word' id='word_1_466' title='bbox 2594 3486 2736 3538; x_wconf 86' lang='lat' dir='ltr'><strong>enim</strong></span> 
     </span>
     <span class='ocr_line' id='line_1_92' title="bbox 1670 3565 2737 3630; baseline 0.005 -18"><span class='ocrx_word' id='word_1_467' title='bbox 1670 3565 1850 3614; x_wconf 84' lang='lat' dir='ltr'><strong>volunt</strong></span> <span class='ocrx_word' id='word_1_468' title='bbox 1885 3567 2261 3630; x_wconf 78' lang='lat' dir='ltr'><strong>praecedentia,</strong></span> <span class='ocrx_word' id='word_1_469' title='bbox 2289 3567 2414 3616; x_wconf 78' lang='lat' dir='ltr'><strong>redit</strong></span> <span class='ocrx_word' id='word_1_470' title='bbox 2435 3566 2498 3614; x_wconf 81' lang='lat' dir='ltr'><strong>ud</strong></span> <span class='ocrx_word' id='word_1_471' title='bbox 2526 3568 2737 3628; x_wconf 68' lang='lat' dir='ltr'><strong>putrem,</strong></span> 
     </span>
     <span class='ocr_line' id='line_1_93' title="bbox 1666 3640 2740 3710; baseline 0.01 -20"><span class='ocrx_word' id='word_1_472' title='bbox 1666 3641 1721 3690; x_wconf 80' lang='lat' dir='ltr'><strong>in</strong></span> <span class='ocrx_word' id='word_1_473' title='bbox 1763 3658 1852 3705; x_wconf 83' lang='lat' dir='ltr'><strong>quo</strong></span> <span class='ocrx_word' id='word_1_474' title='bbox 1896 3644 1981 3694; x_wconf 70' lang='lat' dir='ltr'><strong>hoc</strong></span> <span class='ocrx_word' id='word_1_475' title='bbox 2022 3653 2231 3710; x_wconf 75' lang='lat' dir='ltr'><strong>accusat,</strong></span> <span class='ocrx_word' id='word_1_476' title='bbox 2260 3646 2369 3710; x_wconf 56' lang='grc' dir='ltr'><strong>ξω]</strong></span> <span class='ocrx_word' id='word_1_477' title='bbox 2413 3646 2430 3672; x_wconf 87' lang='lat'>‘</span> <span class='ocrx_word' id='word_1_478' title='bbox 2452 3645 2534 3696; x_wconf 81' lang='lat' dir='ltr'><strong>Ex</strong></span> <span class='ocrx_word' id='word_1_479' title='bbox 2565 3640 2740 3701; x_wconf 69' lang='lat' dir='ltr'><strong>facto.</strong></span> 
     </span>
     <span class='ocr_line' id='line_1_94' title="bbox 1668 3715 2738 3785; baseline -0.004 -16"><span class='ocrx_word' id='word_1_480' title='bbox 1668 3719 1807 3783; x_wconf 91' lang='lat' dir='ltr'><strong>quod</strong></span> <span class='ocrx_word' id='word_1_481' title='bbox 1839 3723 2153 3784; x_wconf 72' lang='lat' dir='ltr'><strong>preter-iem,-</strong></span> <span class='ocrx_word' id='word_1_482' title='bbox 2186 3737 2252 3772; x_wconf 84' lang='lat' dir='ltr'><strong>ex</strong></span> <span class='ocrx_word' id='word_1_483' title='bbox 2292 3730 2550 3785; x_wconf 89' lang='lat' dir='ltr'><strong>tempore,</strong></span> <span class='ocrx_word' id='word_1_484' title='bbox 2590 3715 2738 3782; x_wconf 81' lang='lat' dir='ltr'><strong>qnod</strong></span> 
     </span>
     <span class='ocr_line' id='line_1_95' title="bbox 1665 3793 2739 3864; baseline 0.007 -20"><span class='ocrx_word' id='word_1_485' title='bbox 1665 3797 1798 3845; x_wconf 83' lang='lat' dir='ltr'><strong>modo</strong></span> <span class='ocrx_word' id='word_1_486' title='bbox 1814 3812 1836 3856; x_wconf 78' lang='lat'><strong>‚-</strong></span> <span class='ocrx_word' id='word_1_487' title='bbox 1868 3812 1933 3847; x_wconf 84' lang='lat' dir='ltr'><strong>ex</strong></span> <span class='ocrx_word' id='word_1_488' title='bbox 1957 3800 2092 3862; x_wconf 90' lang='lat' dir='ltr'><strong>loco,</strong></span> <span class='ocrx_word' id='word_1_489' title='bbox 2113 3800 2234 3864; x_wconf 82' lang='lat' dir='ltr'><strong>quia</strong></span> <span class='ocrx_word' id='word_1_490' title='bbox 2255 3799 2307 3848; x_wconf 74' lang='lat' dir='ltr'><strong>in</strong></span> <span class='ocrx_word' id='word_1_491' title='bbox 2317 3798 2431 3859; x_wconf 77' lang='lat' dir='ltr'><strong>foro</strong></span> <span class='ocrx_word' id='word_1_492' title='bbox 2445 3813 2466 3855; x_wconf 76' lang='lat'><strong>‚⁶</strong></span> <span class='ocrx_word' id='word_1_493' title='bbox 2486 3793 2739 3850; x_wconf 73' lang='lat' dir='ltr'><strong>exmodo</strong></span> 
     </span>
     <span class='ocr_line' id='line_1_96' title="bbox 1666 3868 2740 3938; baseline -0.003 -16"><span class='ocrx_word' id='word_1_494' title='bbox 1666 3879 1724 3923; x_wconf 84' lang='lat' dir='ltr'><strong>et</strong></span> <span class='ocrx_word' id='word_1_495' title='bbox 1762 3887 1829 3922; x_wconf 83' lang='lat' dir='ltr'><strong>ex</strong></span> <span class='ocrx_word' id='word_1_496' title='bbox 1865 3874 2060 3938; x_wconf 82' lang='lat' dir='ltr'><strong>verbis,</strong></span> <span class='ocrx_word' id='word_1_497' title='bbox 2096 3890 2221 3924; x_wconf 80' lang='lat' dir='ltr'><strong>uxor</strong></span> <span class='ocrx_word' id='word_1_498' title='bbox 2250 3874 2343 3924; x_wconf 76' lang='lat' dir='ltr'><strong>tibi</strong></span> <span class='ocrx_word' id='word_1_499' title='bbox 2372 3868 2740 3933; x_wconf 13' lang='lat' dir='ltr'><strong>ducendusest?</strong></span> 
     </span>
     <span class='ocr_line' id='line_1_97' title="bbox 1666 3946 2741 4013; baseline -0.005 -15"><span class='ocrx_word' id='word_1_500' title='bbox 1666 3948 1870 3999; x_wconf 88' lang='lat' dir='ltr'><strong>scilicet</strong></span> <span class='ocrx_word' id='word_1_501' title='bbox 1894 3963 1989 4012; x_wconf 87' lang='lat' dir='ltr'><strong>per</strong></span> <span class='ocrx_word' id='word_1_502' title='bbox 2012 3958 2191 4013; x_wconf 82' lang='lat' dir='ltr'><strong>partes</strong></span> <span class='ocrx_word' id='word_1_503' title='bbox 2211 3948 2462 4009; x_wconf 89' lang='lat' dir='ltr'><strong>ostendit,</strong></span> <span class='ocrx_word' id='word_1_504' title='bbox 2492 3946 2616 4012; x_wconf 83' lang='lat' dir='ltr'><strong>quid</strong></span> <span class='ocrx_word' id='word_1_505' title='bbox 2651 3960 2741 3995; x_wconf 87' lang='lat' dir='ltr'><strong>es·</strong></span> 
     </span>
     <span class='ocr_line' id='line_1_98' title="bbox 1667 4017 2737 4092; baseline -0.004 -16"><span class='ocrx_word' id='word_1_506' title='bbox 1667 4033 1769 4088; x_wconf 86' lang='lat' dir='ltr'><strong>set,</strong></span> <span class='ocrx_word' id='word_1_507' title='bbox 1803 4027 2134 4090; x_wconf 78' lang='lat' dir='ltr'><strong>negligenter</strong></span> <span class='ocrx_word' id='word_1_508' title='bbox 2172 4042 2327 4092; x_wconf 83' lang='lat' dir='ltr'><strong>agere</strong></span> <span class='ocrx_word' id='word_1_509' title='bbox 2365 4017 2565 4075; x_wconf 85' lang='lat' dir='ltr'><strong>tantam</strong></span> <span class='ocrx_word' id='word_1_510' title='bbox 2602 4036 2737 4072; x_wconf 88' lang='lat' dir='ltr'><strong>rem.</strong></span> 
     </span>
     <span class='ocr_line' id='line_1_99' title="bbox 1669 4099 2736 4164; baseline -0.005 -12"><span class='ocrx_word' id='word_1_511' title='bbox 1669 4103 1766 4152; x_wconf 88' lang='lat' dir='ltr'><strong>Est</strong></span> <span class='ocrx_word' id='word_1_512' title='bbox 1804 4117 1926 4151; x_wconf 88' lang='lat' dir='ltr'><strong>sane</strong></span> <span class='ocrx_word' id='word_1_513' title='bbox 1964 4103 2016 4152; x_wconf 93' lang='lat' dir='ltr'><strong>in</strong></span> <span class='ocrx_word' id='word_1_514' title='bbox 2058 4103 2134 4152; x_wconf 91' lang='lat' dir='ltr'><strong>his</strong></span> <span class='ocrx_word' id='word_1_515' title='bbox 2173 4102 2302 4152; x_wconf 84' lang='lat' dir='ltr'><strong>mira</strong></span> <span class='ocrx_word' id='word_1_516' title='bbox 2336 4099 2572 4164; x_wconf 68' lang='grc' dir='ltr'>ἐνέργειαι</span> <span class='ocrx_word' id='word_1_517' title='bbox 2608 4111 2736 4148; x_wconf 79' lang='lat' dir='ltr'><strong>mox</strong></span> 
     </span>
     <span class='ocr_line' id='line_1_100' title="bbox 1666 4173 2737 4245; baseline -0.007 -17"><span class='ocrx_word' id='word_1_518' title='bbox 1666 4177 1872 4242; x_wconf 69' lang='grc' dir='ltr'><strong>παρῳδίᾳ</strong></span> <span class='ocrx_word' id='word_1_519' title='bbox 1896 4181 2121 4245; x_wconf 59' lang='grc' dir='ltr'>μιμῆται-ἣ</span> <span class='ocrx_word' id='word_1_520' title='bbox 2151 4180 2311 4230; x_wconf 82' lang='lat' dir='ltr'><strong>veluti</strong></span> <span class='ocrx_word' id='word_1_521' title='bbox 2336 4173 2737 4239; x_wconf 81' lang='lat' dir='ltr'><strong>interpretando</strong></span> 
     </span>
     <span class='ocr_line' id='line_1_101' title="bbox 1669 4249 2736 4320; baseline -0.008 -13"><span class='ocrx_word' id='word_1_522' title='bbox 1669 4255 1917 4307; x_wconf 87' lang='lat' dir='ltr'><strong>accendit</strong></span> <span class='ocrx_word' id='word_1_523' title='bbox 1959 4256 2262 4320; x_wconf 83' lang='lat' dir='ltr'><strong>Pamphilus</strong></span> <span class='ocrx_word' id='word_1_524' title='bbox 2317 4249 2736 4317; x_wconf 73' lang='lat' dir='ltr'><strong>magnitudinem</strong></span> 
     </span>
     <span class='ocr_line' id='line_1_102' title="bbox 1669 4325 2739 4399; baseline -0.009 -14"><span class='ocrx_word' id='word_1_525' title='bbox 1669 4332 1875 4397; x_wconf 79' lang='lat' dir='ltr'><strong>doloris,</strong></span> <span class='ocrx_word' id='word_1_526' title='bbox 1908 4347 2003 4399; x_wconf 85' lang='lat' dir='ltr'><strong>per</strong></span> <span class='ocrx_word' id='word_1_527' title='bbox 2017 4332 2346 4399; x_wconf 32' lang='lat' dir='ltr'><strong>:inopinatam</strong></span> <span class='ocrx_word' id='word_1_528' title='bbox 2369 4325 2739 4393; x_wconf 64' lang='lat' dir='ltr'><strong>exaggeratio-‚2</strong></span> 
     </span>
    </p>
   </div>
   <div class='ocr_carea' id='block_1_5' title="bbox 2629 1416 2726 1466">
    <p class='ocr_par' dir='ltr' id='par_1_25' title="bbox 2629 1416 2726 1466">
     <span class='ocr_line' id='line_1_103' title="bbox 2629 1416 2726 1466; baseline 0 -10"><span class='ocrx_word' id='word_1_529' title='bbox 2629 1416 2726 1466; x_wconf 71' lang='grc' dir='ltr'><strong><em>οὺ.-</em></strong></span> 
     </span>
    </p>
   </div>
  </div>
 </body>
</html>
