3035 4941
470 365 475 372 ’
513 373 692 441 1628

520 535 795 599 imperiose
816 531 1060 599 loqueris,
1078 533 1308 600 quisquis
1343 550 1416 587 es.
1452 536 1581 588 Mer.

526 610 846 661 casaubonus.

586 688 819 750 Sati-emo
836 685 1057 750 imperio]
1081 686 1198 737 Hoc
1221 637 1418 750 legerat
1442 686 1583 736 Rufi-

520 778 647 815 nus·
687 779 805 814 nam
845 764 987 828 apud
1024 764 1311 828 Josephum
1352 770 1579 826 vertens,

517 839 930 906 δεσποτικώτερον,
974 840 1122 903 dixit,
1152 857 1240 906 pro
1274 841 1491 906 imperio,
1522 841 1578 891 id

521 924 622 979 est,
654 918 962 982 imperiose3
984 925 1040 969 et
1060 917 1112 968 id
1135 917 1342 983 quidem
1363 918 1578 982 optime.

518 1000 579 1044 ut
599 996 763 1044 multa
784 995 902 1046 alia.
966 995 1056 1046 Sic
1073 1001 1128 1045 et
1151 994 1346 1046 Livius.
1385 994 1557 1046 Faber.

582 1075 650 1122 80
674 1073 818 1136 Cedo,
833 1073 948 1137 quid
963 1077 1146 1136 portus,
1177 1072 1364 1122 obsecro
1380 1068 1408 1122 :1
1437 1077 1579 1135 atque

517 1150 572 1197 ἑά
590 1148 634 1197 st’
649 1152 802 1213 potes,
823 1148 960 1199 verbo
975 1148 1168 1213 expedi]
1200 1149 1337 1199 Mire
1362 1161 1578 1212 expres-

519 1225 591 1275 sit
610 1224 856 1277 affectum
893 1225 960 1276 de
1006 1228 1191 1276 timore
1232 1225 1577 1290 properantis.

523 1301 653 1350 Cedo
674 1301 786 1366 quid
802 1309 984 1367 portas,
1003 1303 1220 1353 obsecro?
1253 1304 1345 1363 Ut,
1378 1308 1392 1331 ‘
1408 1303 1464 1352 Si
1487 1318 1576 1353 ve·

518 1391 581 1426 ra
600 1375 785 1441 feram,
819 1378 860 1427 si
882 1393 1069 1443 magna
1085 1377 1406 1443 rependam.'
1441 1379 1577 1429 Nam

503 1452 645 1512 ferre
665 1460 719 1505 et
734 1460 947 1519 portare,
964 1455 1032 1506 de
1049 1456 1272 1521 negotiis
1290 1456 1575 1521 majoribus

518 1528 728 1579 dicitur.
764 1532 1008 1583 Donatus.

512 1639 517 1642 -
590 1606 742 1657 Verbo
753 1609 947 1673 expedi]
968 1611 1155 1672 Deest,
1175 1625 1295 1661 uno.
1327 1610 1478 1661 laem.

582 1684 833 1749 Eloquere]
869 1684 1038 1736 Aliter
1058 1686 1306 1743 ostendit,
1330 1685 1455 1751 quid
1478 1689 1578 1744 est,

516 1760 655 1811 uerbo
669 1763 857 1825 expedi,
875 1761 1100 1812 dicendo
1119 1764 1348 1827 eloquere.
1379 1761 1545 1811 Idem.

583 1837 731 1887 Modo
770 1839 895 1900 apud
924 1837 1138 1901 portum]
1202 1839 1403 1888 Patrem
1455 1837 1579 1897 vidi,

516 1910 752 1962 dicturus
776 1912 932 1976 Geta,
958 1919 1252 1976 praeventus
1286 1918 1367 1962 est
1394 1913 1461 1962 ab
1495 1927 1582 1975 eo,

516 2001 672 2051 quem
690 1989 844 2038 timor
854 1989 1233 2053 intelligentem
1251 1987 1474 2040 fecerat.
1494 1989 1575 2041 Id.

580 2067 733 2131 Hem]
769 2067 995 2132 Propria
1033 2075 1088 2117 et
1128 2081 1222 2117 sua
1242 2067 1430 2132 cuique
1456 2082 1575 2131 per·

439 2195 443 2202 ,
515 2157 657 2194 sonae
695 2144 959 2195 exhibuit:
1004 2144 1327 2194 celeritatem
1352 2158 1417 2193 ex
1441 2158 1573 2207 prae-

516 2223 659 2287 sagio
693 2223 945 2273 metuenti
979 2221 1299 2286 Antiphoniz
1334 2230 1393 2273 et
1413 2222 1575 2272 tardi·

514 2307 675 2350 tatem
713 2300 1014 2350 intellectus
1052 2301 1214 2365 quieti
1242 2300 1469 2365 pectoris
1492 2293 1580 2350 se?

511 2390 639 2431 curo
661 2377 941 2426 Pliaedriae.
975 2377 1124 2426 Idem.

578 2457 642 2505 22
679 2455 808 2511 Quid
841 2452 1005 2517 agam]
1053 2453 1173 2505 Jam
1199 2451 1291 2502 fiet
1315 2450 1574 2517 Antipho,

513 2539 568 2580 et
592 2530 758 2580 adbuc
777 2546 878 2580 non
899 2531 1148 2594 intelligit
1174 2531 1433 2580 Phaedria.
1469 2532 1548 2581 Id.

578 2608 744 2670 Hujus
781 2613 968 2672 patrem
1005 2607 1179 2656 vidisse
1219 2622 1313 2667 me,
1347 2613 1574 2670 patruum

511 2685 669 2748 tuum]
705 2685 843 2734 Mire
873 2682 1043 2734 Poeta
1077 2681 1366 2746 Antiphoni
1402 2685 1570 2734 minus

511 2774 665 2824 quam
687 2766 917 2825 oportet,
933 2767 988 2809 et
1005 2758 1261 2809 Pbaedriae
1279 2760 1394 2824 plus
1414 2775 1569 2824 quarn

508 2841 741 2898 oportet,
783 2834 910 2885 facit
951 2836 1092 2900 loqui
1147 2837 1403 2887 nuntium.
1471 2837 1570 2887 Ille

509 2912 644 2962 enim
686 2927 823 2976 pene
875 2912 1077 2964 divinat
1121 2926 1188 2961 ex
1220 2919 1395 2976 metu,
1432 2913 1570 2965 hunc

484 3050 495 3060 ι
511 2988 718 3038 tardum
741 2988 994 3038 securitas
1015 2986 1161 3040 facit.
1200 2989 1353 3039 Idem.

572 3065 739 3127 Huius
777 3071 964 3130 patrem
1003 3066 1179 3116 vidisse
1219 3082 1310 3124 me,
1344 3071 1569 3131 patruum

508 3142 665 3205 tuum]
700 3143 894 3192 Reddit
929 3142 1138 3206 utrique
1165 3144 1472 3208 proprium:
1510 3153 1567 3195 ut

508 3224 564 3267 et
584 3219 669 3268 ille
702 3219 791 3283 qui
826 3219 1063 3278 timebat,
1096 3223 1278 3283 paucis
1312 3220 1568 3285 intellige·

506 3301 621 3344 ret:
646 3303 700 3347 et
730 3297 818 3345 ille
841 3296 927 3361 qui
945 3311 1156 3346 securus
1175 3304 1309 3360 erat,
1330 3299 1567 3362 pluribus

476 3364 482 3376 ’
508 3371 832 3424 edoceretur.
866 3374 1014 3423 Idem.

571 3453 635 3499 23
671 3451 803 3499 Nam
823 3453 944 3514 quod
981 3466 1067 3511 ego
1094 3450 1205 3501 huic
1230 3467 1356 3502 nune
1383 3452 1564 3518 subito]

506 3527 636 3576 Num
679 3535 770 3577 aut
803 3527 1131 3591 subjunctiva
1161 3529 1460 3592 conjunctio
1483 3538 1567 3580 est

503 3604 759 3666 superiori
781 3604 942 3665 dicto,
977 3604 1112 3669 quod
1140 3605 1229 3667 ait,
1250 3606 1362 3669 quid
1381 3604 1565 3668 agam?

502 3687 598 3729 ant
644 3679 917 3744 ἄναπροφὴ
960 3687 1054 3730 est.
1120 3681 1433 3746 Nemorum,
1469 3697 1564 3745 pro

501 3759 749 3820 quodnam.
782 3757 954 3807 Idem.

566 3833 701 3884 Huic
719 3834 873 3885 subito
896 3833 1047 3884 exitio
1065 3834 1343 3897 remedium]
1379 3835 1563 3899 Subito,

501 3916 557 3967 et
580 3910 906 3969 adverbium,
928 3917 985 3960 et
1005 3924 1192 3960 nomen
1215 3919 1314 3960 est.
1348 3913 1366 3940 ‘
1387 3913 1561 3964 Quum

499 3985 670 4036 subito
687 4000 958 4052 assurgens
974 3985 1138 4036 fluctu
1158 3987 1418 4037 nimbosus
1442 3989 1562 4040 Ori-

500 4061 606 4111 on.’
640 4062 793 4114 Idem.
1392 4086 1395 4091 ·

426 4193 428 4195 ‚
565 4139 811 4189 Inveniam
852 4139 1019 4204 miser]
1059 4140 1228 4192 Quum
1268 4155 1355 4202 ego
1400 4156 1559 4205 supra

500 4214 710 4277 dixerit,
738 4207 1010 4277 ’ἐμφωτικῶς
1042 4216 1265 4280 addidit,
1283 4217 1440 4267 miser.
1475 4218 1557 4269 ld.

563 4295 628 4346 24
648 4292 802 4353 Quod
823 4292 868 4343 si
888 4309 1076 4358 eohmeoe
1095 4295 1312 4358 fortunae
1333 4296 1554 4364 redeunt]

1218 392 1431 442 No'rAE
1480 393 1879 445 vsluontm
1931 394 2008 445 m

1655 535 1877 601 Tragiee
1912 544 2113 588 amator
2138 538 2237 588 hoc
2257 536 2533 601 negotium
2559 536 2736 589 fortu-

1656 628 1749 663 nas
1768 628 1944 663 omnes
1964 614 2103 664 dixit
2119 628 2253 664 esse.
2292 615 2443 665 Idem·

1721 693 1954 742 Fortunae
1993 692 2213 755 redeunt]
2282 692 2427 741 Bene
2479 693 2699 742 redeunt
2716 708 2737 742 .·

1655 769 1800 833 quasi
1820 770 1872 818 iu
1897 768 2068 832 pejus,
2085 775 2192 818 eta
2212 783 2454 832 processu
2477 778 2654 835 retro,
2678 775 2740 819 et

1653 844 1709 893 in
1734 844 1982 894 deterius·
2017 843 2170 894 Idem.

1717 921 1981 982 Phanium,
2000 921 2086 970 aba
2109 927 2160 971 te
2175 927 2230 971 ut
2244 921 2518 986 distrahar]
2566 920 2741 972 Ama-

1655 997 1790 1046 toria
1810 996 2138 1061 προσφόνησις
2157 1013 2251 1061 per
2270 997 2596 1062 ἀποστροφήν.
2645 999 2739 1051 Ia.

1716 1074 1822 1126 Abs
1836 1081 1885 1126 te
1900 1081 1956 1126 ut
1976 1076 2244 1140 distrahar]
2278 1077 2397 1128 Non
2418 1076 2579 1141 dixit,
2594 1093 2630 1127 α
2654 1089 2740 1128 me

1650 1153 1936 1202 detraheris.
2004 1153 2077 1203 Et
2100 1153 2217 1203 vide
2250 1152 2462 1204 verbum
2499 1154 2608 1204 vim
2647 1169 2743 1205 co·

1652 1228 1900 1278 haerentis
1921 1228 2211 1280 ostendere.
2244 1230 2395 1279 Idem.

1717 1309 1779 1354 25
1821 1306 1968 1355 Nulla
2004 1311 2075 1356 est
2118 1305 2238 1355 mihi
2283 1307 2388 1355 vita
2429 1306 2743 1371 expetenda]

1654 1381 1806 1430 Nulla
1828 1395 1920 1445 pro
1938 1391 2048 1431 non.
2093 1380 2202 1431 Aut
2217 1382 2393 1430 nulius
2409 1382 2738 1433 conditionis.

1652 1457 1799 1520 quasi
1823 1456 1986 1520 dicat,
2022 1457 2106 1507 Ne
2136 1457 2351 1507 deorum
2374 1457 2591 1522 quidem
2611 1458 2742 1508 vita

1651 1532 1775 1581 mihi
1797 1532 1962 1583 dulcis
1986 1543 2067 1583 est
2091 1533 2204 1584 sine
2226 1541 2302 1585 te.
2334 1534 2486 1584 Idem.
2645 1549 2648 1550 ⁷

1719 1608 1871 1659 Nulla
1906 1614 1981 1660 ese
1998 1609 2118 1660 milii
2137 1610 2242 1659 oica
2261 1610 2555 1676 expetenda]
2594 1611 2740 1663 Sine

1651 1683 1871 1735 Phanio.
1906 1686 2063 1735 Idem.
2133 1707 2136 1712 >

1714 1764 1781 1810 26
1817 1761 1972 1811 Tanto
2005 1762 2164 1825 mog-is
2200 1767 2248 1812 ee
2276 1762 2575 1826 advigilare]
2641 1762 2742 1813 Aa

1652 1836 1755 1886 vim
1790 1838 2050 1887 auctivam
2085 1853 2224 1888 nunc
2244 1840 2432 1890 habet:
2470 1848 2534 1890 ut
2555 1842 2741 1891 odm-

1651 1912 2144 1973 dabile,admirabile.
2180 1915 2345 1965 Idem.

1718 1990 1884 2039 Fortis
1938 1991 2160 2041 Fortuna
2201 1991 2418 2056 adiuvat]
2460 1994 2740 2058 Παροιμίαι..

1654 2065 1722 2113 Et
1785 2066 1935 2122 fortis
1977 2069 2309 2118 accusativus
2353 2072 2574 2134 pluralis
2620 2082 2734 2125 est.

1651 2141 1802 2191 Idem.

1717 2219 1890 2269 Fortes
1912 2220 2127 2270 Fortuna
2147 2221 2364 2286 adiuvat]
2383 2223 2731 2275 Sententiam

1649 2295 1781 2344 hanc
1821 2297 2082 2359 proverbii
2118 2298 2231 2348 vice
2261 2300 2455 2349 Cicero
2488 2313 2613 2350 cum
2641 2302 2733 2351 ἑλ-

1648 2370 1801 2436 &euim
1839 2370 1990 2422 effert
2028 2387 2115 2423 ιιι.
2153 2374 2220 2424 de
2280 2376 2445 2426 Finib.
2466 2379 2519 2427 4.
2572 2379 2730 2428 ‘Sed

1649 2450 1873 2500 Fortuna
1896 2448 2081 2501 fortes.
2104 2465 2264 2516 quare
2287 2466 2480 2503 conare
2497 2456 2734 2518 ‹ma-so.²

1649 2542 1766 2578 cum
1786 2527 2135 2591 explicatione
2152 2543 2217 2578 11.
2229 2529 2443 2579 Tuscul.
2461 2533 2544 2580 4.·
2530 2532 2734 2582 .-‘For

1648 2608 1728 2653 tes
1748 2604 1888 2659 enim
1907 2618 2007 2654 uon
2032 2606 2183 2654 modo
2218 2607 2448 2657 Fortuna
2477 2610 2732 2673 adjuvat,

1648 2687 1706 2730 ut
1727 2687 1811 2730 est
1831 2681 1883 2731 in
1907 2689 2087 2733 vetere
2112 2683 2405 2746 proverbio,
2425 2686 2517 2734 sed
2549 2689 2730 2738 multo

1646 2760 1810 2822 magis
1852 2760 2007 2823 ratio,
2050 2775 2168 2824 quae
2210 2759 2519 2824 quibusdam
2568 2765 2729 2826 quasi

1647 2840 1930 2901 praeceptis
1949 2836 2223 2887 confirmat
2239 2837 2335 2886 vim
2350 2835 2729 2892 fortitudinis!

1645 2913 1834 2966 Qualia
1876 2914 1965 2977 qui
2021 2921 2177 2977 amat,
2220 2914 2531 2980 plerumque
2572 2918 2724 2982 apud

1643 2990 1763 3042 Joh.
1803 2990 2082 3041 Weitzium
2131 2990 2415 3054 diligenter
2458 3002 2726 3058 congesta

1643 3142 1768 3194 illuc
1809 3156 1912 3191 non
1951 3141 2197 3206 pertinet.
2233 3143 2370 3208 quod
2406 3146 2570 3196 semel
2604 3162 2721 3198 mo-

1643 3220 1868 3269 nendum
1887 3226 1987 3270 est.
2020 3220 2281 3270 Boeclerm.

1708 3297 1880 3347 Fortes
1902 3298 2120 3347 Fortuna
2140 3297 2359 3363 adiuvat]
2401 3299 2531 3349 Sall.
2553 3302 2572 3331 ‘
2589 3302 2718 3352 Non

1643 3377 1777 3426 votis
1831 3391 1999 3442 neque
2043 3378 2315 3441 suppliciis
2364 3380 2719 3432 muliebribus

1640 3454 1835 3503 auxilia
1861 3452 2080 3502 ‘deorum
2118 3462 2383 3517 parantur.
2420 3458 2718 3522 vigilando,

1640 3530 1863 3593 agendo,
1906 3530 2038 3579 bene
2074 3533 2413 3596 consulendo,
2454 3548 2716 3600 prospere

1640 3606 1813 3655 omnia
1855 3604 2067 3655 cedunt.
2120 3606 2209 3656 ubi
2249 3609 2504 3660 socordia
2546 3619 2714 3678 atque

1639 3680 1860 3744 ignaviae
1913 3686 1967 3729 te
2011 3680 2307 3739 tradideris,
2361 3687 2712 3752 nequicquam

1640 3756 1766 3807 deos
1788 3756 2031 3821 implores
2052 3774 2065 3805 ι
2109 3757 2232 3807 irati
2252 3757 2535 3824 infestique
2550 3764 2715 3813 sunt!

1639 3832 1742 3882 Οὐκ
1778 3830 1844 3882 ἔνι
1877 3831 1916 3880 δ’
1951 3829 2011 3882 αὖ
2038 3831 2123 3881 τὸν
2150 3833 2394 3898 ἀργοῦντα
2417 3835 2526 3886 οὐδὲ
2546 3837 2712 3901 φίλου

1638 3903 1907 3959 bin-mbram
1936 3907 2050 3975 ὑπὲρ
2078 3910 2226 3960 αὐτοῦ
2245 3930 2295 3961 τι
2320 3915 2486 3971 ποιεῖν,
2506 3914 2710 3978 μήτιγε

1636 3989 1738 4037 τοῖς
1757 3988 1894 4036 θεοῖς.
1929 3987 2058 4036 Mer.
2083 3987 2405 4041 casaubonus.

1702 4069 1765 4114 27
1803 4065 1917 4112 Non
1936 4065 2186 4127 aumapud
2204 4065 2300 4128 me]
2337 4066 2400 4115 Id
2425 4069 2621 4132 agitur,
2643 4079 2706 4121 ut

1636 4155 1792 4206 supra
1814 4140 2056 4198 diximus,
2083 4143 2518 4207 quemadmodum
2552 4145 2707 4198 Anti·

1636 4220 1737 4282 pho
1780 4233 2007 4282 praesens
2049 4232 2151 4268 non
2195 4219 2295 4269 eitt
2335 4235 2491 4285 quem
2526 4235 2703 4288 neque

1635 4295 1880 4346 convenit
1916 4302 2103 4353 contra
2146 4303 2350 4362 patrem
2386 4298 2582 4366 aliquid
2613 4300 2700 4353 di.
