3035 4941
696 436 1060 484 'rnnssu'mi
1106 437 1606 486 HBOYR0AC'1'.
1649 438 1765 487 111.
1811 437 1920 486 SC.
1968 439 2050 485 11.

340 574 409 620 51
442 568 668 621 Maxime
709 572 816 624 beri
853 587 997 622 cusa
1038 570 1155 634 nei]
1197 572 1344 621 Bene

272 647 521 696 maxime.
553 648 642 713 qui
680 655 738 698 et
782 658 1000 713 propter
1034 650 1222 712 ipsam,
1261 649 1345 698 vel

274 729 497 786 propter
548 723 792 775 invidiam
846 740 1023 776 socrus
1068 740 1172 775 non
1217 725 1343 775 velit

268 797 392 848 fieri
413 801 702 862 graviorem
729 801 981 852 morbum.
1013 801 1164 852 Idem.

338 880 409 926 62
444 877 648 927 Seu-oum
667 879 781 929 ilico
809 879 1060 942 introisse]
1094 880 1252 937 Mire,
1285 883 1343 928 ut

269 950 621 1016 criminosius,
642 956 1091 1019 suspiciosumque
1114 955 1214 1003 sit:
1239 968 1343 1003 non

269 1026 525 1087 Lachetis
569 1036 664 1079 aut
697 1031 957 1093 Pamphili
992 1044 1219 1092 servum,
1250 1030 1344 1080 sed

272 1103 564 1163 Sostratae:
597 1121 700 1156 nec
726 1108 1104 1158 Parmenonem
1138 1111 1342 1159 saltem.

281 1178 439 1232 Idem.

314 1261 403 1317 Α53
459 1258 911 1323 Comniniscentur]
959 1260 1179 1325 Dicent,
1226 1273 1344 1311 cum

272 1332 650 1391 confinxerint.
687 1337 838 1386 Idem.

318 1414 407 1460 ,⁵4
443 1411 610 1473 Capiti
627 1417 770 1476 atque
790 1413 930 1461 atati
949 1412 1161 1477 tuorum]
1193 1412 1342 1463 Bene

272 1485 347 1547 τό
386 1485 667 1549 εὐφημισμῷ
710 1488 892 1538 maluit
935 1490 1142 1551 illorum
1190 1504 1344 1553 quam

267 1563 462 1627 puelle,
485 1562 694 1615 dicere:
734 1566 872 1630 quod
897 1567 1074 1632 utique
1097 1566 1343 1632 intelligi-

277 1646 382 1689 tur.
416 1639 571 1688 Idem.

345 1716 511 1781 Capiti
530 1721 671 1780 atque
689 1717 826 1766 «etuti
847 1717 1039 1768 tuorum
1056 1684 1241 1769 morbus
1261 1718 1346 1783 qui

271 1791 570 1854 auctnssiet]
590 1793 781 1842 Sensus
814 1802 872 1843 et
905 1794 1032 1844 ordo
1054 1802 1171 1847 est:
1207 1811 1345 1846 com-

271 1869 635 1933 miniscentur,
651 1871 1086 1922 Sostrutoeseroam
1104 1873 1344 1923 introiisse

273 1951 334 1996 et
368 1945 549 2008 aliquid
584 1948 699 1995 mali
733 1961 906 1996 secum
945 1949 1110 1998 tulisse
1132 1949 1242 1998 sive
1265 1950 1343 2000 in-

273 2022 456 2073 tulisse
480 2025 531 2072 in
556 2025 783 2086 domum,
799 2025 904 2088 qui,
924 2039 1018 2074 seu
1042 2025 1199 2088 unde,
1219 2041 1346 2075 mor·

275 2099 366 2150 bru
384 2105 550 2150 muas
585 2100 678 2150 siet
711 2102 863 2165 cupiti
894 2107 1037 2166 atque
1067 2104 1207 2152 aetoti
1238 2104 1345 2152 illo-

208 2226 215 2229 .
269 2190 401 2239 runs,
438 2177 475 2227 i.
512 2192 560 2228 e.
599 2192 758 2241 quare
790 2177 1001 2227 morbus
1025 2178 1346 2229 Philumena

277 2252 451 2315 major
495 2259 652 2318 atque
707 2253 986 2318 capitalior
1038 2251 1209 2303 factus
1256 2253 1344 2305 sit.

275 2327 537 2393 κῦξητικῦς
556 2330 760 2380 illorum.
805 2345 923 2383 cum
946 2330 1014 2379 de
1034 2329 1348 2381 Philumena

272 2419 456 2459 sermo
490 2407 587 2470 sit,
623 2405 688 2456 ad
730 2414 893 2457 totam
915 2408 1121 2457 domum
1147 2408 1345 2457 retulit.

271 2482 429 2545 cupiti
451 2484 562 2547 ejus
584 2492 804 2549 augetur
829 2484 1038 2538 morbus
1068 2486 1104 2535 i.
1141 2499 1190 2534 e.
1225 2486 1348 2550 ipsi,

273 2557 467 2612 eodem
499 2558 684 2625 figurae
729 2574 938 2623 genere.
981 2561 1194 2611 additur
1242 2577 1349 2612 am-

274 2634 438 2699 plius,
455 2641 598 2700 atque
618 2636 756 2687 aetati
771 2654 794 2697 ‚·
820 2653 924 2687 non
962 2638 1244 2702 ineleganti
1269 2639 1348 2689 in-

274 2718 564 2768 cremento.
589 2714 640 2762 in
671 2721 810 2778 caput
845 2721 902 2763 et
921 2720 1111 2766 atatem
1130 2715 1349 2767 hominis

275 2787 522 2839 dicuntur
544 2789 679 2848 fieri,
718 2806 836 2857 quae
859 2792 924 2840 ad
948 2793 1118 2854 ipsum
1141 2794 1349 2857 potenti

275 2864 508 2929 quodam
531 2864 725 2916 effectu
759 2875 1018 2931 spectant,
1055 2874 1146 2918 aut
1188 2869 1347 2920 vitam

168 2935 175 2938 ⁷
274 2946 487 3004 petunt.
525 2941 607 2992 An
630 2944 814 2993 malis?
837 2944 1005 2993 tulisse
1026 2944 1210 3007 aliquid
1231 2945 1348 2994 moli

274 3019 433 3081 capiti
453 3024 594 3083 atque
613 3021 749 3069 etati
770 3022 977 3084 illorum,
996 3021 1089 3070 i.e.
1111 3021 1348 3072 intulisse

244 3136 260 3158 Ι
277 3093 480 3159 aliquid
506 3095 745 3145 veneficii
780 3096 832 3145 in
855 3103 1016 3159 caput
1041 3104 1199 3162 atque
1224 3105 1349 3148 aeta-

277 3176 390 3224 tem
411 3170 614 3220 illorum
644 3173 836 3235 parati,
858 3171 997 3221 unde
1021 3187 1111 3222 seu
1129 3174 1209 3236 qui
1226 3188 1347 3222 mor·

276 3248 367 3298 bus
399 3254 568 3299 auctus
603 3248 710 3298 siet.
775 3249 865 3297 lta
898 3262 1002 3297 non
1024 3248 1231 3312 quidem
1255 3248 1348 3298 im-

277 3326 520 3390 precatio
557 3323 741 3388 fuerit,
781 3324 876 3374 sed
910 3324 1133 3374 imitatio
1176 3333 1347 3375 tamen

277 3397 499 3466 φρόσεως
553 3399 964 3464 imprecantibus
1007 3400 1234 3451 usitatae.
1286 3416 1349 3452 eo

276 3476 467 3542 magis,
499 3475 638 3542 quod
678 3477 815 3527 inter
855 3476 1091 3526 veneficii
1135 3492 1348 3541 genera,

276 3552 686 3616 imprecationes
703 3551 942 3619 quaedam
967 3562 1023 3604 et
1041 3554 1349 3606 devotiones

279 3629 624 3686 habebantur.
659 3632 922 3681 Boeelerus.

351 3707 537 3771 Capiti,
571 3713 712 3771 atque
731 3708 870 3757 (etati
899 3708 1105 3771 illorum,
1138 3709 1349 3774 morbus]

278 3782 492 3832 Phorm.
516 3777 621 3833 act.
643 3797 731 3834 ιιι.
755 3798 829 3834 sc.
854 3789 902 3835 2.
933 3785 948 3812 ‘
973 3785 1055 3834 Ne
1097 3787 1221 3851 quid
1257 3802 1351 3837 suo

276 3861 395 3910 luat
435 3860 632 3924 capiti!
676 3868 732 3911 et
775 3861 905 3912 ibid.
949 3870 1054 3912 act.
1090 3878 1145 3915 v.
1188 3880 1258 3915 sc.
1297 3869 1349 3914 7.

279 3935 511 3986 ‘Malum
535 3937 675 4002 quod
709 3938 831 4000 est‚’
868 3940 971 3988 διο.
1004 3940 1135 3989 Mer.
1173 3942 1352 3991 Casuu-

282 4010 449 4060 bonus.

330 4087 473 4154 Qui]
510 4088 629 4149 Qui,
652 4087 806 4137 unde.
841 4089 1078 4140 Donatus.

344 4170 409 4216 55
448 4165 590 4215 Hera
610 4165 664 4215 in
684 4164 887 4228 crimen]
921 4165 1165 4218 Sostrata
1196 4168 1251 4218 in
1291 4170 1351 4234 li?

281 4245 411 4292 tem.
449 4242 604 4291 Idem.

348 4317 460 4379 Ego
469 4317 644 4366 veroin
657 4331 879 4379 magnum
893 4317 1090 4384 mulum]
1104 4319 1167 4369 In
1184 4334 1350 4387 quaes-

280 4393 443 4445 tionis
465 4401 744 4445 tormenta.
764 4392 931 4463 laem.

2301 421 2477 488 154⁷
2491 473 2498 476 .

1482 561 1665 611 scena
1687 575 1755 612 ιι.
1820 560 2040 612 Iambici
2059 552 2182 611 sunt
2204 560 2479 613 Octonarii

1421 639 1736 689 catalectici.
1766 639 2026 689 Βατία-ιω.
2147 672 2156 679 -

1483 719 1510 764 1
1553 716 1728 764 Nescio
1765 715 1877 779 quid
1903 715 2181 776 jamdudum
2216 713 2295 763 hic
2335 716 2478 764 undio

1416 794 1721 857 muitum]
1766 795 1830 843 In
1850 794 1938 843 huc
1956 809 2096 843 sceno
2111 793 2246 858 quasi
2265 794 2479 856 quadan·

1414 869 1693 919 deliberatio
1722 875 1813 930 est,
1850 871 2090 919 continens
2125 870 2358 918 suasionis
2377 869 2476 929 dis-

1415 948 1735 1010 snasiouisque
1749 952 1933 1010 partes,
1949 961 2068 1010 quus
2081 947 2135 996 in
2147 946 2352 999 subditis
2368 961 2476 996 con·

1416 1023 1747 1074 siderubiinu.
1785 1025 2044 1075 Donatus.

1426 1156 1431 1161 „
1482 1097 1610 1162 Hic]
1645 1099 1783 1151 Quia
1805 1098 1955 1148 nimis
1978 1098 2135 1149 vicini
2156 1104 2292 1148 suut.
2323 1099 2476 1148 Idem.

1483 1179 1516 1224 2
1550 1176 1684 1224 Male
1702 1180 1874 1234 metuo,
1908 1190 1967 1224 ne
1990 1176 2283 1224 Philumena·
2305 1174 2482 1238 magis]

1420 1250 1591 1301 Instat
1619 1252 1895 1301 Terentius
1927 1252 2111 1301 bonam
2154 1267 2356 1302 socrum
2400 1249 2479 1301 fa-

1420 1341 1563 1391 cere,
1596 1336 1657 1378 ut
1700 1329 1887 1379 bonam
1929 1331 2259 1380 meretricem
2302 1327 2479 1379 faciat.

1421 1405 1575 1455 Idem.

1484 1483 1622 1533 Male
1639 1482 1818 1547 metuo]
1849 1485 2091 1534 Donatus
2108 1498 2124 1531 ς
2145 1482 2162 1509 ‘
2182 1481 2356 1531 Instat
2376 1480 2479 1531 Te-

1421 1559 1657 1621 rentius‚’
1692 1562 1794 1610 ἃς.
1863 1561 1983 1609 Non
2017 1558 2201 1609 debuit
2221 1558 2335 1609 baec
2357 1571 2482 1607 con-

1411 1634 1656 1699 jungere.
1699 1650 1802 1685 non
1835 1635 1973 1686 enim
1994 1649 2143 1701 aeque
2173 1635 2357 1703 mirum
2381 1639 2483 1696 est,

1420 1725 1623 1761 socrum
1661 1710 1850 1761 bonam
1889 1726 2024 1774 esse,
2056 1726 2210 1778 quam
2246 1708 2484 1760 meretri·

1421 1802 1552 1838 cem.
1586 1789 1847 1840 Boeclerus.

1486 1865 1657 1927 Magis
1678 1865 1866 1916 morbus
1892 1865 2225 1929 αάςνωωαιί]
2261 1865 2485 1916 Gravior

1419 1940 1535 1992 fiat.
1613 1942 1857 2006 Proprie,
1896 1943 2021 2007 quia
2072 1942 2240 1992 morbi
2294 1954 2481 2004 graves

1421 2024 1544 2067 sunt
1567 2017 1714 2068 dicti.
1749 2070 1752 2073 ,
1780 2019 2049 2082 Virgilius,
2071 2019 2087 2047 ‘
2109 2018 2214 2068 Ubi
2235 2026 2328 2067 aut
2346 2030 2484 2066 mor-

1420 2093 1487 2142 bo
1511 2094 1703 2156 gravis,
1722 2100 1812 2143 aut
1826 2094 1939 2158 jam
1961 2093 2166 2158 segnior
2188 2093 2352 2150 annis,
2375 2093 2486 2141 De-

1421 2167 1571 2220 ficit.'
1630 2170 1848 2221 Sallust.
1869 2172 1885 2199 ‘
1904 2171 2079 2222 Morbi
2101 2186 2289 2233 graves
2313 2171 2379 2219 ob
2405 2171 2485 2221 in-

1422 2245 1593 2296 ediam
1616 2245 1823 2296 insolita
1852 2244 2213 2296 vescentibus!
2244 2246 2485 2296 Donatus.

1487 2325 1520 2373 3
1558 2323 1697 2379 Quod
1743 2328 1793 2373 te
1834 2321 2098 2386 Exulem,
2139 2328 2186 2373 et
2225 2327 2273 2371 te
2316 2320 2483 2385 Salus]

1402 2400 1600 2531 {hest
1631 2405 1854 2465 propter.-
1888 2408 1947 2451 ut
1980 2401 2079 2450 sit:
2114 2404 2309 2464 propter
2345 2399 2487 2463 quod.
2558 2460 2570 2467 ἢ

1454 2479 1593 2529 dem.

1493 2553 1655 2618 Quod]
1689 2555 1860 2605 Deest
1871 2559 2099 2620 propter-,-
2122 2561 2181 2604 ut
2202 2553 2274 2603 sit
2287 2559 2487 2618 propter

1423 2634 1576 2697 quod.-
1621 2632 1697 2681 ait
1733 2633 1818 2682 bic
1851 2634 1996 2683 Don.
2032 2633 2122 2681 sed
2151 2642 2234 2681 est
2256 2631 2487 2681 solennis

1421 2709 1733 2774 implorandi
1754 2708 1839 2776 (ut
1864 2713 1936 2773 ut,
1959 2706 2304 2774 imprecandi)
2326 2707 2487 2771 parti-

1423 2789 1578 2850 cula3
1600 2794 1659 2839 ut
1677 2789 1730 2837 in
1754 2786 1918 2838 Andr.
1937 2794 2043 2838 act.
2060 2802 2101 2837 1.
2119 2801 2195 2837 sc.
2213 2792 2264 2835 6.
2292 2789 2308 2814 ‘
2330 2785 2485 2837 Quod

1422 2879 1520 2929 ego
1544 2880 1638 2928 per
1660 2865 1794 2914 hanc
1826 2874 1878 2914 te
1914 2863 2151 2914 dextram
2188 2877 2298 2926 oro,
2320 2868 2374 2910 et
2396 2876 2487 2925 ge·

1422 2941 1564 2991 nium
1621 2940 1802 3000 tuum,'
1853 2944 1953 2989 &c.
2007 2946 2064 2989 et
2123 2938 2259 3003 apud
2304 2937 2487 2999 Vix-gil.

1421 3019 1437 3044 ‘
1457 3015 1615 3068 Quod
1644 3027 1692 3064 te
1719 3030 1811 3079 per
1844 3029 2057 3078 superos
2083 3022 2144 3063 et
2159 3011 2369 3063 conscia
2394 3026 2487 3061 nu·

1421 3093 1562 3141 mina
1596 3090 1743 3154 veri,'
1784 3094 1884 3142 διο.
1917 3099 1972 3142 et
2010 3090 2133 3141 alibi
2167 3087 2378 3154 passim,
2396 3088 2487 3138 ubi

1421 3169 1625 3219 Donati
1670 3168 1931 3233 expositio
1965 3182 2071 3218 non
2104 3165 2265 3215 babet
2297 3165 2486 3214 locum.

1422 3245 1555 3294 Mer.
1585 3243 1903 3293 casaubonus.

1492 3322 1571 3371 Ne
1602 3322 1716 3384 quid
1750 3320 1817 3370 sit
1849 3318 2013 3384 huius]
2047 3318 2201 3372 Quod
2224 3318 2359 3368 male
2382 3331 2487 3367 me-

1425 3404 1536 3449 tuo.
1574 3398 1725 3449 Idem.

1490 3480 1523 3525 4
1560 3475 1705 3524 Nunc
1736 3476 1797 3524 ad
1829 3489 1930 3524 eom
1971 3473 2147 3537 υἰεωη]
2180 3472 2269 3522 Sic
2300 3470 2489 3536 virgil.

1424 3556 1440 3583 ‘
1468 3554 1701 3617 Respice
1726 3552 1791 3602 ad
1815 3551 1963 3602 haec.’
1993 3553 2230 3602 Donatus.

1493 3632 1646 3695 Hem]
1680 3631 1991 3694 Interjectio
2014 3637 2096 3680 est
2116 3644 2276 3681 novas
2298 3642 2382 3679 res
2398 3642 2489 3678 au·

1425 3707 1636 3758 dientis.
1672 3707 1823 3756 Idem.

1491 3783 1631 3837 Heus
1661 3781 1906 3846 Sostrata]
1948 3780 2251 3831 Tollendum
2272 3787 2355 3830 est
2378 3779 2491 3833 obi-

1428 3865 1507 3911 ter
1549 3860 1790 3909 mendum
1825 3859 2139 3921 ex·Donuto,
2173 3862 2489 3909 annotantez

1423 3936 1440 3965 ‘
1462 3937 1619 3998 Vide,
1650 3935 2082 4000 quemadmodum
2121 3946 2216 3997 per
2239 3949 2295 3982 se
2318 3934 2490 3997 ipsum

1339 4067 1344 4074 ,
1425 4011 1724 4067 Parmeno,’
1747 4010 1912 4076 (scen.
1939 4009 2194 4074 praeced.)
2213 4005 2339 4073 ‘per
2359 4010 2489 4059 Par·

1424 4102 1696 4142 menonem
1714 4093 1953 4136 arceatur
1967 4086 2205 4135 Sostrata
2227 4100 2241 4134 ε
2265 4100 2381 4151 quae
2400 4100 2490 4135 ne-

1426 4180 1529 4230 que
1570 4164 1751 4213 deesse
1790 4170 2009 4227 propter
2040 4160 2284 4226 officium,
2322 4177 2489 4228 neque

1425 4241 1624 4304 ingredi
1642 4248 1857 4304 propter
1872 4253 2074 4288 socrum
2091 4242 2104 4264 ’
2121 4238 2262 4302 (lege
2282 4238 2488 4289 omnino

1422 4314 1637 4381 servum)
1660 4316 1676 4344 ‘
1694 4312 1996 4366 inducitur.'
2017 4328 2102 4366 res
2124 4314 2331 4366 clamat.
2370 4314 2488 4368 13oe-

1424 4396 1594 4446 clerus.
