3035 4941
770 436 1133 488 TERENTH
1179 437 1415 487 ANDR.
1462 438 1628 489 Ac'r.
1675 440 1725 489 1.
1773 440 1880 489 SC·
1928 442 2039 489 111.

309 581 494 631 undam
533 594 600 631 ex
637 580 857 634 adverso
887 584 1175 635 venientem
1204 597 1365 649 prora

306 670 407 707 non
458 659 753 722 exceperit,
799 659 1063 710 demersus
1116 661 1266 710 undis
1309 660 1363 709 in

306 749 510 797 pessum
553 734 702 785 abit.
688 749 701 763 ·
757 741 838 785 est
876 750 1015 800 ergo:
1042 734 1359 801 metaphora.

307 811 456 859 Idem.

366 888 463 938 Me
473 893 560 938 aut
583 888 771 952 Ιιετιιηι]
807 890 991 942 Herum
1022 892 1126 956 hic,
1147 892 1360 943 herilem

305 963 481 1014 filium.
518 965 668 1015 Idem.

365 1041 578 1106 Herum]
620 1041 850 1093 Hei-ilem
894 1006 1074 1109 tilium,
1118 1045 1361 1110 Pamphi·

303 1117 428 1168 lum.
463 1118 750 1168 famabius.

2330 427 2499 497 1061

1501 584 1596 637 Sia
1632 587 1854 651 opitulor,
1898 587 2037 650 karius
2073 587 2253 653 minus]
2306 590 2497 641 Servus

1436 661 1522 711 hic
1558 677 1662 713 non
1700 664 1824 713 sinit
1864 665 2043 715 venire
2069 665 2121 715 in
2145 674 2346 730 partem
2370 667 2501 719 deli-

1436 738 1718 790 berationis
1731 772 1736 777 ²
1751 741 2056 806 obsequium
2087 742 2213 792 hero
2236 743 2501 808 debitum,

1435 817 1526 867 sed
1551 818 1836 882 periculum
1860 828 1917 870 et
1939 819 2266 871 formidinem
2288 834 2458 885 poenae
2478 839 2506 877 z.

1433 894 1699 945 honestius
1743 896 1998 947 deliberat
2032 897 2337 962 Pamphilus
2373 912 2417 949 1.
2442 904 2490 949 6.

1433 973 1516 1019 26.
1542 976 1597 1019 et
1616 975 1698 1023 2⁷.
1735 972 1994 1023 Boeclerus.

1504 1049 1598 1098 Cui
1631 1048 1772 1100 verba
1813 1052 1949 1116 dare]
1989 1049 2143 1101 Verba
2171 1052 2304 1111 dure,
2344 1049 2493 1101 falla-

1434 1126 1515 1177 cia
1560 1133 1673 1177 est.
1723 1135 1779 1177 et
1811 1128 1939 1177 iilud
1974 1135 2200 1194 spectat,
2251 1127 2388 1178 Nihil
2419 1144 2494 1179 me

312 1194 569 1245 ,Pessum
588 1196 789 1261 dubunt]
838 1197 1073 1248 Perdent
1101 1197 1359 1264 pessumi.
1425 1201 1584 1262 fallis.
1621 1204 1878 1254 Donatus.

300 1284 347 1319 e.
377 1270 445 1319 ad
470 1272 653 1336 pedeS,
671 1274 770 1323 ad
757 1289 913 1324 imum
937 1277 1362 1342 praecipitabunt,

298 1348 684 1405 καταβυθίσουσι.
795 1353 1041 1418 Mergent
1107 1352 1360 1406 funditus.

298 1427 553 1478 ⁴-Servum
594 1443 692 1494 ego
727 1438 891 1480 ratem
916 1446 1031 1481 esse
1056 1433 1249 1483 amanti
1269 1433 1358 1482 he·

218 1516 225 1555 ι
298 1518 377 1568 ro,
401 1519 608 1571 aequum
633 1521 821 1556 censeo
841 1513 901 1558 ut
923 1509 1132 1572 toleret,
1155 1524 1221 1560 ne
1242 1524 1361 1574 pes·

300 1595 412 1631 sum
432 1582 624 1633 abeat.'
685 1583 858 1635 Plaut.
880 1583 1004 1636 Aul.
1021 1600 1099 1636 ιν.
1117 1591 1161 1636 1.
1186 1587 1203 1616 ‘
1219 1588 1361 1640 Qua·

299 1656 419 1706 siin
444 1657 713 1720 piscinam.
734 1667 848 1709 rete
887 1660 975 1725 qui
1003 1661 1236 1724 jaculum
1268 1677 1358 1726 pa-

298 1738 410 1784 rat:
445 1734 669 1786 Quando
704 1736 834 1787 abiit
867 1746 980 1787 rete
1002 1753 1227 1805 pessum,
1246 1747 1358 1791 tum

298 1811 517 1867 adducit
539 1811 739 1866 sinum.'
801 1813 977 1866 Plaut.
996 1815 1212 1866 Trucul.
1247 1823 1355 1868 act.

298 1901 336 1938 1.
354 1903 439 1938 sc.
461 1893 511 1939 1.
543 1890 694 1939 Idem.

359 1974 391 2020 4
422 1959 794 2032 ‘Pamphilumne
813 1969 1038 2034 adiutem,
1058 1984 1136 2021 ‘aa
1171 1973 1354 2023 amul-

295 2049 390 2094 tem
411 2047 538 2108 seni]
593 2047 809 2110 Semper
830 2047 1169 2098 deliberativa
1197 2049 1357 2099 verba

295 2120 495 2172 habent
540 2113 796 2188 quendam
831 2138 1031 2187 sonum,
1068 2139 1165 2188 per
1202 2141 1355 2190 quem

295 2201 468 2253 exitus
507 2203 582 2252 rei
620 2202 1028 2255 demonstratur·
1069 2212 1126 2254 ut
1158 2205 1242 2256 hic
1276 2222 1357 2257 os·

294 2279 485 2342 tendit,
519 2295 580 2329 se
613 2281 938 2345 Pamphilum
962 2281 1127 2347 magis
1149 2281 1355 2347 adjutu-

296 2370 427 2419 rum,
451 2371 606 2421 quam
631 2359 801 2408 verbis
817 2360 955 2409 senis
972 2358 1356 2449 obtemperatu-

294 2449 425 2486 rum.
458 2436 695 2486 Donatus.

306 2518 387 2561 5
424 2512 485 2561 Sa·
520 2513 659 2561 inum
694 2511 925 2577 relinquo]
959 2512 1195 2566 Partium
1219 2522 1354 2567 trac-

296 2543 458 2654 tatus,
478 2605 598 2655 quae
623 2605 782 2655 supra
801 2598 937 2649 sunt,
960 2592 1353 2656 Pamphilumne

295 2667 549 2732 adjutem,
575 2681 641 2715 an
663 2668 949 2717 auscultem
975 2669 1102 2717 seni.
1138 2669 1288 2721 Idem.

363 2743 493 2793 Vita»
532 2742 634 2805 qius
673 2743 839 2807 timeo]
910 2744 986 2794 Ut
1027 2745 1170 2811 alibi,
1213 2747 1353 2813 Syre,

294 2818 382 2868 tibi
406 2820 552 2869 timui
574 2821 708 2869 male.
744 2819 925 2871 Idem.

299 2924 307 2940 .
328 2935 331 2942 .
358 2896 484 2957 Eius
499 2895 616 2945 vitoe
634 2896 800 2960 timeo]
840 2897 980 2957 Vita,
1004 2898 1143 2963 apud
1165 2900 1353 2950 Teren·

291 2971 421 3021 tium
468 2972 609 3037 dico,
646 2987 831 3023 novem
867 2980 956 3024 aut
986 2975 1354 3048 decemllocis,

292 3048 572 3114 significat,
599 3065 698 3099 non
721 3050 774 3100 id
800 3051 934 3115 quod
957 3052 1160 3103 Gallice
1185 3060 1354 3118 sonat,

291 3126 383 3175 sed
405 3127 662 3191 quietem,
692 3129 1143 3193 tranquillitatem,
1166 3131 1353 3182 bonam

292 3204 747 3267 existimationem,
787 3211 840 3254 et
873 3221 989 3272 quae
1012 3217 1133 3258 sunt
1154 3209 1356 3273 eadem,

295 3286 384 3329 ant
411 3281 489 3330 his
515 3281 712 3331 similia.
791 3280 863 3332 At
884 3284 937 3332 in
960 3297 1024 3334 ea
1047 3299 1102 3334 re
1124 3293 1245 3336 suut
1269 3287 1355 3351 qui

291 3356 552 3407 interdum
590 3364 782 3422 errant,
817 3365 881 3410 ut
915 3360 1065 3410 valde
1098 3363 1354 3426 periculo-

292 3448 401 3483 sum
423 3440 506 3483 est
530 3434 767 3499 antiquos
794 3436 1074 3501 scriptores
1100 3439 1354 3504 interpre-

293 3511 414 3570 tari,
433 3517 492 3560 et
510 3525 601 3561 eos
625 3527 856 3562 sermone
879 3522 1057 3564 nostro
1079 3516 1356 3581 loquentes

288 3585 488 3637 facere.
514 3588 531 3614 ⁴
551 3585 615 3634 Id
639 3587 764 3636 satis
782 3595 864 3638 est
880 3590 1138 3640 monuisse
1160 3594 1317 3641 semel
1341 3610 1357 3657 3

293 3671 348 3712 tu
390 3669 574 3713 cetera
619 3677 714 3726 per
753 3669 806 3713 te
839 3664 963 3729 Ipse
997 3681 1193 3717 memor
1215 3669 1355 3720 facili

291 3740 490 3804 poteris
513 3754 827 3804 cognoscere
850 3742 1011 3794 cura!
1050 3745 1222 3796 Faber.

298 3839 305 3845 ·
355 3816 697 3881 Sinopitulor]
728 3817 899 3881 Opem
922 3817 1064 3869 ferre
1089 3820 1352 3874 diciturin

291 3894 438 3944 malis
462 3894 640 3955 rebuS,
663 3900 716 3942 et
737 3893 798 3942 iis
817 3893 904 3957 qui
927 3893 993 3944 de
1016 3897 1186 3946 salute
1210 3897 1355 3949 dubii

291 3977 409 4020 sunt
429 3987 445 4020 ι
480 3976 565 4033 ut,
595 3970 612 3998 ‘
632 3970 734 4018 Fer
775 3983 944 4033 opem,
980 3985 1130 4021 serva
1154 3988 1238 4024 me
1262 3976 1352 4025 ob..

293 4045 483 4097 secto!
548 4045 801 4109 Opitulor
830 4052 887 4096 et
907 4048 1183 4111 opitulatio
1211 4050 1353 4102 dicta

294 4122 361 4173 ab
380 4136 536 4187 opem
577 4120 827 4182 tollendo,
863 4123 960 4173 hoc
984 4131 1086 4188 est,
1115 4123 1350 4180 ferendo.

295 4199 536 4249 Donata

300 4302 307 4308 ·
357 4276 521 4338 Huius
561 4274 739 4342 minas]
813 4274 1149 4344 Subauditur,
1192 4280 1350 4333 timec.

296 4350 462 4404 Idem.

1499 1279 1710 1345 Difficile
1725 1279 1813 1344 'st]
1846 1264 1987 1331 Non
1991 1281 2140 1345 dicit,
2180 1242 2496 1346 impossibile

1436 1363 1537 1433 est.
1582 1358 1722 1421 Ergo
1744 1358 1997 1419 ostendit,
2019 1366 2226 1423 partem
2245 1372 2302 1408 se
2326 1358 2494 1424 sequi,

1438 1449 1555 1499 quae
1576 1448 1669 1499 pro
1690 1434 1963 1499 Pamphilo
1981 1442 2082 1484 est.
2113 1435 2266 1484 Idem.

1500 1511 1719 1561 Primum
1759 1510 1889 1573 jam]
1939 1510 2134 1571 Primo,
2157 1510 2350 1575 inquit,
2379 1510 2493 1574 jam

1435 1585 1667 1637 infensus
1704 1594 1792 1637 est'
1824 1600 2017 1636 senex:
2051 1585 2241 1636 deinde
2274 1602 2306 1636 a
2338 1586 2496 1636 Pam·

1436 1665 1579 1730 philo
1605 1665 1817 1730 gravida
1838 1673 1920 1716 est
1944 1667 2269 1731 Glycerium.
2287 1667 2457 1717 Idem.
2483 1690 2493 1711 ι

1498 1743 1717 1792 Primum
1735 1743 1863 1807 Jam]
1893 1741 2066 1807 Ὓφένι
2102 1752 2183 1793 est
2217 1744 2354 1794 enim
2386 1744 2494 1793 ἀνα-

1434 1819 1636 1885 στροφὴ,
1663 1834 1754 1883 pro
1771 1820 1882 1883 jam
1903 1821 2139 1885 primum.
2176 1823 2331 1871 Idem.
2411 1860 2414 1865 .

1447 1913 1455 1942 ι
1501 1898 1584 1946 De
1605 1912 1761 1946 amore
1783 1897 1890 1960 hoc]
1924 1897 2222 1961 Hocumore,
2256 1899 2493 1962 sic,qua·

1432 1974 1621 2026 sicum
1660 1974 1818 2024 taedio
1858 1982 1911 2025 et
1947 1975 2347 2039 reprehensione
2379 1974 2492 2038 ejus

1434 2066 1623 2103 amoris
1640 2052 1897 2117 loquatur
1929 2053 2084 2102 Idem.

1444 2160 1447 2167 =
1496 2134 1528 2179 '7
1562 2129 1650 2178 Me
1685 2127 1923 2191 infensus]
1951 2127 2171 2178 Scilicet
2206 2127 2272 2177 de
2317 2140 2494 2177 amore
2589 2184 2602 2190 κ

1432 2205 1543 2269 filii,
1576 2219 1737 2255 senex
1769 2220 1851 2253 me
1873 2211 2063 2268 servat,
2100 2210 2158 2254 et
2188 2218 2246 2253 re
2282 2217 2407 2253 vera
2426 2202 2493 2253 ti·
2495 2246 2501 2250 .

1432 2283 1651 2333 mendus
1672 2289 1773 2333 est.
1805 2282 1958 2332 Ideni.

1497 2360 1696 2424 Servat]
1714 2357 1970 2410 Φυλάττει.
2006 2359 2161 2409 Idem.

1496 2437 1575 2487 Ne
1598 2435 1946 2500 quamsacium]
1970 2434 2090 2487 Hoc
2113 2435 2180 2486 ad
2199 2434 2324 2486 illud
2345 2448 2520 2499 specs

1433 2520 1535 2577 tat,
1566 2516 1583 2544 ‘
1602 2515 1732 2564 Tum
1777 2514 1820 2563 si
1862 2514 1977 2579 quis
2010 2514 2309 2577 magistrum
2341 2513 2491 2578 cepit

1432 2593 1497 2643 ad
1521 2607 1635 2643 eam
1651 2606 1761 2641 rem
1781 2590 2108 2656 improbum!
2139 2592 2293 2640 Idem.

1494 2673 1529 2718 9
1561 2669 1669 2725 Quo
1689 2667 1820 2730 jure,
1836 2682 2014 2731 quaque
2042 2666 2245 2732 injuria]
2266 2634 2487 2718 Prover-

1430 2744 1567 2796 biale
1589 2745 1688 2795 hoc
1711 2750 1825 2795 est.
1858 2744 2034 2809 qualia
2056 2747 2194 2806 sunt,
2222 2740 2301 2793 fas
2321 2750 2380 2794 et
2400 2757 2491 2794 ue·

1430 2821 1528 2885 fas,
1551 2823 1680 2871 nolis
1705 2821 1851 2872 velis.
1887 2821 2038 2870 Idem.

1497 2900 1607 2956 Qua
1625 2898 1759 2961 jure,
1788 2912 1967 2961 quaque
1987 2897 2183 2958 injuria,
2197 2896 2490 2962 precipitem

1424 2981 1482 3029 ,in
1498 2977 1759 3042 pistrinum
1775 2969 1931 3039 dabit]
1967 2975 2159 3025 Melius
2180 2976 2232 3024 iu
2256 2974 2489 3025 editione

1430 3054 1695 3107 Gabrielis
1713 3052 1918 3115 Faerni,
1942 3052 2046 3102 sic:
2087 3053 2195 3109 Qua
2216 3052 2348 3113 jure,
2370 3066 2485 3114 qua-

1428 3147 1515 3196 que
1536 3131 1733 3196 injuria,
1745 3127 2039 3193 pracipitem
2052 3128 2147 3177 Me
2163 3127 2215 3176 in
2232 3127 2494 3191 pistrinum

1430 3208 1580 3258 dabit.
1647 3207 1831 3270 Neque
1867 3219 2045 3255 versus
2089 3217 2207 3253 suos
2247 3216 2490 3251 numeros

1431 3299 1495 3335 eo
1536 3284 1705 3333 minus
1744 3281 2004 3332 habuerit.
2068 3281 2205 3330 Nam
2239 3277 2487 3344 synizesis

1428 3360 1588 3411 fuerit
1614 3361 1667 3409 in
1706 3365 1967 3423 postrema
1997 3356 2199 3421 syllaba
2228 3356 2379 3419 hujus
2401 3370 2492 3406 vo·

1431 3438 1507 3488 cis
1551 3436 1746 3501 injuria.
1833 3437 1954 3488 Scio
1997 3434 2208 3502 quidem
2241 3434 2296 3483 in
2332 3432 2494 3484 editi-

1431 3530 1531 3566 one
1568 3514 1768 3566 Mureti
1806 3514 1991 3564 abesse
2028 3511 2168 3563 istud
2195 3512 2335 3572 &Mt-:5
2390 3509 2492 3560 sed

1432 3599 1488 3642 et
1509 3591 1610 3641 hoc
1647 3605 1749 3640 non
1780 3591 1981 3654 ignoro,
2020 3589 2287 3639 Muretum
2319 3587 2485 3636 multa

1430 3666 1530 3716 sibi
1546 3668 1598 3716 in
1622 3666 1713 3715 illa
1736 3680 1829 3715 sua
1852 3664 2084 3715 editione
2107 3662 2404 3729 permisisse
2428 3668 2489 3712 ut

1430 3753 1611 3792 versus
1666 3740 1926 3791 molliores
1968 3739 2187 3791 faceret.
2253 3740 2358 3789 Hic
2412 3738 2487 3788 illi

1429 3832 1541 3868 mos
1563 3816 1681 3867 fuit.
1717 3817 1890 3868 Faber.

1496 3894 1605 3950 Quo
1622 3895 1737 3955 jure
1757 3908 1937 3957 quaque
1956 3891 2160 3955 injuria]
2193 3889 2285 3940 Καὶ
2305 3867 2488 3941 amatos

1429 3968 1645 4031 κάδίκως,
1679 3969 2050 4031 Aristophanes
2087 3968 2137 4016 in
2163 3969 2357 4017 Pluto:
2392 3967 2483 4016 ubi

1427 4046 1779 4097 scholiastes:
1827 4044 1933 4094 ἀντὶ
1968 4047 2074 4109 τοῦ,
2125 4043 2266 4094 παντὶ
2309 4042 2482 4108 τρόπῳ·

1426 4121 1575 4173 οὕτως
1595 4121 1819 4172 Ἀττικοί.
1868 4123 2139 4172 Donatus:
2167 4127 2181 4150 ‘
2205 4119 2488 4176 Proverbi÷

1427 4203 1511 4251 ale
1529 4205 1644 4249 est:
1677 4199 1850 4265 qualia
1871 4205 2011 4261 sunt,
2031 4196 2110 4247 fas
2128 4203 2184 4246 et
2205 4195 2372 4260 nefas,
2393 4210 2481 4246 no·

1427 4277 1491 4327 lis
1536 4275 1696 4325 velis?
1758 4274 1915 4325 Adde
1964 4273 2185 4323 eundem
2243 4274 2307 4322 ad
2355 4272 2488 4324 illud

1428 4353 1658 4418 Adelph.
1681 4365 1735 4405 v.
1757 4354 1809 4404 9.
1847 4351 2020 4415 ‘Justa
2046 4350 2240 4415 injusta
2272 4363 2484 4416 prorsus
