3035 4941
557 347 732 412 1104

560 504 656 555 tibi
677 518 774 553 non
793 504 1131 553 comminatus
1149 502 1260 553 sim.
1279 504 1428 553 Idem.

627 585 689 630 18
744 581 915 643 Teneo,
958 581 1071 643 quid
1115 579 1263 642 met]
1305 579 1425 628 Hoc
1471 567 1631 636 dixit,

561 644 664 706 non
684 662 744 706 ut
758 650 919 720 Simo,
934 656 1026 706 sed
1052 664 1109 705 nt
1126 661 1390 720 spectator
1407 654 1584 703 audiat
1603 670 1616 703 ε

558 733 657 785 hoc
702 734 927 799 deniqne
993 746 1154 783 senex
1194 731 1399 796 probat,
1440 731 1625 781 dicens*

559 815 734 874 Davo,
750 812 881 869 Quid
896 816 1023 860 taces
1040 815 1061 859 Ρ
1096 808 1264 859 Idem.

626 888 697 936 Et
732 886 847 949 quid
886 899 973 947 ego
1005 897 1147 946 agam
1184 882 1351 946 habeo]
1385 883 1457 932 Et
1493 882 1616 946 quid

557 963 899 1024 respondeam
924 961 1046 1010 scio.
1068 961 1219 1010 Idem.

628 1042 795 1101 Teneo,
829 1038 947 1102 quid
976 1041 1103 1088 erret
1124 1038 1238 1101 quid
1259 1052 1345 1099 ego
1367 1052 1509 1099 agam
1532 1036 1617 1085 Ιια-

562 1116 672 1165 beo:
704 1114 820 1178 quid
844 1119 968 1163 taces
983 1112 1030 1178 22]
1062 1113 1259 1163 Melius
1279 1114 1419 1177 apud
1441 1114 1616 1162 Dona·

560 1201 671 1243 tum
695 1208 710 1241 ι
748 1193 901 1241 Teneo
921 1192 1032 1255 quid
1053 1197 1179 1243 erret
1196 1209 1212 1242 .·
1248 1205 1317 1242 ΕΤ
1339 1190 1454 1255 quid
1476 1203 1621 1252 agam

557 1269 818 1331 hubeo‚l3·c.
882 1269 1059 1318 Possit
1082 1268 1385 1331 etiam-legi,
1401 1266 1451 1315 id
1477 1265 1625 1330 quod·

557 1352 761 1396 eertum
789 1353 947 1410 puio:
973 1346 1044 1395 Et
1064 1345 1179 1410 quid
1193 1360 1279 1407 ega
1298 1357 1442 1405 agam
1455 1341 1616 1391 habeo.

554 1423 684 1471 Tum
707 1428 844 1471 esset
861 1422 1367 1472 proceleusmaticus
1390 1420 1443 1469 in
1466 1430 1618 1484 quar·

555 1498 780 1559 tanede,
810 1499 923 1562 quid
944 1515 1021 1562 eg.
1061 1514 1143 1561 ug.
1176 1499 1289 1555 Ιιιι.,·
1321 1497 1371 1546 id
1400 1495 1614 1545 enimin

555 1573 656 1623 hoc
698 1578 853 1624 metri
896 1590 1087 1638 genere
1115 1575 1271 1642 licet.
1336 1573 1399 1622 In
1432 1572 1616 1635 quinta

554 1657 728 1701 autem
770 1650 1085 1714 Anapa-stns
1127 1650 1269 1710 erit3
1313 1649 1366 1697 in
1404 1662 1504 1713 quo
1540 1646 1619 1696 nil

473 1747 478 1758 ι
554 1726 675 1776 novi
711 1732 808 1776 est.
846 1726 1019 1777 Faber.

625 1803 775 1852 Teneo
798 1804 913 1867 quid
936 1810 1082 1867 erret,
1115 1802 1228 1867 quid
1258 1817 1345 1864 ego
1366 1815 1507 1863 agam
1530 1799 1615 1848 hu-

553 1880 666 1930 beo:
689 1869 740 1929 S.
762 1881 878 1944 quid
898 1881 1048 1944 taces]
1073 1879 1141 1931 Ο.
1165 1882 1199 1928 l.
1221 1895 1259 1929 s.
1280 1887 1337 1929 et
1352 1881 1614 1942 Donatus,

552 1961 601 2006 et
635 1957 750 2019 quid
768 1972 909 2019 agam
928 1957 1085 2008 habeo.
1119 1956 1367 2006 Faernus.

626 2034 780 2083 Teneo
800 2035 914 2098 qm’d
934 2039 1060 2084 erret
1083 2039 1132 2083 et
1158 2034 1273 2097 quid
1292 2046 1435 2095 agam
1448 2028 1615 2093 habeo]

552 2111 909 2175 Eugraphius:
944 2115 960 2140 ⁸
984 2110 1255 2160 Intellexit
1288 2111 1487 2169 Davus,
1507 2120 1616 2154 mn-

555 2186 741 2236 liernm
782 2186 1052 2236 consilium
1101 2188 1197 2236 hoc
1238 2198 1413 2234 senem
1448 2183 1616 2247 suspi-

552 2263 660 2312 cari
682 2280 698 2324 ;
730 2263 866 2327 qnod
892 2263 995 2312 illae
1020 2263 1084 2312 ad
1110 2261 1382 2311 terrendas
1406 2259 1614 2323 nuptias

550 2340 829 2389 videantur
852 2338 953 2389 istu
974 2338 1247 2387 simulare:
1273 2334 1469 2385 idcirco
1502 2334 1616 2383 vult

552 2416 879 2466 commodare
912 2429 1237 2474 consensum,
1273 2427 1373 2478 qno
1404 2411 1614 2461 domino

553 2506 648 2542 suo
688 2506 838 2542 error
881 2489 1165 2556 augeatur!
1231 2490 1417 2539 claret
1464 2488 1612 2538 Teneo

550 2568 669 2632 quid
704 2572 848 2631 erret,
882 2567 933 2617 id
966 2576 1069 2629 est,
1096 2567 1208 2630 jam
1232 2565 1464 2629 intelligo
1487 2564 1610 2628 qnid

548 2648 860 2712 suspicetur,
901 2644 1121 2709 scilicet,
1156 2658 1271 2694 meo
1329 2651 1385 2693 et
1433 2644 1614 2693 mulie-

550 2740 668 2774 rum
686 2725 902 2775 consilio
925 2718 1129 2788 partum
1150 2721 1401 2783 simulari,
1423 2719 1487 2770 ad
1508 2721 1610 2770 (lis-

549 2802 835 2852 turbandas
856 2802 1067 2864 nuptias
1092 2815 1106 2848 =
1140 2800 1316 2864 itaque
1338 2796 1474 2846 hunc
1497 2796 1611 2860 ejus

548 2891 780 2927 errorem
803 2890 905 2927 non
932 2878 1154 2926 minuam
1181 2883 1271 2925 ant
1303 2875 1498 2938 tollam,
1517 2873 1610 2923 sed

547 2967 856 3005 consensum
872 2952 1247 3003 commodando
1261 2951 1480 3015 angebo,
1501 2951 1621 3001 sive

547 3030 972 3094 responsionibus
996 3031 1122 3078 meis
1146 3027 1388 3090 efficiam,
1417 3039 1475 3079 ut
1502 3043 1610 3076 ma·

469 3105 475 3111 '
548 3109 630 3173 gis
668 3107 1011 3159 confirmetur
1052 3107 1105 3155 in
1137 3108 1307 3155 animo
1342 3105 1454 3169 ejus
1493 3105 1608 3155 haec

548 3184 800 3248 suspicio,
818 3184 903 3233 hic
922 3196 1100 3233 error:
1136 3184 1253 3234 hnic
1277 3189 1608 3248 extempora-

544 3264 588 3314 li
621 3266 827 3315 astutiae
860 3279 966 3316 suae
1002 3264 1291 3330 applaudit,
1314 3265 1428 3327 quid
1463 3279 1610 3326 agam

546 3341 711 3392 habeo.
776 3342 911 3392 Haec
928 3341 1047 3390 dum
1071 3356 1245 3390 secum
1271 3341 1455 3389 Davus
1486 3355 1608 3390 con-

546 3417 739 3480 stitnit,
768 3416 931 3481 Simo,
951 3418 1064 3480 quid
1098 3423 1245 3478 taces,
1270 3417 1437 3481 inquit
1461 3418 1480 3466 ἓ
1513 3431 1609 3466 cur

544 3493 669 3542 mihi
713 3507 813 3542 non
852 3493 1175 3557 respondes?
1228 3500 1334 3542 tum
1382 3494 1605 3542 Davus:

544 3570 892 3635 quid‘credas?
930 3580 1169 3635 repetens
1202 3572 1417 3621 verbum
1442 3572 1608 3629 Simo-

542 3648 646 3710 nis,
661 3656 717 3697 et
733 3648 1160 3712 pronuntiatione
1176 3648 1424 3712 adjuvans
1443 3667 1457 3709 3
1494 3649 1606 3697 dix-

544 3726 665 3773 erat
708 3725 845 3773 enim
886 3724 1064 3775 Simo:
1110 3724 1314 3776 Credon’
1355 3724 1447 3774 tibi
1488 3726 1608 3775 hoc?

542 3799 831 3852 Boeclerus.

612 3880 676 3925 19
728 3877 859 3934 Quid
910 3878 1095 3942 aedas]
1169 3879 1400 3944 Propter
1460 3874 1610 3945 quid,

547 3958 639 4002 aut
660 3961 884 4018 propter
906 3970 1061 4019 qnam
1085 3969 1215 4014 rem,
1238 3963 1330 4006 aut
1372 3971 1473 4020 quo
1496 3971 1607 4007 mo·

546 4028 633 4091 do,
657 4038 748 4080 aut
771 4039 990 4098 propter
1022 4032 1163 4097 qnid.
1198 4033 1439 4083 Donatus.

612 4108 742 4162 Quid
782 4109 970 4172 credas]
1004 4110 1221 4175 Repetit
1242 4109 1456 4159 verbnm
1490 4110 1603 4174 ejus

545 4183 683 4247 quod
718 4185 808 4247 ait,
856 4185 1092 4251 Credon’:
1139 4200 1300 4251 quare
1360 4187 1602 4251 adiuvan-

545 4259 1111 4324 dumpronnntiatione
1129 4268 1230 4312 est.
1252 4263 1405 4313 Idem.

1250 345 1468 411 NOTAE
1519 359 1920 440 unionum
1970 360 2047 406 ιΝ

1766 501 1918 558 Quasi
1932 516 2023 551 non
2049 501 2137 550 tibi
2153 500 2447 564 renuntiata]
2479 500 2754 552 Nuntiata.

1697 575 2047 641 compositum
2073 594 2167 641 pro
2187 578 2433 640 simplici.
2466 579 2618 627 Idem·

1760 654 2085 703 Renunciatu-
2121 653 2245 716 sint]
2300 653 2585 703 Nunciata.
2627 655 2756 715 Ter,

1692 729 1863 795 inquit
1896 730 2031 781 Scal.
2065 730 2119 779 in
2157 731 2255 780 hac
2289 744 2446 779 scena
2481 730 2629 793 ponit
2648 731 2753 779 Te-

1693 804 1910 868 rentius,
1933 807 2226 862 renunciare,
2249 820 2345 869 pro
2369 813 2555 869 aperte
2590 806 2755 869 sigui·

1691 880 1848 932 ficare
1891 884 1975 932 vel
2015 883 2279 933 nunciare.
2345 882 2572 946 Proprie
2609 884 2751 932 enim

1688 959 1964 1009 renunciare
2000 965 2084 1010 est
2128 957 2353 1022 resen-e,
2404 958 2527 1025 quid
2573 966 2750 1009 aetum

1689 1035 1776 1091 sit,
1800 1043 1891 1085 aut
1909 1037 2035 1086 velit
2052 1036 2253 1101 aliquis.
2294 1035 2576 1087 Famam.
2670 1059 2673 1064 ·

1708 1143 1713 1148 ι
1753 1117 1820 1161 20
1850 1111 2032 1163 Mihin?
2063 1113 2327 1180 quisquam]
2350 1113 2525 1162 Favet
2550 1112 2650 1162 sibi
2673 1128 2751 1163 se-

1688 1201 1790 1237 nex
1814 1189 1865 1238 in
1901 1203 1983 1253 eo,
2018 1190 2156 1255 quod
2179 1203 2237 1239 se
2282 1190 2396 1238 vult
2429 1188 2752 1253 perspicaci·

1689 1278 1829 1314 orem
1853 1265 2037 1317 videri.
2074 1267 2314 1316 Donatus.

1769 1342 1996 1392 &Mihin
2017 1344 2288 1407 quicquum?
2308 1344 2418 1393 DA·
2443 1341 2550 1404 eho,
2564 1359 2630 1392 an
2648 1347 2753 1395 tute

1687 1420 1928 1469 intellexti
1950 1422 2035 1470 hoc
2069 1421 2356 1471 assimulat-i·
2404 1421 2461 1473 S.
2504 1421 2762 1485 {videor}

1688 1497 1935 1562 Plerique
1949 1497 2072 1548 libri
2091 1498 2293 1562 scripti,
2309 1498 2448 1548 inter
2462 1511 2595 1563 quos
2616 1500 2753 1548 anti-·

1689 1576 1799 1640 qni,
1836 1576 2028 1626 habent
2069 1575 2424 1626 assivnultnier:
2490 1581 2547 1625 et
2586 1575 2755 1625 stabit

1689 1653 2012 1716 octonarius,
2053 1654 2097 1703 si
2130 1652 2291 1703 *mihin
2327 1652 2380 1701 in
2403 1665 2557 1701 unam
2594 1652 2752 1716 sylla-

1690 1726 1808 1777 bam
1829 1729 2198 1779 contrahatur:
2223 1729 2348 1778 item
2371 1729 2477 1790 eho,
2491 1728 2633 1792 quod
2656 1737 2774 1793 per’

1688 1806 2025 1870 synaloephen
2040 1805 2288 1856 elidatur.
2322 1805 2554 1855 Faernus.

1756 1885 1864 1933 ΕΙιὸ
1883 1884 1913 1934 J·
1938 1900 2001 1933 un
2031 1883 2158 1947 tute]
2194 1885 2302 1934 ΕΙιο
2324 1883 2491 1933 modo·
2507 1884 2752 1948 interjec-

1690 1960 1765 2011 tio
1787 1969 1870 2011 cst
1893 1961 2218 2024 admirantis,
2242 1961 2368 2011 alias
2392 1961 2456 2010 ad
2480 1975 2537 2010 se
2561 1972 2752 2010 vocan-

1690 2038 1776 2100 tis,
1798 2039 1816 2068 ‘
1842 2038 2073 2088 Ehodum
2100 2038 2163 2087 ad
2187 2035 2309 2088 me.'
2341 2036 2578 2088 Dmuhtus.

1756 2114 1864 2164 Eho
1884 2129 1946 2164 an
1969 2118 2072 2165 tute
2095 2115 2356 2177 intellexti,
2368 2114 2472 2178 ξω]
2491 2114 2581 2164 Fr.
2603 2113 2750 2178 Goy-

1689 2198 1805 2242 etus
1827 2193 1958 2257 legit
1976 2208 1994 2239 ε-
2015 2192 2102 2243 eho
2115 2208 2210 2241 non
2232 2198 2353 2255 tute,
2370 2191 2422 2241 id
2441 2198 2540 2255 est,
2560 2205 2751 2244 annon.

1687 2282 1738 2317 v.
1756 2275 1865 2318 not.
1889 2268 2022 2331 ejiis.
2091 2265 2283 2318 Sensus
2304 2275 2453 2318 certe
2475 2281 2539 2317 eo
2562 2269 2749 2333 tendit,

1688 2344 1895 2394 etiamsi
1913 2343 1970 2394 τὸ
1993 2360 2056 2395 un
2079 2346 2386 2395 retineatur.
2421 2344 2683 2394 Boeclerus.

1755 2422 1995 2486 Irrideor]
2033 2422 2154 2473 Hoc
2183 2415 2315 2472 'eam
2350 2420 2451 2469 vim
2474 2420 2654 2483 habet,
2688 2428 2750 2470 nt

1689 2498 1819 2547 velit
1850 2498 2166 2562 significare,
2185 2498 2285 2549 sibi
2311 2511 2518 2562 prorsus
2535 2498 2660 2547 nihil
2682 2498 2751 2547 de

1689 2575 1790 2625 hac
1814 2577 2166 2626 renuntiatum
2191 2590 2326 2626 esse.
2359 2577 2510 2625 Idem.

1752 2656 1814 2701 21
1873 2652 2302 2703 Renuntiatum’st.
2337 2667 2451 2702 nam
2494 2652 2597 2715 qui,
2638 2653 2749 2717 ξω]

1688 2730 1867 2779 Possis
1907 2731 2019 2779 haec
2059 2731 2133 2780 ita
2155 2729 2428 2793 accipere:
2465 2741 2582 2777 cnm
2605 2726 2750 2777 Simo

1687 2808 2083 2872 interrogasset,
2118 2805 2308 2857 credmz'
2346 2805 2438 2855 tibi
2471 2805 2587 2863 '⁸⁰⁶3
2623 2818 2749 2852 nunc

1679 2884 1918 2947 peperisse
1954 2885 2076 2933 hunc
2118 2898 2146 2932 e.
2187 2883 2435 2946 Pamphilo
2451 2879 2476 2931 :1
2535 2880 2749 2930 minime

1687 2961 1890 3010 scilicet
1919 2960 2015 3010 sibi
2040 2960 2292 3011 credibile
2308 2960 2403 3010 hoc
2424 2958 2539 3008 fieri
2558 2955 2749 3020 signifi-

1686 3050 1829 3099 cans,
1892 3039 2070 3086 Davus
2110 3043 2323 3100 arrepta
2369 3034 2642 3085 occasione
2665 3049 2754 3082 un·

1685 3112 1843 3176 gendi
1861 3113 2075 3175 erroris,
2108 3113 2219 3176 quid
2239 3114 2425 3174 eredas,
2459 3110 2643 3176 iuquit,
2663 3114 2749 3159 aut

1683 3203 1748 3238 ex
1767 3203 1842 3237 me
1862 3189 2094 3252 requiras,
2125 3189 2209 3238 cui
2231 3187 2332 3237 hoc
2356 3186 2551 3235 dudum
2573 3185 2751 3234 nunti-

1685 3272 1826 3313 atum
1859 3265 1995 3314 haud
2021 3265 2179 3315 dubie
2202 3270 2302 3326 est,
2324 3262 2458 3327 fore,
2476 3272 2534 3311 ut
2567 3268 2750 3326 partus

1683 3341 1988 3391 simuletur:
2045 3355 2267 3406 cumque
2327 3354 2487 3390 senex
2530 3346 2753 3403 negaret

1683 3416 1902 3482 factum,
1940 3417 1992 3468 id
2039 3427 2147 3481 est,
2177 3418 2305 3468 nihil
2341 3418 2440 3467 sibi
2472 3417 2748 3482 quicquam

1682 3494 1778 3544 hac
1802 3494 1868 3544 de
1895 3510 1950 3543 re
1973 3509 2038 3544 ex
2062 3506 2321 3560 quoquam
2341 3495 2607 3558 cognitum
2635 3489 2766 3557 per·¹

1685 3571 1950 3634 tenderet,
1965 3574 2150 3621 Davus
2173 3577 2344 3621 astute
2367 3572 2418 3620 in
2456 3569 2754 3619 admiratio-

1684 3663 1805 3699 nem
1831 3649 2175 3713 compositus,
2189 3650 2277 3713 qni
2299 3656 2478 3713 posset
2499 3646 2636 3709 fieri,
2661 3648 2755 3710 ait,

1687 3735 1747 3775 ut
1766 3726 1862 3775 tibi
1882 3728 1996 3777 haec
2016 3720 2270 3776 incideret
2286 3724 2587 3789 suspicio,si
2602 3738 2752 3773 nemo

1689 3804 1885 3868 aliquid
1928 3805 2312 3855 renuntiasset?
2369 3804 2507 3852 unde
2548 3814 2751 3852 senex:

1685 3882 1811 3931 nihil
1835 3881 1996 3931 debes
2019 3880 2225 3931 mirari:
2262 3881 2351 3947 qui
2374 3879 2512 3928 enim
2547 3879 2753 3928 incidls·

1685 3965 1769 4007 set
1807 3958 1922 4008 haec
1941 3959 2167 4022 suspicio
2188 3959 2207 4006 ?
2241 3959 2363 4022 quia
2388 3964 2443 4006 te
2478 3969 2674 4019 noram,
2694 3963 2754 4005 et

1685 4035 1751 4084 ad
1772 4035 1982 4098 nuptias
2000 4033 2370 4084 disturbandas
2389 4030 2755 4083 omnia-faetu-

1687 4113 1818 4167 1·um‚
1837 4111 1964 4160 satis
1979 4111 2235 4161 sciebam:
2273 4116 2393 4160 tuus
2415 4123 2539 4173 ergo
2559 4109 2644 4158 hic
2658 4108 2754 4158 do-

1685 4187 1768 4235 lus
1809 4196 1892 4237 est
1917 4204 1932 4247 ;
1990 4198 2080 4237 tna
2119 4187 2329 4256 techna,
2377 4186 2622 4252 quicquid
2664 4185 2755 4236 hic
2782 4250 2785 4253 Ἴ

1687 4264 1974 4315 simulatur.
2043 4265 2166 4316 Hoc
2196 4266 2343 4316 vultu
2366 4272 2624 4330 gestuque
2644 4266 2755 4315 De·
