3035 4941
439 347 611 414 1274

436 506 653 567 mentio,
678 503 803 570 quid
836 502 933 552 nisi
961 502 1356 565 matrimonium,
1391 502 1500 551 uni·

440 598 554 634 cam
595 583 794 631 vitiatae
835 579 1255 641 satisfactionem,
1287 577 1498 642 pollice·

438 658 629 708 batur?
662 657 837 721 itaque
878 656 1073 718 accipit
1110 653 1359 703 ambabus
1394 667 1499 702 ma·

438 736 608 799 nibus,
646 744 699 786 et
738 749 857 783 mox
901 742 957 782 ut
996 734 1199 796 placata
1237 732 1463 795 loquitur
1484 747 1499 792 ς

438 813 570 871 sci0‚·
619 819 672 862 te
712 826 815 860 non
847 808 1170 859 contumelias
1206 821 1383 868 causa,
1403 805 1499 856 sed

440 877 631 938 amoris
666 885 872 936 fecisse.
924 885 1021 935 scio
1059 886 1092 934 i.
1116 898 1163 933 e.
1201 882 1379 944 credo,
1402 896 1501 933 nec

440 962 641 1013 dubito.
698 968 1011 1012 asseverate.
1056 961 1165 1024 jam
1204 960 1340 1010 enim
1380 973 1500 1024 pars

441 1038 663 1096 consilii,
702 1037 766 1086 ad
808 1035 1170 1099 catastrophen
1219 1034 1503 1084 necessarii

441 1123 573 1173 erat,
596 1130 696 1164 non
722 1113 950 1163 dubitari
974 1114 1040 1162 de
1065 1111 1235 1162 animo
1252 1111 1501 1161 Chaereae.

440 1194 703 1243 Boeclerus.

503 1271 580 1316 382
606 1268 708 1316 Imo
730 1261 802 1315 ita
824 1264 1003 1330 quoeso]
1044 1266 1235 1315 Utrum
1260 1264 1502 1314 Meretri·

445 1358 576 1402 cem,
594 1357 656 1392 an
681 1344 819 1391 Deos
840 1357 1015 1406 quaeso
1032 1343 1052 1391 ?
1068 1348 1348 1407 'utrumque
1366 1341 1504 1392 enim

442 1421 610 1487 accipi
631 1427 823 1485 potest.
858 1420 1098 1469 Donatus.

512 1498 671 1548 Unum
704 1497 789 1545 hoc
823 1497 962 1545 scito.
1012 1495 1145 1560 Scio]

445 1574 578 1625 sciat
613 1573 791 1629 Thais,
828 1572 1006 1635 inepte
1046 1572 1312 1636 quaeritur,
1350 1583 1506 1635 quum

443 1649 561 1713 ipsa
583 1663 665 1698 res
688 1650 899 1706 clamet,
922 1662 1182 1712 nunquam
1216 1648 1350 1697 hanc
1385 1662 1506 1697 con·

446 1725 692 1776 ditionem
716 1724 1005 1790 subiturum
1028 1724 1309 1779 Chaeream,
1334 1730 1391 1772 ut
1414 1737 1508 1786 pro

447 1802 717 1864 Eunucho,
758 1801 915 1850 etiam
971 1814 1140 1857 servo,
1185 1814 1241 1850 se
1285 1798 1509 1864 fingeret

443 1879 554 1929 sine
578 1878 765 1928 amoris
791 1877 1029 1938 impulsu.
1065 1876 1217 1925 Idem.

510 1960 577 2005 ³9
612 1954 921 2004 Contumelae'oe
942 1969 1032 2004 non
1052 1968 1126 2002 me
1149 1953 1327 2013 secisse
1346 1967 1508 2015 οαιιεα,

444 2036 528 2083 sed
548 2031 746 2093 amoris]
779 2031 842 2079 In
867 2045 968 2096 quo
991 2030 1154 2080 veluti
1178 2030 1256 2078 vis
1275 2028 1510 2094 qnoedam

446 2106 776 2171 ἂναγκαοτικὴ
793 2105 1062 2170 liguratur.
1085 2105 1221 2155 unde
1244 2119 1365 2154 mox
1378 2105 1506 2160 Tha·

449 2184 524 2233 is:
578 2199 679 2233 non
709 2192 813 2242 tam
850 2183 1093 2245 imperita
1119 2196 1250 2239 sum,
1287 2186 1363 2242 ut,
1396 2181 1511 2244 quid

445 2275 579 2309 amor
598 2261 774 2320 caleat,
804 2259 1030 2308 nesciam.
1074 2257 1350 2308 [Potenter
1374 2264 1511 2307 trac·

449 2343 592 2386 tatur
629 2335 711 2385 Ιιίο
752 2335 895 2383 locus
935 2334 989 2382 in
1031 2333 1234 2382 actione
1270 2333 1511 2397 Neptuni

448 2410 586 2475 apud
610 2411 879 2459 Libanium
902 2408 1055 2474 (tom.
1080 2422 1118 2457 1.
1150 2408 1382 2458 Declam.
1406 2407 1513 2474 22.)

450 2489 492 2539 εἰ
526 2487 613 2549 μὲν
630 2490 725 2552 ’γὰρ
747 2487 876 2551 ὕβρει
896 2487 1021 2535 τοῦθ’
1042 2483 1329 2548 Ἀλιβρόθιος
1351 2484 1513 2544 ἐποίει,

450 2564 529 2614 καὶ
546 2564 793 2628 ἀσελγείᾳ,
804 2563 882 2612 καὶ
898 2565 1064 2612 λυπεῖν
1080 2561 1269 2619 ἐθέλων,
1286 2562 1347 2612 ὥς
1364 2561 1424 2612 ἄν
1440 2579 1513 2612 τις

454 2643 683 2705 ὑπερορῶν
718 2638 796 2688 καὶ
826 2641 1144 2701 καταφρονῶν,
1166 2642 1323 2688 καλῶς
1348 2637 1512 2698 τέθνη-

457 2732 555 2767 κεν·
597 2717 682 2765 οὐκ
702 2715 950 2776 ἀντιλέγω.
972 2714 1014 2763 εἶ
1035 2715 1075 2763 δ’
1104 2715 1197 2777 οὐχ
1218 2715 1364 2766 οὕτω,
1386 2715 1513 2777 ἐμαί-

453 2811 563 2843 νετο
584 2791 664 2842 καὶ
684 2790 980 2856 παρεφρόνει,
1001 2791 1062 2840 ὥς
1096 2790 1183 2840 οὐκ
1204 2791 1347 2850 οὔσης
1368 2790 1514 2852 ἀνάγ-

452 2872 635 2936 κης,τῇ
654 2867 742 2931 μὲν
761 2865 1015 2933 προσιέναι,
1043 2866 1101 2916 σὲ
1133 2867 1184 2917 δὲ
1210 2867 1276 2930 μὴ
1300 2866 1513 2931 δεδιέναι,

449 2949 515 3011 μὴ
533 2950 619 2998 τοῦ
639 2945 897 3011 opacatae-ros
911 2947 1099 3006 μᾶλλον
1121 2944 1338 3007 ἣγῶμεθα
1358 2945 1417 2995 τὸ
1442 2944 1515 3010 ἔρ-

448 3043 541 3088 γον
563 3027 623 3075 ὡς
634 3026 721 3073 τοῦ
740 3020 1117 3085 ἀναγκάσαντος.
1134 3023 1224 3081 τὴν
1240 3021 1291 3072 δὲ
1305 3024 1393 3072 τοῦ
1405 3022 1514 3086 ἔρω-

449 3121 533 3154 τος
555 3100 759 3164 δύναμιν,
782 3101 842 3150 ὥς
867 3098 1053 3161 ἄμαχος
1072 3100 1099 3148 ὑ
1120 3099 1240 3163 θεὸς,
1269 3100 1331 3150 ὥς
1359 3099 1519 3158 ἀνίκη-

449 3194 552 3236 τος,
587 3179 655 3228 ὡς’
675 3175 855 3226 πάντας
892 3176 1036 3225 αὑτοῦ
1066 3180 1207 3225 ποιῶν
1242 3175 1517 3227 ἀσθενεστέ·

452 3273 576 3320 ρους,
593 3253 667 3304 τίς
686 3255 880 3314 ἀγνοεῖ;
909 3270 956 3304 κ.
966 3272 1015 3302 τ.
1033 3262 1084 3302 λ.
1124 3255 1385 3304 Boeclerus.

519 3336 585 3380 40
625 3331 771 3378 Nunc
791 3330 984 3391 ignosco
1012 3330 1127 3393 tibi]
1185 3331 1336 3382 Quod
1362 3331 1519 3394 culpa

454 3421 559 3457 non
582 3407 652 3456 sit
675 3407 911 3463 hominis,
929 3406 1021 3454 sed
1043 3407 1247 3457 amoris.
1282 3409 1520 3457 Donatus.

518 3487 581 3533 41
623 3484 732 3532 Noa
763 3485 879 3532 adeo
912 3483 1167 3535 inhumano
1187 3486 1379 3547 ingenio
1398 3501 1520 3548 sum,

459 3557 683 3621 Choerea]
720 3558 838 3607 Hoc
878 3566 984 3620 est,
1022 3560 1234 3610 immitis
1258 3575 1361 3609 non
1385 3575 1517 3622 sum,

404 3678 407 3683 .
451 3645 704 3703 quantum
751 3642 902 3699 putas
924 3652 939 3686 ι
990 3644 1072 3699 ιιι,
1114 3640 1131 3666 ‘
1164 3640 1283 3688 Non
1329 3629 1517 3689 obtusa

456 3710 592 3764 adeo
616 3720 876 3778 gestamus
898 3718 1115 3776 pectora
1131 3714 1319 3763 Poeni.'
1354 3716 1433 3763 Id.

1213 1494 1370 1544 Unde
1404 1494 1504 1545 hoc

522 3791 636 3839 Νοιι
678 3792 810 3852 adeo,
847 3787 951 3852 εγω]
1010 3790 1159 3853 Virg.
1203 3791 1317 3840 AEn.
1361 3791 1520 3840 ‘Non

454 3866 646 3917 obtusa
680 3866 811 3914 adeo
845 3872 1108 3928 gestamus
1140 3867 1385 3930 pectora,’
1420 3873 1522 3918 &c-

454 3952 513 3999 et
536 3944 662 3993 ibid.
698 3945 713 3970 ‘
737 3944 852 3992 Non
877 3944 1056 4004 ignara
1081 3943 1242 3994 mali!
1277 3945 1486 3994 Far-nab.

520 4024 587 4071 42
623 4021 784 4084 Neque
806 4026 902 4069 tam
918 4019 1166 4084 imperita]
1216 4019 1278 4070 Id
1300 4028 1398 4077 est,
1418 4035 1520 4070 non

458 4103 693 4161 experta.
729 4097 971 4147 Donatus.

528 4174 596 4222 Ut
632 4175 744 4236 quid
772 4189 903 4223 amor
932 4173 1107 4236 valeat,
1136 4172 1362 4238 nesciam]
1396 4172 1520 4222 Non

455 4249 732 4314 inhumana,
764 4252 890 4316 quia
932 4251 1099 4300 homo.
1135 4263 1237 4299 nou
1283 4248 1524 4315 imperita,

1141 359 1357 408 NOTAE
1387 357 1811 408 ‘VARIORUM
1860 358 1943 406 JN

1575 502 1693 566 quia
1714 501 1980 551 meretrix.
2034 500 2106 549 Et
2126 500 2272 562 neqn'e
2292 498 2644 562 tan'imperua

1575 578 1778 642 inquit:
1815 578 1959 642 quasi
1993 576 2152 638 dicat,
2187 576 2371 640 Neque
2408 584 2515 624 tam
2547 590 2649 638 pu-

1576 653 1694 704 dica
1729 669 1860 713 sum,
1894 661 1951 703 ut
1985 654 2110 718 quid
2145 667 2289 703 amor
2328 654 2522 716 valeat,
2551 667 2647 701 ne·

1575 731 1754 781 sciam.
1797 732 1947 780 Idem.

1640 810 1704 855 43
1744 808 1809 859 Te
1863 821 2039 870 quoque
2064 805 2206 869 jam,
2267 805 2438 869 Thais]
2493 806 2649 855 Bene

1577 898 1784 948 quoque.-
1816 899 1917 934 non
1941 884 2078 934 enim
2096 883 2211 947 jam
2234 882 2365 931 hanc
2386 884 2463 931 ita
2484 890 2649 942 amat,

1578 967 1639 1010 ut
1676 963 1907 1026 negligat
1961 962 2135 1011 illam:
2185 960 2276 1010 sed
2328 960 2463 1010 banc
2506 959 2648 1008 illius
2704 977 2709 984 ·

1580 1052 1752 1089 causa.
1789 1039 1939 1087 Idem.

1641 1120 1708 1165 44
1742 1116 1837 1165 Pol
1857 1116 1947 1165 tibi
1969 1115 2028 1165 nb
2048 1115 2187 1176 istoc,
2207 1114 2339 1170 Iaera,
2360 1115 2647 1177 eat-endum]

1580 1192 1797 1241 Facete.
1833 1197 2079 1254 tanquam
2102 1189 2190 1254 qui
2209 1189 2370 1238 soleat
2397 1190 2650 1253 capillum

1579 1273 1636 1317 et
1684 1273 1883 1317 vestem
1928 1268 2042 1330 ejus
2086 1263 2448 1322 conscindere,
2490 1280 2649 1378 quarn

1580 1343 1854 1392 amaverit.
1890 1343 2040 1392 Idem.
2638 1361 2644 1367 ·
2678 1397 2681 1400 ,

1645 1424 1707 1469 45
1746 1420 1856 1468 Non
1876 1419 2055 1484 ausim]
2094 1417 2550 1480 Pro,mnrrdebo.·
2587 1425 2656 1467 et

1581 1502 1662 1544 est
1697 1494 1906 1545 verbum
1949 1494 2102 1557 hujus
2143 1493 2391 1557 temporis
2428 1500 2653 1542 tantum.

1582 1573 1736 1622 Idem.

1648 1650 1760 1698 Νοιι
1802 1646 1978 1711 ausim]
2027 1645 2219 1697 Utrum
2254 1652 2478 1711 propter
2521 1652 2652 1695 aeta-

1581 1725 1722 1774 tem?
1756 1739 1829 1799 aq
1848 1732 2064 1787 propter
2087 1723 2302 1774 fratrem
2325 1737 2474 1772 suum
2497 1723 2659 1789 th-

1583 1800 1747 1851 driam
1776 1801 1981 1864 potius?
2019 1800 2171 1850 Idem.

1650 1878 1793 1928 Nihil
1812 1878 1904 1927 cibi
1922 1877 2201 1941 quidquam]
2232 1874 2476 1940 Παρέλιιον
2496 1887 2660 1942 quar-

1584 1960 1715 2003 tum.
1743 1959 1835 2003 aut
1855 1954 1997 2014 nihil,
2017 1968 2112 2017 pro
2136 1969 2244 2003 ιιοιι.
2287 1952 2455 2003 Idem.

1649 2028 1883 2091 Desinis]
1920 2030 2024 2079 Pro
2058 2043 2120 2077 eo
2157 2029 2295 2092 quod
2327 2035 2426 2085 est,
2458 2028 2657 2077 desine:

1585 2119 1649 2155 an
1673 2105 1826 2154 deest
1835 2105 1925 2164 sac
1941 2122 1958 2154 ε
1988 2111 2048 2156 ιιι
2066 2105 2254 2169 sit,fac
2272 2106 2476 2155 desinas.
2511 2104 2592 2154 Id.

1632 2186 1713 2232 -47
1751 2184 1858 2246 Ego
1893 2199 1967 2233 me
2007 2189 2106 2233 trtoe
2141 2185 2410 2233 commendo
2441 2188 2503 2232 et
2529 2196 2661 2231 eom·

1581 2262 1723 2312 mitto
1743 2261 1894 2327 fidei]
1926 2264 2066 2313 Satis
2106 2263 2376 2326 amatorie,
2407 2269 2465 2311 ut
2486 2270 2660 2325 appa-

1587 2349 1719 2401 reat,
1743 2353 1878 2388 nunc
1896 2340 2115 2388 maxime
2130 2347 2340 2402 captum
2361 2340 2657 2395 Cliaeream,

1587 2430 1649 2465 ac
1682 2417 2031 2480 mancipatum
2064 2416 2269 2479 virgini.
2343 2416 2658 2463 Commenda-

1584 2508 1689 2542 mus
1712 2507 1804 2542 nos
1823 2492 2047 2556 cognitis
2072 2508 2086 2542 ε
2127 2493 2481 2541 committimus
2509 2491 2662 2552 igno-

1587 2571 1674 2621 tis.
1741 2571 1884 2634 Ergo
1915 2570 2103 2631 αὔξησις
2142 2576 2222 2618 est
2244 2568 2456 2633 majoris
2475 2566 2660 2632 officii,

1587 2647 1814 2711 fideique
1835 2648 1976 2695 circa
1997 2647 2267 2698 Thaidem.
2306 2646 2490 2694 Idem.-

1653 2727 1720 2772 48
1757 2724 1823 2772 Te
1855 2724 1974 2772 mihi
2004 2728 2256 2786 patronum
2285 2722 2444 2786 capio]
2481 2722 2545 2770 Te
2568 2721 2662 2769 ad-

1580 2799 1802 2863 jectum,
1836 2800 1936 2847 vim
1960 2800 2137 2861 habet,
2165 2805 2220 2847 et
2242 2814 2308 2848 ex
2331 2801 2502 2847 animo
2535 2813 2662 2860 sup·

1591 2877 1832 2940 plicantis
1857 2876 2086 2926 habitum
2124 2876 2467 2926 adolescentis
2489 2884 2663 2925 osten·

1591 2953 1687 3002 dit.
1730 2954 1880 3003 Idem.
2640 2987 2643 2993 -

1659 3032 1939 3091 Patr-onam,
1976 3028 2081 3092 ξω]
2136 3029 2399 3092 Tanquam
2439 3043 2469 3078 e
2505 3042 2663 3078 servo

1593 3113 1685 3156 tuo
1701 3106 1811 3169 jam
1837 3105 2074 3156 libertus.
2112 3105 2421 3173 Farnuln‘us.⁸

1655 3186 1722 3231 49
1756 3182 1998 3244 Emort'ar,
2048 3182 2094 3232 si
2142 3196 2235 3230 noa
2286 3182 2408 3230 Ιιαιιο
2461 3196 2663 3231 uxorem

1592 3258 1796 3321 duxero]
1822 3259 1953 3307 Vide
1971 3258 2271 3308 Amatorem
2297 3258 2662 3307 adolescentu-

1592 3335 1720 3398 lum,
1743 3335 1823 3384 cui
1848 3335 2029 3398 inipso
2045 3333 2174 3384 flore
2191 3334 2317 3382 nihil
2329 3333 2525 3383 dulcius
2550 3333 2665 3383 vita

1594 3423 1693 3476 est,
1717 3413 1880 3476 ipsam
1905 3411 2197 3476 despicere,
2217 3411 2262 3460 si
2282 3410 2377 3460 sibi
2403 3404 2532 3460 uxor
2556 3423 2662 3459 nou

1596 3488 1768 3538 datur.
1804 3487 2045 3536 Donatus.
2117 3504 2121 3509 ’

1663 3564 1906 3625 Emoriar,
1929 3563 2038 3627 ξω]
2075 3564 2158 3612 Ne
2189 3563 2375 3612 vivam.
2411 3561 2624 3612 Famb.

1657 3645 1722 3690 50
1751 3642 1924 3690 Tamen
1939 3640 1986 3689 si
1999 3642 2156 3704 pater]
2164 3638 2427 3710 Ελλειψις,
2442 3638 2665 3689 antistro-

1594 3714 1821 3775 σιώπησις
1843 3715 2092 3773 secunda.
2128 3716 2366 3765 Donatus.

1662 3794 1822 3850 Quid.
1808 3790 1834 3828 ‘²
1869 3793 1934 3842 αΙι
1975 3793 2114 3848 volet,
2155 3797 2283 3842 certo
2314 3791 2438 3855 scio]
2484 3792 2614 3848 Quid
2634 3789 2663 3841 2

1595 3870 1744 3920 deest
1767 3870 1912 3918 dicat.
1946 3869 2038 3920 sed
2073 3870 2174 3918 ista
2194 3869 2367 3919 omnia
2388 3868 2459 3919 ad
2473 3867 2665 3918 confir-

1595 3949 1873 3997 mationem
1900 3948 2090 3996 valent.
2127 3946 2280 3995 Idem.

1661 4025 1770 4075 ΤΗ.
1810 4025 1987 4074 Tamen
2027 4023 2072 4073 si
2107 4029 2262 4086 pater.
2330 4024 2434 4073 Cn.
2487 4019 2665 4079 Quid?

1594 4101 1658 4150 αΙι
1675 4101 1818 4163 volet,
1831 4106 1960 4150 certo
1974 4097 2097 4162 seio]
2114 4101 2189 4151 Ut
2208 4100 2439 4149 senarius
2459 4108 2687 4149 susten„

1596 4184 1758 4243 tetur,
1777 4177 1915 4228 elide
1938 4190 1983 4240 r,
2017 4191 2083 4226 ex
2109 4181 2269 4242 peter,
2307 4177 2391 4225 vel
2413 4190 2470 4238 n,
2492 4191 2558 4226 ex
2584 4181 2661 4273 ιιι-

1593 4268 1713 4312 mea.
1750 4252 2001 4307 Faernus.
