3035 4941
545 378 907 429 Tssaaurn
958 378 1587 430 nesurowrmou.
1633 381 1800 431 scr.
1851 382 1917 430 v.
1964 382 2071 436 so.
2121 384 2168 431 ι.
2273 370 2445 438 1375

277 523 582 589 ἄργυρόματα.
653 526 947 576 Menander
982 526 1120 592 apud
1160 526 1315 577 Athe·

274 614 445 655 πωπω,
467 601 501 649 l.
522 604 606 650 ‘vn
642 600 787 650 Idem.

1386 532 1485 575 tet.
1528 525 1854 588 Engmpkius:
1896 547 1899 552 ·
1931 549 1936 552 ·
1961 549 1964 550 ⁷
2063 533 2078 540 '
2431 549 2440 560 ·

1451 603 1546 652 Sed
1567 604 1648 652 ille
1668 610 1775 653 tuus
1796 620 1973 669 quoque
2006 604 2158 668 Syrus
2184 606 2309 656 idem
2330 607 2450 658 mire

282 709 288 712 -
333 661 387 725 21
410 677 541 740 Quid
560 678 704 741 nom]
726 677 918 727 Melius
945 684 999 727 et
1023 676 1312 742 significans
1371 679 1726 745 ,ᾔτει-ἱεμένω]
1758 681 1913 729 Liber
1929 681 2230 745 Bembinus‚
2247 690 2302 732 et
2325 684 2450 734 Vie-

277 752 369 801 tins
382 752 676 803 distinxeris
692 770 703 803 :
721 755 866 817 quid?
883 754 1010 807 non?
1031 755 1314 806 Boecierus.

334 832 392 877 24
423 828 519 878 Sed
555 831 602 878 ta
641 831 804 885 utitor.
826 831 908 895 qui
932 833 1030 881 dia
1061 838 1158 881 tam
1177 832 1317 895 plane

269 903 413 967 scias]
451 904 586 955 Vide
631 905 917 971 Guyetum.
978 909 1315 959 Menedemus

273 973 469 1045 propius
491 983 698 1032 accedit
724 982 788 1032 ad
823 999 1048 1034 errorem
1075 986 1315 1035 Chreme·

273 1058 488 1123 tis',>ipsi
526 1060 667 1109 velut
704 1061 757 1109 iu
794 1062 1008 1125 speculo
1039 1062 1314 1111 ostenden·

274 1133 405 1196 dum,
442 1134 616 1186 facete
661 1142 718 1185 et
769 1136 964 1187 urbane
1023 1138 1316 1187 assimulata

270 1210 590 1274 simplicitate
657 1214 1003 1264 narrationem
1084 1227 1318 1276 exorsus,

272 1288 408 1352 cujus
442 1289 647 1354 singula
676 1291 909 1341 membra
946 1292 1009 1341 ad
1045 1292 1318 1342 conficien-

273 1364 382 1418 dum
404 1366 477 1430 id,
499 1368 636 1440 quod
672 1368 944 1433 agebatur,
978 1370 1149 1420 valida
1179 1375 1319 1419 suut·

330 1520 423 1571 Sed
455 1526 502 1571 te
538 1524 710 1587 mimr,
729 1524 828 1588 qui,
846 1523 961 1588 Bra]
989 1525 1159 1575 Miror
1192 1525 1318 1575 iute·

274 1597 550 1664 rita-temni
569 1602 810 1665 Lynceus
832 1603 962 1651 alter
986 1610 1088 1650 tam
1110 1608 1317 1652 acutum

270 1676 420 1723 cernis
457 1677 629 1727 aliena
665 1692 870 1741 arcana,
894 1685 960 1728 >ut
995 1679 1129 1728 scias
1165 1693 1317 1743 quam

272 1748 353 1800 filii
375 1753 473 1802 mei
496 1754 699 1804 vultum
718 1753 930 1804 finxerit
959 1756 1143 1819 Syrus,
1165 1757 1216 1803 in
1239 1769 1317 1804 re-

274 1824 357 1875 bus
379 1830 596 1893 propriis
632 1830 686 1880 in
714 1837 921 1882 tantum
955 1846 1070 1882 esse
1106 1833 1318 1896 talpam,

273 1909 325 1952 at
357 1919 454 1955 non
482 1907 668 1958 videas
701 1908 920 1958 eundem
953 1910 1139 1974 Syrum
1174 1916 1319 1958 tuum

274 1996 461 2049 quoque
498 1986 666 2037 filium
698 1994 805 2036 tam
836 1987 966 2037 mire
990 1987 1223 2051 finxisse,
1258 1993 1321 2036 ut

273 2060 357 2111 tibi
387 2064 705 2127 glaucomam
746 2065 811 2114 ob
835 2065 1012 2115 oculos
1045 2065 1321 2130 objiceret,

274 2151 332 2189 ne
360 2138 622 2191 discernas
655 2142 970 2191 Bacchidem
1004 2143 1131 2191 hanc
1166 2142 1321 2192 simu·
1344 2151 1357 2159 ‘

275 2213 361 2264 lari
381 2217 591 2268 amicam
620 2218 822 2279 cliniae,
853 2233 968 2268 esse
1009 2232 1190 2268 revera
1214 2218 1320 2268 clia

275 2290 499 2355 tiphonis.
532 2293 825 2344 Furnabius.

282 2383 289 2390 ’
331 2371 390 2418 25
420 2369 517 2419 Sed
551 2372 640 2420 ille
679 2375 811 2421 tuum
847 2371 1045 2436 quoque]
1083 2371 1187 2422 Hic
1208 2372 1318 2437 jain

277 2447 548 2511 prorumpit
580 2447 639 2496 in
673 2437 1036 2498 narrationem.
1103 2448 1221 2512 Ille,
1247 2450 1321 2499 in·

276 2523 395 2585 quit,
425 2524 586 2588 Syrus
626 2525 754 2574 mire
788 2532 933 2574 tuum
954 2524 1104 2575 finxit
1142 2524 1321 2582 filium,

279 2605 328 2647 ut
347 2601 552 2651 amicam
576 2601 695 2665 ejus
726 2608 782 2652 tu
812 2603 1126 2651 Bacchidem
1161 2602 1324 2667 suspi-

276 2676 374 2727 cari
393 2693 489 2728 non
514 2679 704 2744 possis.
740 2678 872 2728 Haec
891 2688 1198 2743 argumenta
1219 2680 1324 2729 col-

279 2750 383 2817 ligit
404 2770 433 2804 a
450 2754 629 2807 factis.
695 2755 857 2805 Mitto
870 2756 983 2820 jam
1004 2756 1325 2815 oseulari‚et

282 2832 562 2896 amplexari.
633 2832 843 2883 Deinde
876 2838 916 2882 a·
943 2835 1078 2895 loco,
1100 2833 1236 2897 quod
1270 2832 1324 2881 in

279 2909 458 2960 ultimis
493 2909 695 2960 aedibus
726 2918 872 2961 retro
904 2910 1155 2960 conclave
1190 2912 1324 2974 posi·

281 2991 378 3034 tam
399 2988 483 3051 sit,
504 3002 610 3052 quo
634 2987 709 3036 eis
732 2987 1012 3036 introlatus
1041 2994 1121 3036 est
1142 2987 1324 3039 lectus.

281 3060 460 3128 Utique
501 3064 748 3114 discessio
787 3064 914 3127 brec,
957 3065 1104 3127 louge
1140 3079 1170 3112 a
1206 3078 1327 3114 cou-

283 3149 452 3202 spectu
473 3143 752 3192 multorum
770 3141 961 3206 posita,
979 3141 1098 3191 ideo
1120 3149 1328 3205 sumpta

284 3218 606 3281 conspicitur,
622 3226 681 3268 ut
700 3219 861 3282 magis
879 3216 1082 3268 facinus
1101 3212 1328 3267 coelaret.

284 3291 476 3344 Deinde
500 3295 640 3362 quod
668 3295 887 3360 ingressi
914 3303 1033 3345 sunt
1065 3295 1200 3345 solus
1224 3295 1327 3344 Cli-

284 3369 417 3433 tipho
439 3379 493 3422 et
525 3374 638 3424 sola
668 3373 909 3423 Bacchis.
973 3372 1106 3422 Hoec
1130 3372 1331 3432 diceus,

284 3456 312 3492 a
339 3447 748 3508 praecedentibus
777 3454 1184 3512 argumentatur,
1204 3448 1328 3512 qnid

285 3533 605 3576 consecutum
642 3524 731 3588 sit,
766 3526 968 3576 seilicet
1006 3527 1330 3577 concubitus.

286 3597 426 3650 Unde
449 3603 567 3668 quia
590 3618 701 3654 rem
728 3605 1155 3668 conjecturaliter
1177 3608 1331 3656 colle-

289 3683 445 3742 gerat,
483 3680 648 3742 addit,
687 3680 703 3708 ‘
727 3681 997 3745 Operuere
1036 3683 1243 3744 ostium,
1276 3691 1332 3733 et

290 3751 446 3805 Clinia
463 3757 575 3808 haec
591 3756 705 3808 fieri
727 3758 977 3809 videbat!
1032 3760 1171 3810 Fieri
1196 3761 1331 3810 euim

290 3840 384 3878 aon
415 3839 609 3898 potest,
638 3841 699 3883 ut
730 3834 772 3883 si
803 3834 968 3884 amica
989 3835 1168 3887 Cliniae
1193 3843 1334 3886 esset

291 3910 545 3973 meretrix,
582 3911 695 3974 ipso
730 3920 988 3974 praeseute
1023 3927 1137 3963 cum
1171 3915 1334 3964 altero

291 3983 610 4038 adolescente
647 3990 1062 4040 concluderetur.
1128 3992 1247 4045 Qua
1280 4006 1336 4041 re

294 4062 517 4127 probata,
535 4065 784 4115 Chremes
809 4066 1144 4117 vehementer
1167 4069 1338 4118 excla-

296 4144 414 4202 mat,
447 4152 641 4191 memor
684 4152 844 4192 coenae
900 4141 1055 4200 datae,
1098 4150 1114 4173 ⁸
1139 4146 1339 4194 Decem

295 4211 482 4267 dierum
505 4218 592 4267 vix
613 4217 736 4268 mihi
758 4226 837 4269 est
860 4217 1096 4269 familia!
1164 4220 1240 4271 Ut
1264 4221 1340 4270 di-

297 4295 546 4356 cat,-haud
568 4309 680 4347 csse
711 4296 849 4350 unde
873 4295 1118 4347 familiam
1143 4304 1342 4348 susten-

1389 757 1635 811 torianus,
1669 758 1752 804 sed
1787 757 1868 806 ille
1898 762 2064 820 ntum,
2087 766 2147 809 ut
2180 759 2267 822 sit,
2302 767 2448 809 tuum

1386 830 1566 881 filium.
1602 832 1834 881 Faernus.
2433 871 2440 880 ,

1450 911 1533 956 25.
1553 909 1619 956 26
1651 907 1827 957 Itonia
1846 915 1927 958 est
1947 908 2071 959 satis
2098 910 2274 974 lepida
2292 911 2348 961 iu
2370 912 2449 962 his

1387 982 1586 1033 duobus
1639 984 1891 1047 versibus,
1935 1000 2089 1051 quam
2141 989 2355 1052 agnovit
2393 996 2451 1040 et

1388 1060 1640 1123 explicat,
1682 1053 1797 1110 cum
1842 1061 2201 1126 sequentibus,
2250 1065 2448 1129 Eug‘ra·

1388 1138 1554 1200 phius.
1584 1139 1599 1166 ⁴
1627 1137 1701 1186 Ut
1722 1152 1789 1187 ne
1812 1139 2076 1201 paululum
2101 1140 2310 1204 quidem
2330 1141 2452 1192 sub·'

1387 1214 1547 1276 oleat,
1565 1212 1581 1236 '
1604 1214 1934 1280 sc.cuiquam
1950 1216 2157 1266 homini.
2192 1218 2454 1270 Boeclerus.

1462 1293 1533 1341 Ue
1552 1308 1611 1342 ne
1627 1293 1869 1356 patenum
1884 1293 2073 1356 quidem
2085 1293 2318 1357 subolcat]
2341 1295 2455 1345 Hu-

1381 1367 1470 1432 jus
1488 1382 1662 1418 versus
1681 1368 1944 1418 secundus
1964 1383 2058 1433 pes
2080 1376 2164 1420 est
2180 1372 2456 1436 trocliaeus,

1391 1445 1579 1494 tertius
1601 1451 1915 1509 suapaestus,
1944 1446 2072 1495 eliso
2098 1459 2149 1496 m
2187 1461 2254 1496 ex
2281 1448 2454 1512 paula·

1389 1521 1502 1584 lani,
1546 1521 1780 1587 quamvis
1820 1528 2074 1587 sequente
2117 1530 2457 1576 consonante.

1393 1597 1628 1648 Faernus.
2439 1625 2444 1630 ,

1452 1683 1516 1728 2⁷
1553 1679 1975 1744 Mittojam‚&c.]
2021 1679 2228 1731 Omitto
2261 1682 2460 1744 oscula,

1392 1756 1679 1818 amplexus,
1697 1770 1877 1805 manas
1898 1757 2116 1807 salaces.
2157 1756 2319 1806 Levia
2336 1765 2459 1807 sunt

1393 1832 1500 1894 illa,
1523 1842 1693 1897 praeut
1713 1833 1851 1898 quod
1863 1833 1976 1897 jam
2000 1834 2200 1883 audies.
2240 1834 2455 1884 Farnnb.

1407 1923 1412 1930 ⁴
1456 1913 1523 1959 28
1563 1909 1693 1973 Vah]
1747 1909 1867 1959 Sive
1922 1908 2123 1973 Guyeti
2163 1909 2459 1959 distinetio-

1392 2001 1510 2036 nem
1532 1986 1615 2036 liic
1639 1986 1887 2050 accipias,
1908 1986 2018 2034 sive
2047 1984 2309 2047 vulgarem
2331 1985 2458 2035 reti*

1392 2080 1538 2127 neas,
1564 2064 1625 2115 τὸ
1659 2066 1751 2115 vala
1778 2065 1886 2114 risu
1912 2064 2218 2114 Menedemi
2257 2065 2457 2115 attolli·⁵

1394 2151 1494 2193 tur.
1542 2143 1662 2191 Sive
1692 2141 1830 2206 apud
1854 2141 1984 2191 hanc
2009 2140 2460 2205 particularum-aa

1394 2220 1467 2269 tio
1489 2218 1788 2269 Menedemi
1810 2217 1919 2267 risu
1945 2216 2293 2269 interciditur.
2344 2218 2462 2267 13oe-

1391 2296 1567 2347 clerrw.
2441 2309 2452 2340 1

1462 2374 1556 2421 Est
1569 2372 1689 2421 mihi
1709 2370 1762 2421 in
1783 2370 1969 2420 ultimis
1988 2372 2205 2420 conclave
2224 2370 2340 2434 σὼ]
2366 2369 2461 2420 Se·

1396 2448 1526 2499 riam
1570 2448 1797 2513 speciem
1840 2447 2149 2498 narrationis
2189 2447 2338 2498 initio
2373 2447 2461 2497 ac‘s

1397 2525 1779 2576 commodavit:
1814 2540 1932 2589 quoe
1968 2525 2186 2575 subinde
2220 2527 2465 2586 διαλογισ-

1396 2605 1502 2663 μοῖς
1522 2601 1794 2666 figuratur,
1815 2597 2016 2650 πάθεσιν
2036 2602 2348 2665 adaugetur,
2369 2601 2459 2650 ab*

1400 2680 1660 2729 solutione
1685 2678 1968 2743 perficitur.
2025 2679 2295 2741 singulare
2318 2690 2464 2742 pror·

1399 2773 1484 2808 sus
1519 2758 1617 2808 lioc
1650 2757 1944 2821 exemplum
1976 2756 2174 2806 dixeris
2210 2756 2463 2806 narratio·

1401 2836 1479 2885 nis
1502 2835 1736 2897 comicae,
1757 2849 1873 2899 quae
1899 2848 2006 2883 rem
2023 2834 2195 2882 statim
2221 2840 2276 2882 et
2297 2838 2468 2887 totam

1401 2921 1647 2963 accurata
1670 2912 2105 2960 demonstratione
2123 2909 2350 2960 conficit.
2386 2910 2464 2959 Id.

1466 2994 1533 3039 80
1565 2989 1681 3038 Huc
1697 2994 1766 3038 est
1787 2988 1916 3037 intro
1934 2988 2062 3035 latas
2081 2985 2250 3048 lectus]
2276 2984 2465 3035 Exem⁴

1403 3067 1519 3118 tiles
1542 3066 1662 3116 olim
1695 3066 1861 3115 lectos
1889 3072 1947 3114 et
1980 3063 2251 3129 portatiles
2274 3062 2465 3112 habere

1401 3146 1558 3193 moris
1589 3150 1724 3205 erat,
1757 3156 1884 3207 quos
1918 3141 2038 3190 hinc
2068 3140 2188 3190 iude
2219 3138 2465 3202 deporta·-

1401 3222 1546 3272 bant.
1581 3222 1737 3271 Hom.
1762 3220 1951 3285 Odyss.
1966 3232 2133 3269 xxm.
2155 3217 2294 3268 'm’
2311 3216 2403 3279 ἄγε
2418 3216 2467 3266 οἱ

1403 3296 1633 3363 στόρεσον
1650 3297 1841 3347 πυκινὸν
1861 3295 2009 3360 λέχος
2030 3295 2182 3354 ἐκτὸς,
2203 3298 2302 3346 &c.
2339 3295 2466 3344 Fors

1404 3375 1591 3426 nabin-3.
1749 3406 1750 3409 =

1470 3457 1534 3502 31
1570 3452 1771 3503 Dictum
1779 3451 1992 3514 factum]
2024 3448 2187 3511 Ῥηθὲν
2208 3449 2285 3499 καὶ
2308 3454 2492 3514 πραχό“

1407 3527 1500 3578 otu.
1552 3528 1721 3591 Supra
1741 3534 1845 3592 act.
1870 3541 1949 3578 nr.
1975 3543 2048 3577 sc.
2066 3533 2119 3578 4.
2153 3528 2307 3578 Idem.

1472 3609 1536 3654 35
1584 3605 1705 3656 Filii
1747 3610 1819 3655 est
1861 3606 2015 3656 «runica
2059 3605 2266 3656 Bacchis
2304 3606 2472 3656 Μεπεὸ

1404 3683 1535 3732 deme
1551 3681 1576 3733 l
1597 3682 1769 3746 occidi]
1800 3683 2031 3733 Tandem
2054 3697 2180 3747 ergo
2203 3681 2476 3744 Chremes,

1408 3759 1572 3808 veluti
1595 3773 1768 3808 somno
1784 3774 2053 3823 excussus,
2076 3773 2134 3810 se
2157 3767 2211 3809 et
2227 3758 2392 3808 filium
2414 3764 2471 3808 et

1411 3850 1556 3885 suam
1581 3834 1840 3886 fortunam
1874 3836 2282 3900 sapientiamque
2317 3848 2473 3897 agno·

1413 3912 1532 3962 scit.
1562 3913 1800 3975 Ἐμπαθῶς
1812 3913 1932 3977 haed
1938 3910 2318 3979 pronuntianda
2335 3916 2476 3959 sunt‘.

1415 3991 1677 4047 Boeclerus.

1480 4073 1549 4119 36
1577 4067 1926 4125 Quamobrem?
1946 4073 2003 4116 et
2036 4070 2118 4116 3⁷.
2156 4064 2318 4121 Quid?
2344 4063 2478 4117 istac
2581 4070 2591 4083 ⁴

1416 4146 1555 4197 times
1591 4148 1712 4211 qaod
1747 4147 1829 4195 ille
1865 4158 2049 4208 operum
2084 4144 2231 4191 antico
2264 4143 2347 4189 dat
2365 4137 2476 4201 suo]

1419 4222 1775 4286 Ignorantiam
1820 4222 1913 4282 rei,
1957 4232 2112 4283 quam
2157 4225 2261 4265 tam
2301 4215 2472 4276 desig-

1422 4306 1543 4348 nate
1585 4299 1914 4373 depinxerat,
1951 4293 2240 4346 assimulat:
2271 4291 2384 4356 πρὸς
2413 4288 2479 4339 τὺ
