3035 4941
810 371 1175 422 TERssnTu
1221 375 1459 427 Anna.
1504 379 1672 428 Ac'r.
1720 380 1768 429 Ι.
1813 381 1920 432 SC.
1970 385 2019 432 1.

319 512 417 565 doe
451 511 527 565 ad.
558 520 820 579 qnoestum
861 518 1212 573 meretricium
1253 524 1374 571 σαὶ·-

319 607 462 656 grua.
495 593 649 643 Idem.
898 634 903 637 -
1078 621 1086 625 ·

379 659 545 707 AEtate
564 658 783 723 integra]
813 661 877 710 In
899 661 1013 726 ipso
1036 663 1209 715 aetatis
1231 662 1374 719 flore.

318 735 599 785 Parnasius.

378 815 443 860 46
467 811 570 860 Hei
590 826 771 876 vereor,
793 828 853 863 ne
870 815 982 877 quid
998 815 1188 866 Andria
1206 819 1374 881 adpor-

317 892 382 937 tet
402 889 544 952 mali]
579 888 801 939 Andria:
824 892 952 940 mire
971 908 987 941 ς
1017 893 1214 943 audivit
1238 896 1373 944 enim

316 963 603 1013 excessisse
652 979 720 1015 ex
763 967 978 1030 ephebis
1028 969 1374 1034 Pamphilum,

315 1040 618 1104 iustamque
656 1042 971 1094 mentionem
1012 1047 1240 1097 mulieris
1283 1063 1374 1111 pe·

314 1117 553 1179 regrinae‚
587 1115 985 1171 adolescentulae
1007 1124 1251 1187 pulchrae.
1276 1126 1376 1175 Do-

309 1198 468 1245 natus.

373 1271 455 1319 Ne
501 1271 617 1334 quid
675 1271 891 1339 Andria]
948 1276 1252 1342 Eleganter,
1307 1295 1374 1331 ex

311 1348 509 1399 Andro.
575 1351 780 1410 Andria,
822 1369 1006 1404 nomen
1048 1358 1279 1408 ostendit
1317 1366 1376 1409 et

310 1427 538 1478 mulieris
557 1434 618 1477 et
644 1427 852 1478 fabulae.
916 1432 987 1480 Et
1010 1431 1160 1496 bene,
1190 1435 1373 1500 Δαμον-

313 1509 407 1553 tet:
445 1504 569 1568 quia
589 1509 780 1566 portare
801 1506 990 1569 ignotis
1013 1515 1109 1558 est.
1146 1509 1296 1561 Idem.

374 1586 438 1631 47
470 1582 685 1632 Primum
708 1585 830 1648 hoec]
858 1584 1133 1650 Defendit,
1157 1594 1215 1637 ut
1238 1588 1372 1638 dixi-

315 1673 448 1723 mum,
510 1660 669 1709 vitam
712 1661 995 1725 Chrysidis,
1041 1671 1099 1713 nt
1139 1668 1374 1728 potuerit

310 1737 451 1800 apud
488 1753 605 1787 eam
643 1746 788 1789 recte
810 1748 1010 1792 morata
1037 1757 1151 1793 esse
1185 1745 1371 1809 Glyce-

315 1816 462 1878 rium,
503 1832 621 1881 quae
675 1832 741 1867 ex
785 1828 1088 1884 argumento
1133 1830 1372 1876 matrona

312 1894 429 1944 erit.
467 1894 620 1945 Idem.

257 1962 262 1968 ’
373 1969 598 2021 Pronum
621 1970 720 2020 Iiaeo
748 1971 940 2038 pudice]
976 1974 1121 2025 Bene
1142 1975 1244 2026 Iiaee
1265 1977 1374 2042 qui-

309 2045 450 2107 dem,
470 2047 524 2096 id
546 2059 647 2109 est,
666 2049 752 2098 illa
767 2065 881 2114 quae
899 2059 1084 2102 coacta
1099 2060 1198 2104 est.
1221 2055 1373 2107 Idem.

370 2123 607 2189 Duri-ter]
644 2125 842 2175 Contra
862 2127 1115 2178 rationem
1148 2131 1371 2193 regulae:

307 2198 491 2249 debuit
513 2203 653 2251 enim
674 2201 849 2252 dicere
867 2206 1005 2268 dure,
1039 2207 1104 2256 ab
1141 2221 1203 2257 eo
1236 2208 1373 2272 quod

224 2314 229 2319 .
307 2281 389 2324 est
405 2276 574 2327 durus.
641 2279 711 2326 Et
733 2286 904 2328 tamen
940 2288 1021 2331 est
1058 2280 1372 2335 differentia.

308 2353 403 2402 Est
424 2355 569 2403 enim
590 2355 793 2412 duriter,
827 2357 937 2407 sine
966 2372 1121 2408 sensu
1141 2360 1335 2410 laboris
1350 2377 1368 2411 ι

307 2431 422 2480 dure
460 2437 657 2495 autem,
697 2432 1009 2484 crudeliter:
1041 2434 1188 2499 illud,
1212 2436 1274 2502 ad
1299 2438 1372 2487 la·

311 2506 489 2557 borem
510 2524 525 2557 z
579 2508 700 2572 hoc,
744 2510 809 2559 ad
856 2512 1107 2562 saevitiam
1153 2514 1369 2574 relatum

311 2592 412 2635 est.
480 2584 588 2635 Sed
610 2588 727 2635 dure
748 2587 800 2635 in
825 2589 1075 2638 alterum:
1109 2590 1297 2639 duriter
1318 2591 1371 2640 in

311 2674 401 2709 nos
424 2661 626 2725 aliquid
649 2660 881 2713 facimus.
914 2663 1062 2715 Idem.

371 2742 438 2787 48
463 2739 606 2788 Iano
626 2754 682 2788 ac
702 2742 827 2805 tela]
857 2742 1228 2810 Subdistingue
1249 2747 1374 2799 tela.-

313 2812 429 2863 finis
454 2814 595 2864 enim
617 2824 698 2865 est
718 2817 929 2870 laboris.
960 2820 1112 2872 Idem.

379 2890 574 2940 Victum
631 2893 910 2959 quaeritans]
968 2896 1045 2945 Ut
1102 2896 1373 2961 Virgilius,

311 2968 329 2995 ‘
355 2968 487 3018 Cum
511 2968 720 3030 foemina
748 2972 985 3037 primum,
1021 2976 1115 3025 Cui
1149 2978 1373 3028 tolerare

308 3046 426 3095 colo
451 3046 635 3108 vitam,
658 3049 902 3113 tenuique
928 3051 1185 3118 Minerva,
1207 3055 1372 3119 Impo-

308 3122 468 3172 situm
508 3124 745 3175 cinerem
805 3134 863 3175 et
915 3128 1111 3192 sopitos
1154 3133 1375 3181 suscitat

308 3198 492 3261 ignes!
557 3200 765 3262 Deinde
788 3200 943 3253 finem
966 3205 1155 3256 laboris
1179 3207 1372 3272 intulit,

308 3288 411 3324 nou
423 3275 616 3339 cibum,
629 3278 718 3327 sed
735 3278 945 3331 victum.
968 3281 1115 3332 Cibus
1124 3283 1260 3333 enim
1277 3291 1375 3347 est,

310 3352 400 3415 qui
420 3352 582 3402 etiam
601 3353 841 3406 delicatis
857 3358 1141 3422 praebetur.
1193 3359 1373 3417 Victus,

308 3430 361 3490 in
386 3431 563 3493 parvis
578 3432 840 3499 aridisque
871 3436 1124 3487 alimoniis
1148 3444 1231 3488 est
1252 3452 1373 3492 con·-

310 3505 544 3563 stitntus.
613 3508 765 3559 Unde
807 3511 1077 3575 Virgilius,
1120 3514 1135 3541 ‘
1162 3513 1374 3564 Victiun

308 3581 590 3646 infelicem,
626 3584 812 3636 ‚baccas
833 3587 1173 3653 lapidosaque
1197 3603 1374 3653 corna,

311 3658 455 3710 Dant
478 3660 645 3709 rami:
662 3662 748 3722 ,Et
767 3670 881 3727 post
900 3671 1099 3714 tantum
1122 3667 1373 3731 laborem,

306 3738 507 3800 vietum,
531 3753 633 3788 non
652 3740 824 3791 cibum
846 3742 1007 3793 dixit:
1033 3750 1091 3794 ut
1110 3745 1374 3810 Virgilius,

308 3815 324 3840 ‘
348 3812 427 3863 Aa
464 3816 673 3877 patiens
714 3831 949 3881 operum,
987 3835 1247 3885 parvoque
1293 3837 1373 3871 as-

310 3897 456 3940 sueta
469 3891 762 3952 juventus)
814 3896 883 3944 Et
907 3910 1008 3944 non
1027 3912 1260 3960 quaerens,
1281 3898 1372 3947 sed

308 3968 587 4031 quaeritans,
606 3969 756 4020 dixit.
809 3972 999 4028 Quoerit
1015 3974 1170 4036 enim,
1195 3975 1281 4038 qui
1307 3974 1372 4023 ad

308 4044 519 4109 plenum
543 4052 601 4095 et
624 4053 932 4112 perpetuum
957 4049 1195 4113 reponit:
1234 4051 1374 4107 Qua·-

311 4120 450 4183 ritae,
502 4122 593 4185 qui
645 4124 735 4172 vix
773 4125 1004 4189 quotidie
1066 4127 1375 4191 inquirendo

312 4197 507 4247 victum
531 4201 754 4251 invenit.
788 4202 940 4252 Idem.

373 4274 591 4331 Louna
622 4278 718 4327 tela
739 4278 937 4343 vietum]
969 4279 1284 4342 Artificiose,
1315 4287 1377 4331 ut

313 4352 552 4410 videatur
609 4356 801 4421 pudice
855 4358 993 4424 apud
1036 4373 1152 4432 eain
1195 4357 1374 4417 futura

2338 370 2512 441 1048

1451 522 1836 576 materfamilias
1880 526 2094 578 educari
2139 541 2310 593 posse,
2356 545 2511 596 quam

1450 603 1777 652 meretricem
1799 605 2085 655 necessitas
2111 604 2256 657 fecit.
2296 609 2445 657 Idem.

1514 683 1581 729 49
1599 679 1696 729 Sed
1710 686 1955 745 postquam
1970 682 2158 745 amans]
2176 681 2397 733 Amator
2414 682 2509 743 fln—

1450 769 1575 819 gere
1598 764 1786 819 potest.
1845 756 2039 808 Amans
2063 773 2183 808 vere
2203 766 2361 811 amat.
2397 760 2475 811 Id.

1514 839 1580 883 50
1621 836 1756 884 Unus
1788 840 1835 885 et
1863 836 1977 885 item
1999 836 2146 900 ulter]
2181 835 2312 887 Post
2352 852 2510 889 unum

1449 909 1575 970 duo,
1606 925 1673 959 ex
1711 911 1917 974 quibus,
1951 912 2104 975 alter,
2135 920 2193 962 ut
2225 913 2332 964 sint
2367 921 2511 977 tren

1449 986 1619 1052 inquit
1638 989 1775 1037 enim
1800 995 1939 1051 post,
1966 990 1982 1017 ⁴
2010 990 2142 1039 Nam
2180 990 2233 1039 hi
2259 998 2365 1041 tres
2396 996 2510 1041 tum

1451 1062 1611 1112 simul
1631 1063 1919 1114 amabantz'
1946 1071 2021 1126 ut,
2049 1065 2067 1093 ‘
2086 1065 2237 1116 Alter
2259 1067 2326 1116 ab
2349 1067 2509 1117 unde-

1451 1140 1620 1190 cimo.’
1686 1143 1826 1205 Ergo
1846 1143 1990 1206 alter,
2012 1158 2114 1194 non
2136 1151 2219 1195 est
2236 1146 2511 1211 secundus,

1449 1218 1543 1267 sed
1568 1220 1769 1269 tertius.
1802 1220 1955 1272 Idm.

1517 1295 1655 1344 Usus
1672 1300 1724 1345 et
1750 1296 1867 1345 item
1899 1298 2047 1361 ouer]
2083 1298 2144 1347 Id
2160 1304 2271 1363 est,
2301 1300 2507 1364 plures:

1449 1378 1682 1433 quaestus
1712 1374 1822 1437 jam
1854 1374 2182 1425 meretricius
2216 1375 2385 1427 factus
2407 1384 2508 1428 est.

1521 1525 1590 1573 Ut
1625 1525 1868 1588 ingenium
1898 1531 1970 1577 est
2007 1528 2213 1578 omnium
2242 1529 2508 1593 boatium]

1447 1599 1567 1653 Alia
1587 1600 1826 1655 ⁴defensio
1847 1604 2143 1668 Chrysidis:
2171 1613 2229 1655 ut
2245 1621 2361 1670 qum
2387 1612 2512 1661 anta

1445 1676 1651 1729 fecerat
1672 1679 1832 1741 ipsius
1853 1679 1993 1729 sint:
2029 1695 2144 1744 quoe
2170 1689 2353 1744 postea
2388 1696 2511 1745 pee-

1448 1753 1669 1817 caverit‚
1694 1763 1893 1805 naturae
1923 1755 2184 1806 hominum
2219 1757 2513 1811 adscriban-

1446 1836 1549 1880 tur.
1584 1832 1731 1882 Idem.

1510 1912 1577 1956 51
1615 1908 1851 1972 Rroolioe]
1885 1909 2108 1958 Proclive
2136 1916 2219 1959 est
2254 1924 2408 1974 porro
2433 1910 2511 1960 in·

1448 1984 1717 2048 clinatnm,
1739 1985 1821 2033 vel
1842 1998 2060 2048 pronum
2081 1986 2509 2053 inclinatamque.

1442 2060 1604 2117 Mem.

1514 2140 1579 2186 52
1610 2136 1808 2200 Accepit
1843 2138 2181 2203 conditionem]
2231 2139 2361 2190 Cum
2403 2153 2510 2195 nno

1449 2219 1681 2277 quaestns
1709 2228 1810 2264 non
1835 2221 1944 2263 est:
1969 2228 2086 2263 cum
2098 2215 2263 2265 altero
2281 2229 2383 2265 non
2397 2222 2507 2265 est:

1447 2305 1565 2342 cum
1587 2292 1758 2341 multis
1782 2290 1858 2345 fit.
1890 2292 2041 2343 Idem.

1513 2369 1865 2433 Condicionem]
1923 2369 2147 2420 Conditt‘o
2182 2378 2269 2421 est
2313 2370 2509 2435 pactio,

1447 2452 1647 2495 certam
1671 2446 1835 2510 legem
1870 2446 1925 2496 in
1958 2460 2015 2497 se
2038 2448 2328 2499 continens.
2360 2448 2510 2500 Idem.

1515 2523 1758 2577 Quaestum
1779 2524 1973 2588 occipit]
2007 2526 2025 2554 ‘
2051 2527 2319 2577 Quaestum
2343 2526 2512 2590 indig-

1445 2611 1567 2646 uum
1590 2596 1717 2648 facit
1738 2600 1996 2662 corpore!
2047 2600 2226 2652 Plaut.
2247 2603 2304 2658 in
2319 2602 2510 2652 Poenu-

1445 2675 1496 2724 lo
1520 2683 1626 2725 act.
1648 2689 1711 2726 ιι.
1732 2690 1803 2726 sc.
1824 2679 1873 2726 3.
1912 2677 2196 2729 Famabim.

1510 2757 1576 2802 54
1610 2753 1909 2817 Perduxere]
1946 2753 2175 2803 Invitum
2211 2754 2312 2804 isse
2355 2755 2511 2808 Pam-

1446 2828 1642 2892 philum
1664 2829 1743 2878 his
1779 2829 1950 2878 verbis
1978 2830 2255 2894 significat.
2321 2831 2510 2882 Perdu-

1446 2912 1620 2958 mutar
1640 2908 1774 2956 enim
1798 2908 2111 2960 necessitate
2132 2909 2323 2959 coacti.
2389 2909 2511 2959 Hoc

1447 2985 1605 3034 etiam
1649 2985 1864 3033 verbnm
1912 2985 2122 3049 judices
2163 2985 2532 3047 pronunciare·

1446 3061 1633 3111 solent.
1698 3062 1770 3112 Et
1805 3060 1899 3110 hoc
1928 3068 2013 3111 est
2052 3061 2188 3125 quod
2227 3075 2386 3123 supra
2419 3061 2512 3122 ait,

1445 3137 1463 3165 ‘
1500 3136 1600 3185 His
1642 3150 1756 3186 sese
1801 3135 2015 3198 dedere,
2066 3149 2242 3185 eorum
2281 3134 2506 3199 obsequi

1448 3210 1673 3260 studiis!
1706 3212 1885 3261 Donat.
1965 3261 1970 3266 ,

1510 3287 1850 3338 Perduxerunt
1904 3286 2023 3336 illue
2084 3286 2262 3350 seeum]
2318 3285 2508 3335 Secum

1448 3362 1663 3419 duxere,
1684 3369 1742 3411 ut
1762 3376 1938 3412 secum
1972 3370 2129 3413 esset.
2162 3361 2314 3422 Idem.

1519 3441 1587 3489 Ut
1615 3454 1710 3488 una
1746 3443 1883 3503 esset,
1922 3440 2097 3503 meum]
2146 3440 2217 3489 Et
2251 3437 2505 3502 producte

1447 3516 1636 3579 legitur
1677 3521 1814 3578 esset,
1856 3523 1916 3566 nt
1956 3516 2126 3566 cibum
2173 3524 2421 3579 caperet:
2456 3524 2512 3565 et

1446 3602 1710 3658 correpte,
1745 3600 1803 3642 nt
1826 3593 1980 3642 alibi:
2016 3595 2030 3621 ‘
2054 3594 2229 3642 Essem
2271 3608 2371 3643 nna
2409 3608 2513 3657 qua

1447 3685 1563 3724 cum
1588 3670 1884 3733 cupiebam,
1908 3667 2176 3738 Antipho.’
2212 3669 2363 3719 Idem.

1519 3748 1635 3803 Una¹
1650 3746 1792 3809 esset]
1818 3746 1998 3808 Simul,
2021 3745 2075 3794 id
2098 3751 2197 3807 est,
2219 3759 2320 3794 una
2336 3743 2511 3800 cibum

1447 3830 1682 3888 caperet.
1714 3823 1864 3876 Idem.

1511 3906 1574 3949 55
1611 3902 1814 3961 Egomet
1856 3899 2073 3960 continuo
2110 3899 2312 3962 meeum]
2365 3898 2510 3948 Bene

1447 3993 1658 4028 mecum:
1713 3983 1772 4025 ut
1816 3984 2072 4040 appareat
2124 3975 2249 4024 nihil
2314 3981 2511 4023 temere

1447 4054 1810 4115 constitutum,
1833 4053 1914 4101 vel
1935 4053 2190 4117 prolatum
2215 4048 2386 4109 foras;
2411 4047 2510 4097 hoc

1449 4131 1616 4194 ipsum
1665 4132 1791 4179 satis
1847 4132 2120 4195 quaesitum
2180 4144 2314 4190 esse,
2375 4128 2513 4193 quod

1449 4207 1633 4257 statuit
1673 4205 1740 4256 de
1772 4204 1916 4256 falsis
1946 4208 2160 4270 nuptiis,
2194 4213 2248 4256 et
2283 4203 2512 4264 infensus

1450 4291 1596 4334 esset
1617 4282 1742 4332 filio.
1777 4282 1930 4332 Idem.

1517 4362 1722 4426 Egomet
1744 4361 1960 4422 continuo
1981 4360 2179 4424 mecum]
2209 4360 2372 4417 Deest
2408 4359 2513 4409 vol-
