3035 4941
502 385 506 390 ’
545 392 724 460 1628

551 554 827 618 imperiose
849 549 1093 618 loqueris,
1111 550 1341 618 quisquis
1376 567 1449 604 es.
1485 553 1615 605 Mer.

558 629 879 680 casaubonus.

618 707 852 769 Sati-'pro
869 702 1091 769 imperio]
1114 704 1233 756 Hoc
1254 706 1451 768 legerat
1475 703 1617 753 Rufi-

553 797 679 834 nus·
720 797 837 832 nam
879 781 1020 846 apud
1058 782 1344 846 Josephum
1386 786 1613 842 vertens,

550 858 964 924 δεσποτικώτερον,
1007 859 1156 921 dixit,
1185 875 1274 924 pro
1307 858 1525 924 imperio,
1556 858 1612 908 id

552 942 655 998 est,
687 937 996 1002 imperiose;
1017 943 1074 986 et
1094 935 1145 986 id
1169 935 1377 1001 quidem
1394 935 1612 998 optime,

552 1021 612 1063 ut
632 1014 796 1063 multa
818 1014 937 1064 alia.
1000 1014 1091 1064 Sic
1107 1018 1162 1063 et
1184 1013 1379 1064 Livius.
1419 1012 1591 1063 Faber.

616 1095 683 1141 20
707 1092 852 1155 Cedo,
866 1092 982 1156 quid
997 1095 1180 1154 portos,
1211 1090 1398 1140 obsecro
1414 1086 1442 1139 :1
1470 1095 1613 1153 utque

549 1169 606 1216 id
624 1168 667 1217 si
684 1171 835 1233 potes,
856 1167 994 1218 verbo
1008 1166 1202 1231 expedi]
1233 1167 1370 1217 Mire
1396 1180 1612 1230 expres·

552 1245 624 1295 sit
644 1242 890 1296 affectum
927 1244 994 1294 de
1038 1247 1227 1294 timore
1268 1242 1611 1308 properantis.

556 1321 688 1370 Cedo
707 1322 820 1386 quid
836 1328 1019 1386 portos,
1037 1322 1254 1371 obsecro?
1287 1322 1379 1382 Ut,
1412 1325 1427 1349 ‘
1442 1320 1498 1370 Si
1524 1336 1610 1370 ve·

553 1410 614 1445 ra
635 1395 820 1461 feram,
853 1398 895 1447 si
917 1412 1104 1462 magua
1121 1395 1440 1462 rependam.'
1475 1396 1611 1446 Nam

537 1472 678 1532 serre
699 1479 754 1524 et
769 1481 982 1538 portare,
998 1473 1066 1525 de
1082 1475 1306 1539 negotiis
1324 1474 1610 1539 majoribus

552 1548 762 1600 dicitur.
798 1551 1042 1603 Donatus.

624 1626 776 1677 Verbo
787 1628 981 1693 expedi]
1002 1630 1190 1691 Deest,
1209 1643 1329 1679 uno.
1361 1628 1512 1679 Idem.

616 1704 868 1769 Eloquere]
902 1706 1072 1755 Aliter
1093 1704 1341 1763 ostendit,
1365 1704 1490 1770 quid
1512 1708 1611 1761 est,

550 1780 690 1830 verbo
704 1782 891 1845 expedi,
910 1781 1134 1831 dicendo
1154 1783 1383 1845 eloquere.
1415 1780 1581 1829 Idem.

618 1857 766 1906 Modo
805 1858 930 1920 opud
960 1856 1172 1921 portion]
1236 1857 1438 1907 Patrem
1490 1856 1613 1916 vidi,

551 1930 787 1982 dicturus
810 1932 968 1996 Geta,
993 1937 1288 1995 praeventus
1321 1937 1402 1981 est
1429 1930 1496 1981 ab
1531 1945 1615 1993 eo,

550 2021 707 2071 quem
726 2008 1268 2072 timorintelligentem
1285 2006 1509 2059 fecerat.
1530 2008 1611 2058 Id.

615 2087 768 2151 Hem]
804 2086 1029 2151 Propria
1068 2094 1124 2136 et
1163 2100 1258 2136 sua
1278 2086 1466 2151 cuique
1489 2099 1610 2150 per-

550 2178 692 2214 sonae
730 2164 994 2214 exhibuit:
1039 2163 1363 2214 celeritatem
1387 2177 1453 2212 ex
1476 2177 1609 2226 prae-

551 2242 694 2306 sagio
729 2242 980 2292 metuenti
1014 2240 1335 2305 Antiphoniz
1370 2247 1428 2291 et
1449 2241 1611 2290 tardi-

550 2327 711 2370 tatem
749 2321 1049 2370 intellectus
1087 2320 1250 2385 quieti
1277 2318 1505 2383 pectoris
1529 2334 1609 2369 se·

546 2410 675 2452 curo
697 2397 977 2446 Pliaedriae.
1011 2395 1160 2446 Idem.

613 2479 677 2525 22
715 2476 844 2532 Quid
876 2473 1040 2537 agam]
1089 2474 1208 2525 Jam
1233 2469 1327 2522 fiet
1351 2469 1610 2535 Antipho,

549 2559 604 2601 et
628 2551 794 2601 adhuc
813 2566 915 2601 non
936 2551 1184 2614 intelligit
1210 2549 1469 2599 Phaedria.
1505 2550 1584 2599 Id.

614 2629 780 2690 Hnjue
817 2633 1004 2692 putrem
1041 2627 1215 2677 vidisse
1255 2641 1349 2688 me,
1383 2631 1609 2690 patruum

548 2704 704 2768 tuum]
741 2705 879 2754 Mire
909 2702 1078 2754 Poeta
1113 2703 1402 2766 Antiphoni
1439 2703 1606 2752 minus

545 2795 700 2845 quam
723 2786 954 2844 oportet,
969 2787 1024 2829 et
1041 2778 1296 2828 Phaedriae
1314 2779 1432 2844 plus
1451 2793 1605 2843 quam

546 2863 778 2918 oportet,
820 2855 947 2906 facit
987 2856 1128 2921 loqui
1184 2856 1440 2905 nuntium.
1508 2855 1606 2905 Ille

546 2932 681 2981 enim
723 2948 859 2997 pene
912 2933 1114 2985 divinat
1157 2947 1225 2981 ex
1256 2939 1432 2994 metu,
1468 2931 1607 2983 hunc

520 3008 754 3081 *tardum
778 3009 1030 3059 securitas
1051 3006 1197 3058 facit.
1237 3008 1390 3058 Idem.

611 3085 777 3147 Hujus
814 3091 1000 3149 putrem
1040 3087 1215 3136 vidisse
1255 3101 1347 3142 me,
1381 3090 1606 3150 patmum

545 3163 702 3225 tuum]
738 3163 931 3212 Reddit
965 3162 1175 3227 utrique
1203 3162 1467 3226 proprium
1495 3179 1509 3213 ε
1548 3170 1605 3213 ut

546 3244 602 3287 et
621 3239 708 3289 ille
740 3240 828 3302 qui
863 3239 1100 3297 timebat,
1133 3242 1315 3302 paucis
1348 3239 1605 3304 intellige-

543 3321 659 3364 ret:
683 3325 738 3366 et
768 3317 856 3365 ille
877 3317 964 3381 qui
981 3330 1194 3366 securus
1212 3321 1346 3379 erat,
1369 3317 1604 3380 pluribus

513 3384 519 3396 '
545 3391 869 3443 edoceretur.
902 3394 1051 3443 Idem.

609 3474 673 3520 23
709 3471 840 3520 Nom
860 3472 981 3534 quod
1018 3486 1104 3531 ego
1132 3471 1243 3520 huic
1268 3486 1394 3520 nune
1421 3471 1602 3537 subito]

544 3547 675 3596 Nam
717 3555 809 3597 aut
841 3548 1169 3612 subjunctiva
1199 3548 1498 3612 conjunctio
1522 3556 1605 3599 est

541 3624 798 3687 superiori
819 3623 979 3686 dicto,
1013 3624 1150 3688 quod
1177 3625 1267 3686 ait,
1289 3625 1401 3688 quid
1420 3640 1562 3687 agam
1577 3623 1603 3676 21

540 3706 635 3749 aut
683 3699 955 3764 ἀναστροφὴ
997 3708 1091 3750 est.
1158 3701 1472 3765 Naquuom
1508 3716 1602 3765 pro

540 3778 787 3839 quodnam.
821 3776 991 3827 Idem.

605 3852 741 3903 Huic
758 3854 911 3904 subito
935 3853 1085 3903 exitio
1103 3852 1382 3915 remedium]
1418 3853 1602 3917 Subito,

540 3933 597 3985 et
620 3928 944 3987 adverbium,
967 3936 1024 3979 et
1044 3943 1230 3979 nomen
1254 3938 1353 3979 est.
1388 3931 1406 3958 ‘
1427 3931 1600 3982 Quum

538 4003 709 4054 subito
727 4018 998 4069 assurgens
1013 4004 1177 4055 fluctu
1198 4005 1457 4055 nimbosus
1482 4007 1601 4057 Ori-

539 4079 646 4128 on.'
680 4081 834 4131 Idem.
1431 4104 1435 4109 ’

465 4211 468 4213 Α
604 4156 851 4206 Inveniam
893 4156 1058 4220 miser]
1099 4158 1268 4209 Quum
1307 4173 1395 4219 ego
1439 4174 1599 4223 supra

539 4231 751 4294 dixerit,
778 4224 1050 4294 ἐμφαντικῶς
1082 4233 1306 4298 addidit,
1323 4235 1480 4284 miser.
1515 4236 1597 4286 Id.

602 4311 669 4362 24
688 4309 843 4369 Quod
864 4309 909 4360 si
929 4325 1117 4373 eomeoe
1135 4311 1353 4375 fortunae
1373 4313 1594 4381 redeunt]

1250 410 1464 460 No'rAE
1512 410 1912 462 vAluoRtJM
1964 410 2041 461 m

1689 553 1910 617 Tragice
1945 559 2146 604 amator
2171 555 2270 603 hoc
2291 552 2569 617 negotium
2594 551 2749 604 fortu-

1689 645 1783 680 nas
1800 644 1978 679 omnes
1999 630 2135 679 dixit
2152 644 2287 680 esse.
2325 631 2482 680 Idm.

1754 710 1987 759 Fortunoe
2026 708 2247 772 redeunt]
2316 708 2466 757 Bene
2519 708 2719 757 redeunt
2734 724 2751 755 .-

1689 785 1832 850 quasi
1854 786 1906 834 in
1931 785 2102 849 pejus,
2118 791 2174 833 et
2193 800 2225 833 a
2246 798 2494 848 processu
2517 793 2683 850 retro,
2702 790 2753 834 et

1687 861 1743 909 in
1767 860 2016 910 deterius.
2051 859 2205 910 Idem.

1751 938 2015 998 Phaniam,
2034 937 2120 987 obs
2142 943 2194 987 te
2209 943 2263 987 ut
2280 936 2558 1001 distrahar]
2605 937 2757 987 Ama-

1689 1014 1824 1064 toria
1844 1012 2173 1078 προσφώνησις
2193 1029 2285 1077 per
2304 1012 2638 1078 ἅποστροφήν.
2679 1014 2756 1066 Id.

1750 1091 1856 1142 Abs
1870 1098 1920 1142 te
1934 1098 1990 1143 ut
2011 1092 2278 1156 distrahar]
2312 1093 2435 1143 Non
2456 1092 2620 1156 dixit,
2636 1085 2668 1141 ο
2686 1103 2757 1142 me

1685 1170 1970 1219 detraheris.
2040 1170 2111 1219 Et
2134 1169 2252 1219 vide
2283 1168 2505 1219 verbnm
2541 1169 2653 1219 vim
2682 1183 2760 1219 co·

1686 1245 1934 1294 haerentis
1955 1245 2245 1295 ostendere.
2279 1246 2433 1295 Idem.

1751 1327 1813 1371 25
1855 1323 2003 1371 Nulla
2038 1328 2110 1372 est
2152 1321 2273 1371 mihi
2318 1323 2427 1371 vitu
2469 1320 2761 1386 expetenda]

1689 1398 1840 1448 Nulla
1862 1413 1954 1461 pro
1972 1412 2083 1448 non.
2127 1396 2239 1447 Aut
2252 1398 2432 1446 nullius
2448 1398 2757 1447 conditionis.

1686 1474 1833 1537 quasi
1858 1472 2021 1538 dicat,
2056 1473 2139 1524 Ne
2171 1473 2387 1523 deorum
2412 1473 2633 1538 quidem
2656 1474 2759 1523 vita

1686 1549 1809 1599 mihi
1830 1550 1997 1600 dulcis
2020 1549 2239 1601 estsine
2261 1556 2338 1601 te.
2371 1550 2532 1600 Idem.

1754 1625 1906 1676 Nulla
1940 1631 2016 1676 est
2033 1625 2152 1677 milii
2172 1626 2276 1676 vitu
2297 1626 2600 1692 expetenda]
2639 1625 2758 1677 Sine

1685 1700 1907 1751 Phanio.
1940 1703 2098 1752 Idem.

1750 1781 1817 1828 26
1852 1779 2008 1829 Tanto
2040 1779 2199 1841 mag-ie
2234 1784 2283 1827 te
2313 1778 2640 1842 advigilare]
2681 1777 2760 1829 Aa

1685 1853 1789 1904 vim
1825 1856 2085 1905 auctivam
2121 1869 2259 1905 nunc
2279 1856 2474 1906 habet:
2515 1864 2580 1907 ut
2600 1858 2760 1906 adlua-

1686 1929 1861 1991 dobile,
1881 1930 2179 1981 admirabile.
2215 1930 2383 1981 Idem.

1725 2023 1736 2030 ·
1754 2008 1920 2057 Fortis
1974 2008 2195 2058 Fortuna
2236 2008 2460 2072 adiuvat]
2503 2010 2762 2075 Παροιμία.

1690 2083 1759 2131 Et
1820 2083 1970 2140 fortis
2011 2085 2346 2135 accusativus
2391 2088 2619 2151 plui-aiis
2664 2095 2756 2140 est.

1686 2158 1838 2209 Idem.

1753 2237 1925 2287 Fortes
1947 2237 2163 2287 Fortuna
2183 2238 2403 2304 adiuvat]
2423 2240 2755 2289 Sententiam

1685 2313 1816 2362 hauc
1857 2313 2118 2377 proverbii
2154 2316 2266 2365 vice
2306 2316 2498 2366 Cicero
2536 2331 2658 2367 cum
2682 2318 2756 2366 ἔλ-

1684 2388 1837 2453 λείψει
1874 2388 2027 2439 effert
2065 2404 2152 2440 111.
2189 2390 2257 2440 de
2316 2393 2487 2443 Finib.
2510 2396 2565 2445 4.
2617 2395 2753 2443 ‘Sed

1684 2467 1909 2518 Fortuna
1932 2465 2117 2518 fortes.
2141 2483 2300 2533 quare
2324 2484 2526 2520 conare
2543 2472 2757 2536 quaeso.¹

1684 2560 1802 2596 cum
1822 2545 2172 2609 explicatione
2190 2560 2254 2595 11
2266 2545 2484 2596 Tuscul.
2503 2551 2590 2596 4.
2608 2549 2757 2600 ‘For-

1683 2628 1763 2671 tes
1784 2622 1924 2676 enim
1943 2636 2043 2670 non
2069 2622 2220 2671 modo
2256 2624 2490 2674 Fortuna
2521 2627 2755 2690 adjuvat,

1684 2705 1742 2748 ut
1763 2705 1847 2749 est
1867 2699 1919 2747 in
1944 2707 2123 2750 vetere
2149 2699 2446 2763 proverbio,
2466 2703 2562 2751 sed
2593 2705 2753 2753 multo

1682 2778 1847 2840 magis
1890 2776 2044 2840 ratio,
2086 2792 2205 2841 quae
2249 2776 2564 2842 quibusdam
2612 2780 2753 2844 quasi

1683 2858 1968 2919 praeceptis
1986 2852 2262 2905 confirmat
2277 2854 2375 2903 vim
2387 2853 2753 2907 fortitudinis!

1682 2931 1870 2984 Qualia
1913 2932 2002 2995 qui
2058 2937 2214 2994 amat,
2259 2931 2576 2997 plerumque
2617 2933 2750 2998 apud

1679 3008 1800 3059 Joh.
1840 3008 2120 3058 Weitzium
2168 3007 2458 3071 diligenter
2500 3018 2752 3075 congesta

1683 3084 1930 3148 reperiet.
1971 3083 2136 3132 nostri
2172 3085 2309 3133 enim
2345 3084 2585 3136 instituti
2622 3088 2750 3137 ratio

1680 3160 1805 3212 illuc
1846 3174 1949 3209 non
1989 3159 2237 3223 pertinet.
2273 3160 2410 3224 quod
2449 3165 2616 3213 semel
2649 3178 2749 3214 mo·

1680 3238 1907 3288 nendum
1926 3245 2025 3288 est.
2058 3237 2321 3288 Boeclerus.

1746 3315 1918 3364 Fortes
1939 3315 2159 3364 Fortuna
2179 3315 2399 3379 adiuvat]
2445 3317 2577 3367 Sall.
2599 3319 2618 3348 ‘
2635 3319 2748 3370 Non

1682 3396 1815 3444 votis
1869 3409 2038 3459 neque
2082 3395 2366 3460 suppliciis¹
2403 3397 2748 3449 muliebribus

1678 3472 1872 3521 auxilia
1904 3470 2118 3520 deorum
2156 3478 2426 3534 parantur.
2463 3475 2749 3539 vigilando,

1678 3547 1900 3612 agendo,
1944 3548 2078 3596 bene
2113 3550 2457 3614 consulendo,
2497 3566 2748 3618 prospere

1679 3624 1850 3673 omnia
1893 3623 2106 3673 cedunt.
2159 3623 2249 3674 ubi
2288 3627 2552 3677 socordia
2593 3636 2747 3694 atque

1676 3699 1898 3762 ignaviae
1950 3704 2005 3747 te
2049 3697 2349 3756 tradideris,
2402 3704 2747 3769 nequicquam

1678 3774 1803 3824 deos
1826 3775 2069 3838 implores
2090 3791 2103 3822 ε
2146 3774 2271 3824 irati
2293 3776 2583 3842 infestique
2599 3779 2748 3830 suut.’

1677 3851 1779 3900 Οὐκ
1816 3848 1882 3900 ἔνι
1914 3850 1955 3898 δ’
1989 3847 2049 3899 αὖ
2076 3849 2163 3899 τὸν
2190 3850 2438 3915 ἀργοῦντα
2462 3853 2574 3904 οὐδὲ
2594 3854 2748 3919 φίλου

1677 3922 1945 3977 &ramirum
1974 3925 2090 3992 ὑπὲρ
2117 3928 2266 3978 αὐτοῦ,
2286 3948 2336 3978 τι
2363 3933 2531 3990 ποιεῖν,
2554 3932 2746 3995 μήτιγε

1674 4006 1777 4055 τοῖς
1797 4006 1931 4054 θεοῖς.
1966 4006 2097 4054 Mer.
2121 4005 2450 4059 casaubonum.

1741 4087 1803 4131 27
1842 4082 1955 4129 Νοπ
1974 4097 2081 4130 sum
2099 4083 2226 4144 opud
2246 4084 2343 4147 me]
2380 4083 2445 4134 Id
2471 4087 2666 4149 agitur,
2687 4094 2744 4137 ut

1674 4172 1831 4224 supra
1852 4158 2096 4216 diximus,
2122 4160 2564 4223 quemadmodum
2600 4163 2745 4214 Anti-

1675 4237 1776 4300 pho
1817 4249 2047 4299 praesens
2089 4249 2192 4285 uon
2236 4237 2337 4286 sit:
2379 4253 2536 4302 quem
2573 4252 2744 4304 neque

1674 4311 1919 4363 convenit
1956 4318 2142 4371 contra
2187 4320 2393 4378 patrem
2429 4315 2628 4383 aliquid
2661 4315 2740 4368 di-
