3035 4941
639 392 1004 443 TERENTII
1051 393 1391 444 ADELPH.
1431 392 1597 446 ΑΟΤ.
1642 389 1722 446 11.
1770 398 1878 449 SC.
1930 399 2009 449 11.

260 551 350 601 quo
369 535 538 599 ducas,
562 541 618 586 et
656 536 707 585 in
746 537 919 605 aliqua
954 538 1301 590 estimatione

257 612 565 661 constituas:
608 619 666 661 et
702 627 803 662 non
841 614 884 662 si
923 615 1070 677 veiis,
1096 617 1302 679 penitus

255 694 539 737 contemnas
583 688 771 754 viginti
809 690 995 755 minas,
1028 691 1302 770 dummodo

256 763 364 814 huic
384 763 700 829 obsequaris.
736 766 892 817 Idem.

310 841 435 903 Age,
454 841 564 890 novi
585 847 721 892 taum
752 843 982 907 animum,
1014 843 1124 909 ξω]
1161 844 1304 895 Novi

254 917 462 968 animum
504 924 650 969 tuum
700 922 973 985 praesentis
1018 921 1189 972 lucri
1194 922 1303 972 avi-

255 994 385 1045 dum.
448 994 587 1048 Quid
624 1010 757 1053 vero
779 997 1081 1062 profecisti?
1115 998 1304 1050 ideone

255 1070 514 1135 accepisti,
553 1079 645 1123 aut
677 1074 922 1137 jucundae
962 1074 1059 1126 tibi
1091 1084 1212 1127 sunt
1239 1081 1304 1127 2⁰

254 1147 415 1210 minat,
441 1148 562 1200 dum
592 1151 779 1200 animo
821 1151 1122 1217 obsequeris
1169 1155 1305 1203 tuo?

255 1222 518 1275 Turnebus
558 1226 975 1282 insinuationem⁴
1000 1244 1112 1279 esse
1154 1231 1307 1292 vult-3

256 1300 387 1362 quasi
429 1311 554 1350 vero
608 1302 794 1367 viginti
845 1304 1000 1354 minae
1048 1307 1180 1356 tanti
1227 1322 1306 1357 es·

255 1383 391 1444 sent,
409 1384 467 1427 ut
490 1392 589 1430 ess
627 1380 810 1430 malles
845 1395 1000 1446 quam
1030 1382 1155 1432 hero
1190 1398 1307 1439 meo

255 1454 314 1503 ad
337 1461 534 1519 tempus
558 1456 790 1524 obsequi.
813 1459 849 1509 l.
874 1472 972 1508 xx.
992 1473 1040 1509 c
1062 1463 1146 1510 sl.
1183 1462 1307 1530 Far-

254 1530 425 1582 nobitas.
702 1525 795 1586 005

315 1612 374 1657 16
403 1609 654 1660 Proeterea
690 1607 893 1675 autent]
908 1610 1211 1677 Ἀρχαῖσμὶις
1227 1623 1310 1663 est

256 1680 422 1746 figura.
490 1686 632 1736 Nam
669 1693 876 1737 veteres
918 1689 1144 1739 libenter
1188 1702 1309 1738 con·
1321 1685 1326 1690 ’

250 1757 534 1820 junctiones
557 1762 997 1826 multiplicabant.
1018 1766 1259 1815 Donatus.
1282 1795 1283 1798 =

319 1836 380 1885 Te
400 1837 533 1888 aiunt
553 1840 796 1904 proficisci
818 1842 1054 1907 Cyprum]
1090 1842 1163 1893 Et
1192 1855 1309 1891 eum

257 1926 350 1963 non
372 1915 730 1978 profecturum
744 1919 900 1983 dixit,
919 1919 1011 1969 sed
1028 1922 1135 1984 jam
1159 1921 1176 1949 ‘
1194 1934 1312 1985 pro-

258 1991 440 2046 ficisci.
427 1994 461 2024 ·’
494 2006 549 2046 et
587 2012 694 2046 non
728 1997 792 2047 ab
813 2013 915 2049 uno
936 1998 1068 2050 dicit
1090 2014 1145 2050 se
1169 1998 1312 2049 audi·

259 2073 423 2139 visse,
440 2091 508 2126 ne
552 2085 806 2142 negaret·
843 2078 972 2131 sed‘
1011 2079 1191 2129 aiunt'
1233 2078 1310 2129 in-

261 2151 379 2216 quit.
406 2154 552 2206 Idm.

320 2229 545 2295 Cyprum]
568 2231 843 2281 Insulam
828 2246 880 2282 ιιι
903 2231 1033 2283 mari
1052 2193 1310 2282 Mediter-

259 2317 422 2372 rauco,
433 2309 629 2359 Veneri
649 2308 892 2358 dicatam.
916 2324 1016 2372 quo
1031 2308 1167 2359 iuter
1184 2307 1311 2357 alias

259 2383 545 2434 meretrices
569 2384 751 2449 vehat,
787 2385 913 2435 alias
949 2385 1072 2436 iude
1107 2386 1312 2436 avehat.

261 2456 532 2514 Farnobium
650 2500 654 2507 .

257 2572 263 2583 .
320 2538 379 2584 17
416 2539 653 2589 coemisse
689 2539 800 2589 hinc
835 2556 938 2604 φιω
971 2540 1084 2590 illuc
1102 2542 1314 2600 veheres,

261 2612 422 2676 naua]
467 2615 740 2681 Nusquam
784 2616 882 2666 hoc
918 2617 1150 2668 ostendit
1187 2618 1315 2667 alius

263 2686 565 2743 Terentius:
599 2692 693 2742 sed
738 2701 957 2758 apparet
998 2709 1065 2744 ex
1109 2694 1314 2747 confes-

265 2763 396 2816 sione
418 2768 641 2820 Lenonis
658 2785 797 2822 vveru
832 2771 946 2821 hoec
988 2772 1160 2821 omnia
1181 2787 1315 2824 esse.

265 2841 329 2892 Et
365 2846 491 2896 mira
533 2845 764 2897 varietas
808 2855 910 2897 est.
973 2849 989 2876 ‘
1025 2848 1317 2914 Proficisci,

266 2920 518 2988 coemisse,
553 2925 865 2976 conductum
901 2925 1120 2993 narem!
1152 2928 1319 2987 nedi-

266 3004 417 3062 ceret,
435 3001 451 3028 ‘
468 3000 750 3065 proficisci,
774 3001 989 3065 emere,’
1011 3009 1069 3053 et
1087 3002 1103 3029 ‘
1123 3001 1318 3052 condu-

267 3085 376 3122 cere
417 3075 642 3129 navem.'
709 3079 780 3129 Et
825 3079 841 3107 ‘
867 3078 1185 3129 conductam
1231 3093 1320 3129 na-

272 3149 408 3199 vem?
442 3154 665 3218 addidit,
694 3163 753 3206 ut
777 3155 1092 3205 dilutionem
1125 3170 1209 3208 res
1230 3155 1321 3223 ha·

271 3224 382 3278 bere
406 3245 506 3281 non
528 3234 712 3297 possit.
746 3235 987 3284 Donatus.

331 3306 433 3357 Hoc
452 3312 571 3376 scio,
591 3311 777 3362 animus
794 3311 884 3361 tibi
905 3312 1106 3376 pendet]
1139 3313 1155 3342 ‘
1169 3312 1292 3363 Hoc
1308 3311 1325 3338 '

270 3387 322 3430 et
350 3395 591 3451 correpte
631 3388 734 3452 legi
772 3395 965 3453 potest,
988 3397 1046 3440 ut
1069 3390 1322 3441 articulus

273 3460 697 3516 demonstrativus
729 3467 835 3530 sit,
820 3483 834 3497 ·
869 3474 927 3518 et
957 3468 1232 3533 producte,
1265 3475 1328 3519 ut

275 3537 632 3600 significetsut
659 3544 794 3595 hanc
829 3559 959 3607 rem,
978 3550 1069 3594 aut
1087 3545 1222 3595 hunc
1247 3545 1324 3595 lo·

274 3617 470 3681 cum‚id
491 3628 595 3683 est,
615 3621 866 3684 Cyprum.
901 3622 1054 3672 Idem.

337 3697 394 3743 18
425 3697 628 3746 Animus
670 3698 761 3747 tien·
797 3700 1001 3762 pendan
1045 3698 1128 3748 ubi
1171 3660 1323 3761 illinc,

275 3781 419 3832 spero,
447 3773 663 3837 redieris,
700 3779 856 3823 tamen
893 3775 980 3823 hoc
1013 3774 1157 3838 ages]
1172 3775 1322 3825 Istud

274 3842 498 3897 ‘'tamen
535 3851 668 3900 hanc
710 3852 812 3900 vim
842 3852 1005 3901 habet
1027 3866 1178 3917 quam
1202 3852 1326 3902 Gal-

278 3918 368 3970 lice
391 3924 441 3972 in
464 3926 540 3975 his
562 3928 735 3993 verbis
759 3942 1056 3992 expressam
1096 3929 1323 3979 senties:

288 3995 404 4047 Vm
423 4017 479 4051 ue
496 4003 712 4054 luisset-ez
726 4019 813 4068 pas
844 4008 981 4068 apres
1000 4008 1102 4055 cela
1122 4006 1327 4065 descire

282 4084 426 4129 eostre
440 4083 632 4146 affaire.
700 4086 864 4134 Locos
896 4098 989 4132 sex
1024 4090 1224 4148 septem
1259 4084 1326 4133 ad

281 4167 384 4203 eam
408 4158 834 4220 significationem
868 4174 934 4209 ex
958 4160 1149 4210 Plauto
1181 4165 1328 4209 nota·

284 4229 346 4279 vi.
381 4234 552 4285 Faber.
710 4299 715 4303 q

350 4308 442 4358 Uln·
474 4312 604 4379 illinc
626 4329 763 4379 spero
785 4314 1009 4379 redieris]
1029 4313 1107 4363 Ex
1124 4327 1217 4377 spe
1239 4329 1331 4364 sua

1382 2769 1656 2834 αὐτουργοί.

2264 370 2435 453 1491

1377 541 1489 589 vult
1510 542 1671 606 Syrus
1702 541 1996 606 ostendere,
2032 541 2154 608 qu'id
2181 543 2324 594 Leno
2347 544 2438 595 de-

1376 617 1505 667 beat
1528 633 1758 690 sperare,
1775 619 1828 668 id
1851 625 1951 683 est,
1969 633 2073 669 non
2098 633 2153 669 se
2169 626 2439 712 acceptu·-

1372 707 1489 743 rrum
1513 695 1685 744 modo.
1717 689 1953 746 Devictus·

1451 770 1548 820 Ubi
1581 771 1715 821 illinc
1751 787 1886 837 spero
1923 772 2141 835 redieris,
2174 779 2332 823 tamen
2353 775 2440 823 hoc

1376 845 1516 910 ages]
1548 846 1747 897 Celiide
1769 848 1928 911 Syrus
1950 847 2196 912 ostendit,
2211 859 2358 899 nnnc
2371 863 2438 899 ex

1379 930 1619 989 tempore
1641 924 1769 974 nihii
1791 937 1942 988 posse
1975 924 2286 975 Sannionem
2324 940 2443 990 spe·

1379 1015 1527 1064 ιιι-ος
1566 1001 1658 1051 sed
1696 1015 1807 1052 rem
1840 1006 2004 1052 totam
2042 1001 2244 1053 differri
2286 1018 2440 1068 opor-

1380 1084 1493 1129 tere
1532 1079 1584 1128 in
1637 1079 1865 1130 reditum
1911 1068 1979 1130 ex
2021 1080 2233 1144 Cypro:
2266 1094 2441 1146 neque

1380 1155 1479 1206 sibi
1496 1154 1710 1206 dubium
1728 1171 1861 1220 esse,
1882 1158 2006 1223 quin
2029 1164 2139 1208 tum
2154 1155 2262 1208 hoc
2273 1153 2442 1222 ipsum

1381 1232 1614 1284 facturus
1638 1233 1707 1283 sit
1723 1233 1931 1300 Sannio,
1948 1234 2086 1300 quod
2107 1248 2246 1284 nunc
2262 1234 2445 1284 susde-

1382 1317 1488 1375 tur,
1523 1325 1598 1361 sc.
1637 1318 1697 1360 ut
1729 1310 2046 1376 obsequatur
2078 1309 2351 1371 AEsciiin03
2387 1316 2446 1360 et

1383 1401 1449 1437 ex
1486 1387 1728 1451 neglecta
1766 1387 1990 1451 pecunia
2031 1387 2198 1452 majus
2238 1388 2443 1438 lucrum

1382 1469 1647 1528 expectet.
1682 1464 1939 1513 Boeclerus.

1451 1544 1626 1592 Tamen
1664 1542 1750 1591 hoc
1791 1539 1931 1604 ages]
1976 1540 2095 1590 Hoc
2133 1547 2237 1602 est,
2265 1541 2446 1605 exiges

1383 1615 1667 1669 debitum.'
1704 1615 1843 1668 Num
1898 1619 1916 1647 ⁸
1943 1615 2041 1667 hoc
2087 1622 2296 1681 agere¹
2318 1618 2447 1668 dici·

1383 1710 1496 1745 mus
1517 1710 1658 1759 eum,
1679 1694 1766 1759 qui
1786 1694 1947 1745 instat
1967 1696 2180 1758 negotio
2203 1710 2315 1747 suo.
2338 1696 2447 1744 Do·

1381 1777 1540 1822 nam.

1453 1847 1629 1897 Tamen
1650 1847 1735 1897 hoc
1752 1846 1889 1911 ages]
1911 1847 1988 1898 Ut
2005 1847 2072 1898 ab
2096 1846 2335 1900 AEschino
2357 1863 2447 1915 pe—

1384 1924 1589 1975 cuniam
1614 1924 1809 1989 exigas.
1846 1923 2132 1984 Far-nultius.

1450 2004 1512 2049 19
1548 2000 1796 2063 Nusquam
1814 1999 2001 2063 pedem]
2037 1998 2174 2051 Quia
2193 2000 2450 2049 exciame-

1386 2076 1460 2127 tio
1495 2083 1593 2139 est,
1629 2090 1724 2141 per
1752 2076 2076 2136 ἀποσιώπησιν
2096 2089 2198 2126 ιιοιι
2221 2077 2449 2142 eomple-

1292 2191 1295 2194 -
1387 2160 1491 2204 tur.
1525 2154 1764 2204 Donatus.

1450 2230 1565 2279 Huc
1582 2229 1662 2280 iun·
1680 2245 1761 2293 spe
1783 2231 1869 2280 hoc
1887 2228 2188 2294 inceperunt]
2205 2228 2453 2279 Pertinet

1385 2308 1488 2361 huc
1519 2308 1648 2358 illud
1673 2307 1972 2361 Aristotelis
1993 2306 2062 2373 (ιι
2085 2306 2329 2371 Rhetor.)
2360 2306 2453 2357 ubi

1387 2391 1589 2436 tractat
1625 2384 1693 2434 de
1735 2384 1821 2450 iis,
1863 2384 1951 2450 qui
1988 2384 2207 2434 aliorum
2246 2384 2452 2448 injuriis

1389 2461 1598 2514 obnoxii
1620 2467 1760 2528 sunt,
1798 2462 1911 2513 sive
1943 2459 2135 2526 injuria
2166 2460 2323 2511 facile
2343 2458 2454 2511 affi-

1389 2541 1616 2591 ciuntur.
1681 2540 1744 2590 In
1781 2554 1885 2605 quo
1918 2552 2132 2589 numero
2152 2546 2274 2588 sunt
2296 2538 2454 2588 etism

1384 2617 1446 2675 ii,
1467 2615 1540 2668 οἷς.
1567 2615 1633 2679 μὴ
1663 2618 1907 2666 λυσιτελεῖ
1936 2614 2194 2679 διατρίβειν
2217 2614 2460 2679 &tn-mio&-

1390 2710 1469 2743 σιν
1488 2691 1520 2752 ἢ
1542 2692 1675 2753 δίκην
1693 2692 1726 2752 ἢ
1749 2692 1945 2744 ἔκτισιν.
2013 2689 2128 2742 otor
2161 2689 2209 2740 ol
2238 2688 2357 2752 ξένοι
2376 2687 2459 2739 καὶ

1706 2768 1819 2819 Ἐπὶ
1833 2770 1977 2834 μικρᾷ
1993 2787 2053 2819 τε
2064 2766 2160 2832 γὰρ
2173 2765 2459 2828 anamma,

1392 2845 1471 2896 καὶ
1525 2844 1685 2911 ῥᾳδίως
1739 2846 1784 2895 οἱ
1834 2847 2041 2895 τοιοῦτοι
2087 2841 2456 2899 καταιτιῶνται,

1390 2922 1610 2989 ‘quibus
1648 2921 1779 2979 utile
1811 2936 1915 2972 non
1952 2920 2065 2971 est’
2095 2920 2199 2986 (ita
2231 2920 2455 2970 Hermo-

1386 3001 1505 3050 laus
1520 2999 1786 3050 Barbarus
1802 2996 2106 3063 paraphrasi
2124 2996 2287 3060 magis
2305 3008 2458 3060 quum

1362 3138 1368 3144 ,
1394 3077 1635 3129 versione
1676 3074 1927 3142 reddidit)
1970 3077 1986 3104 ‘
2003 3073 2232 3140 opperiri
2262 3072 2460 3136 judicis

1395 3154 1917 3217 animadversionem,
1933 3159 2024 3202 sut
2035 3154 2463 3215 expectare‘tem·

1397 3248 1495 3298 pus
1528 3228 1838 3281 ulciscendi:
1877 3228 2056 3295 quales
2082 3233 2204 3275 sunt
2226 3223 2462 3288 advenae,

1398 3318 1454 3361 et
1473 3308 1825 3374 operariorum
1848 3305 1957 3356 sive
1979 3303 2224 3370 opificum
2263 3315 2460 3366 genus-2

1399 3402 1519 3437 nam
1542 3394 1599 3436 et
1620 3392 1824 3451 quaestu
1848 3382 2130 3449 quamlibet
2163 3380 2310 3431 tenui
2332 3380 2461 3429 leui-

1397 3470 1574 3523 untur‚
1609 3470 1666 3512 et
1697 3460 1765 3512 ab
1797 3461 2004 3510 actione
2041 3457 2346 3523 injuriarum
2381 3454 2460 3505 ἰᾶ-

1399 3542 1501 3591 ciIe
1548 3539 1706 3590 taedio
1761 3537 1929 3588 litium
1976 3533 2325 3586 revocantur?
2391 3535 2463 3585 Et

1401 3617 1669 3682 temporis,
1688 3622 1744 3667 et
1779 3619 2030 3680 quintus,
2063 3621 2120 3663 et
2155 3620 2462 3663 caeterarum

1399 3711 1570 3747 rerum
1610 3695 1744 3745 ratio
1781 3695 2013 3760 apprime
2051 3692 2104 3742 in
2139 3692 2277 3743 hunc
2321 3693 2462 3742 leno-

1398 3788 1520 3823 nem
1576 3772 1838 3837 congruit.
1899 3802 1902 3805 ι
1934 3771 2097 3835 Cujus
2155 3768 2464 3823 deliberatio

1400 3848 1619 3914 affectu,
1658 3849 1858 3914 figuris,
1909 3846 2220 3908 imitatione,
2262 3843 2463 3893 absolu-

1402 3928 1549 3978 tione
1573 3916 1874 3976 eximiahic
1912 3922 2239 3987 proponitur.
2276 3920 2452 3975 Erech*

1466 4009 1533 4054 20
1582 4005 1732 4067 Injeci
1773 4001 2044 4065 scrupulum
2092 3995 2294 4058 homini]
2343 3995 2465 4044 Hoc
2547 4018 2558 4024 ·

1404 4084 1548 4132 Leno
1573 4096 1674 4130 nou
1708 4079 1870 4128 audit.
1902 4075 2051 4125 simui
2087 4074 2223 4123 enim
2257 4071 2467 4135 dicitur,

1404 4172 1561 4221 quum
1582 4157 1668 4206 iiie
1690 4156 1898 4205 clamat.
1934 4159 1999 4202 et
2019 4151 2136 4200 ideo
2175 4149 2323 4198 simul
2364 4149 2468 4212 legi

1404 4249 1505 4283 non
1539 4239 1733 4298 potest.
1800 4233 1870 4281 Et
1901 4228 1985 4278 hic
2023 4226 2255 4277 ostendit
2285 4227 2467 4289 Syrus,

1405 4326 1506 4378 quo
1539 4310 1652 4361 haec
1674 4307 1889 4366 consilio
1911 4307 2113 4358 locutus
2140 4303 2225 4355 sit.
2258 4303 2445 4355 Donat.
