3035 4941
807 401 1175 451 TERENTM
1229 400 1458 451 ANDR.
1507 401 1672 451 Ac'r.
1721 405 1765 453 1.
1813 403 1914 453 SC·
1969 405 2020 452 1.

384 549 442 596 17
489 544 836 609 Exprobrotio]
911 544 1232 609 Exprobratio
1272 549 1374 592 'est

319 622 735 672 commemoratio
758 619 991 671 beneficii
1024 636 1138 671 cnm
1164 634 1372 671 enume-

319 699 515 748 ratione
530 698 812 748 factorum.
850 698 1083 748 Donatus.

384 775 537 830 Quasi
577 774 903 838 exprobratio]
938 775 1105 824 Recte
1129 775 1376 839 ostendit,

300 866 372 901 ·se
399 851 450 901 in
473 852 729 901 memoria
762 851 976 902 babere.
1044 851 1179 901 Sunt
1200 852 1286 916 qai
1308 851 1376 902 ad

315 927 625 978 beneficium
676 926 929 989 referunt,
966 928 1243 978 Immemor:
1295 935 1376 990 nt,

320 1005 576 1054 Memorem
595 1004 802 1053 Junonis
817 1004 873 1052 ob
895 1005 1018 1054 iram
1033 1021 1052 1055 :
1087 1012 1149 1055 ut
1167 1005 1237 1054 sit
1261 1019 1375 1053 sen-

319 1096 422 1145 sus,
444 1082 644 1132 Isthaec
660 1082 1105 1146 commemoratio,
1128 1082 1274 1146 quasi
1297 1087 1376 1130 est

318 1161 655 1224 exprobratio
677 1160 990 1210 immemoris
1022 1159 1297 1210 beneficii:
1322 1160 1377 1210 id

313 1245 416 1299 est,
437 1238 587 1301 cnjus
612 1252 763 1286 nemo
796 1238 1107 1288 meminerit.
1142 1238 1294 1288 Idem.

379 1317 443 1363 18
481 1314 612 1370 Quin
669 1317 723 1362 tu
775 1329 869 1364 uno
898 1313 1061 1377 verbo]
1110 1317 1228 1365 Uno
1254 1326 1378 1364 'ver-

298 1388 404 1454 'bo,
450 1404 564 1459 ‘nno
630 1390 867 1455 ἀξιώματι,
922 1407 1028 1442 una
1099 1394 1378 1444 sententia.

302 1465 650 1529 ’Νιιπᾶξίωμα
684 1470 947 1519 sententia
988 1478 1090 1534 est,
1109 1470 1193 1519 vel
1218 1484 1381 1519 enun-

316 1544 488 1608 tiatio«,
533 1560 635 1594 uno
679 1545 837 1595 verbo
874 1561 1056 1596 nexam
1102 1548 1376 1597 continens

320 1630 375 1669 et
417 1620 703 1684 perfectam
739 1622 1173 1685 intelligentiam:
1205 1622 1381 1686 ἀξίωμα

321 1698 457 1747 enim
495 1696 705 1749 constat
721 1713 788 1748 ex
834 1700 1043 1749 nomine
1086 1708 1142 1750 et
1200 1701 1378 1751 verbo.

321 1776 418 1825 Sed
461 1777 566 1838 bie,
600 1777 738 1842 quod
777 1783 860 1826 est
896 1776 1105 1839 διξίωμαε
1141 1777 1239 1827 boc
1275 1784 1380 1840 est,

318 1857 458 1907 ‘Has
492 1857 627 1906 bene
679 1864 737 1907 ut
778 1858 1059 1908 adsimules
1110 1858 1379 1921 nuptias:'

321 1949 444 1999 ergo
482 1935 648 1985 omnis
687 1936 872 1999 virtus,
906 1932 1234 1987 adsimulatio
1275 1942 1377 1985 est.

381 2089 521 2143 Quin
535 2095 593 2139 tu
613 2106 707 2140 uuo
726 2089 892 2154 verbo]
922 2091 1042 2141 Una
1082 2084 1344 2141 sententia
1363 2106 1379 2138 :

314 2172 377 2214 ut
420 2166 476 2214 in
510 2166 792 2232 Adelphis:
847 2169 864 2196 ‘
890 2166 1011 2217 Non
1052 2182 1221 2217 meum
1250 2167 1377 2217 illud

319 2245 533 2295 verbum
553 2244 714 2308 facio,
729 2245 867 2310 quod
884 2251 941 2294 tu
963 2245 1119 2294 Mitto
1144 2246 1290 2294 Bene
1313 2259 1376 2293 ac

320 2321 588 2385 sapienter
611 2321 745 2372 dixti
770 2322 964 2371 dudum
986 2340 998 2370 z
1035 2322 1215 2371 vitium
1236 2336 1376 2371 com·

316 2413 469 2449 mune
492 2400 719 2449 omnium
751 2407 851 2463 est,
872 2399 1024 2451 Quod
1064 2399 1274 2448 nimium
1307 2398 1374 2448 ad

308 2492 426 2527 “rem
448 2478 500 2526 in
525 2486 742 2528 senecta
761 2479 949 2528 attenti
969 2478 1180 2528 sumus)
1235 2479 1374 2529 Nam

321 2555 454 2605 male
490 2555 737 2619 intelligit
778 2557 865 2621 qui
905 2562 1076 2620 putat,
1106 2557 1371 2619 adsimules,

317 2632 507 2682 oerbmn
529 2632 840 2697 significare.
868 2634 1020 2684 Idem.

306 2725 309 2728 ·
383 2713 449 2759 19
482 2710 566 2759 Ita
576 2709 785 2773 faciam]
822 2710 937 2760 Hoc
959 2716 1062 2772 est,
1084 2725 1187 2761 uno
1209 2710 1373 2760 verbo

321 2786 486 2836 dicam
511 2805 526 2835 ι
577 2795 632 2837 et
674 2786 812 2853 qnod
847 2786 1060 2852 verbnm
1097 2788 1376 2852 promittit,

303 2861 394 2913 ibi
418 2863 570 2927 dicit,
608 2864 799 2915 ‘Nunc
831 2871 976 2915 tuum
1020 2864 1244 2914 officium
1279 2872 1378 2923 est,

319 2940 411 2991 bas
438 2942 571 2992 bene
586 2948 647 2992 ut
661 2943 936 2993 adsimules
959 2943 1206 3008 nuptias!
1229 2945 1379 2995 Idem.

384 3022 451 3068 20
486 3020 618 3077 Quas
649 3022 805 3071 credis
837 3035 935 3071 esse
966 3020 1075 3083 has]
1106 3021 1378 3085 syllepsis.

318 3096 474 3147 Idem.

383 3178 446 3223 21
487 3175 589 3224 Cur
622 3177 818 3227 simulas
859 3176 1037 3241 igitur]
1076 3171 1376 3240 Virgilius:

324 3251 340 3278 ‘
356 3252 427 3302 Et
446 3268 563 3318 quae
580 3261 727 3305 tanta
748 3254 850 3306 fuit
871 3257 1089 3306 Romam
1102 3254 1200 3305 tibi
1224 3255 1381 3304 causa

304 3328 585 3379 ‘videndi?'
619 3331 768 3382 Idem.

304 3419 309 3424 ·
384 3410 451 3456 22
488 3407 562 3456 Eo
579 3407 740 3472 pacto]
763 3410 933 3472 Paeto,
954 3409 1122 3472 modo,
1137 3410 1379 3474 quoniam

192 3521 199 3529 .
304 3482 588 3533 antecedit
632 3491 862 3551 pactum,
905 3486 1090 3537 modus
1125 3489 1378 3552 sequitur.

325 3559 466 3624 Ergo
487 3559 555 3610 ab
576 3575 640 3611 eo
674 3562 809 3627 quod
851 3563 1126 3627 praecedit,
1143 3564 1214 3613 ·id
1240 3564 1380 3630 quod

321 3637 571 3702 sequitur,
591 3639 756 3690 dicit:
787 3641 890 3690 ‘Et
925 3642 1069 3705 gnati
1111 3641 1287 3699 vitam,
1327 3649 1384 3694 et

322 3713 592 3764 consilium
614 3730 784 3765 meum
808 3732 1124 3781 cognosces:
1159 3726 1215 3767 et
1256 3719 1381 3785 quid

302 3788 501 3842 'facere
523 3792 580 3842 in
611 3793 707 3843 bac
741 3793 831 3843 re.’
903 3795 1040 3845 Nam
1064 3794 1181 3845 istoe
1204 3796 1381 3846 divisi·

323 3881 448 3918 ones
473 3876 610 3921 sunt.
663 3871 680 3900 ‘
705 3870 869 3921 Gnati
893 3872 1106 3923 vitams’
1142 3875 1382 3939 qnoniam

321 3944 557 3997 dicturus
573 3954 674 4012 est,
706 3949 873 3999 ‘Nam
903 3950 947 3999 is
968 3957 1250 4015 postquam
1293 3966 1382 4002 ex-

324 4025 479 4073 cessit
501 4040 569 4074 ex
585 4026 820 4091 ephebis,
843 4027 1007 4077 Sosia.
1012 4025 1028 4049 '
1065 4027 1081 4056 ‘
1098 4029 1382 4078 Consilium

322 4097 538 4152 meum:’
574 4103 697 4168 quia
725 4103 957 4153 dicturus
982 4110 1078 4167 est,
1114 4106 1129 4133 ‘
1147 4106 1215 4154 Et
1246 4119 1384 4155 nunc

324 4178 378 4230 id
398 4194 613 4244 operam
634 4180 734 4230 do?
718 4175 775 4209 ’ἵ
794 4183 865 4232 Et
878 4182 1001 4247 quid
1021 4181 1232 4234 facere·
1219 4198 1269 4232 m
1285 4184 1383 4233 bac

326 4269 382 4305 re
446 4262 502 4306 te
548 4256 761 4308 velim:

306 4331 345 4360 “
363 4331 523 4383 Nunc
544 4340 688 4384 tuum
712 4341 794 4385 est
819 4334 1082 4387 officium!
1111 4336 1127 4364 ‘
1145 4337 1215 4387 Et
1241 4340 1384 4401 gnati

326 4409 505 4477 vitam,
519 4418 574 4463 et
591 4413 866 4465 consilium
881 4428 1053 4467 meum
1063 4414 1380 4479 Cognosces,

812 4259 936 4325 quia
995 4258 1229 4309 dicturus
1287 4266 1387 4324 est,

2339 385 2528 455 1039·

1436 549 1508 592 ‘et
1550 545 1670 608 quid
1713 542 1979 596 faeere'iu
2015 545 2110 595 liae
2143 560 2201 597 re
2239 551 2292 597 te
2317 547 2505 601 velim.'

1456 618 1753 685 Tripartita
1771 622 2083 673 distributio.
2114 623 2348 675 Donatus.

1521 700 1594 747 Eo
1612 700 1772 764 poeto]
1796 700 2031 750 Partitur
2053 702 2190 765 apud
2207 702 2509 753 Terentium

1453 775 1689 826 breviter
1723 785 1781 826 et
1813 778 2083 828 commode
2118 791 2277 827 senex
2313 779 2365 827 in
2401 777 2510 828 An·

1453 854 1584 913 dria,
1608 850 1732 923 ‘quie
1755 869 2069 919 cognoscere
2100 856 2342 906 libertum
2366 857 2509 907 vult:

1454 934 1531 982 Eo
1547 938 1697 996 ‘pacto
1717 939 1767 983 et
1790 938 1837 983 1.
1857 936 2000 996 gnati
2020 934 2190 997 υἰίαηι,
2219 939 2265 983 et
2286 935 2511 985 memni-

1451 1010 1569 1060 liinn
1587 1025 1740 1060 meum
1759 1025 2022 1073 cognosces,
2042 1016 2088 1060 et
2118 1015 2167 1060 3.
2202 1010 2317 1074 quid
2340 1011 2510 1070 faeere

1449 1090 1502 1135 in
1524 1086 1684 1137 haere
1715 1092 1763 1136 te
1795 1088 1954 1137 velim.
2020 1088 2157 1137 Vide
2196 1088 2307 1138 Cic.
2323 1098 2424 1138 n.
2441 1088 2507 1137 de

1440 1161 1693 1214 Oratore.
1728 1165 2009 1213 Foruobius.

1517 1242 1587 1290 Et
1604 1240 1748 1303 gnati
1765 1241 1941 1304 vitam]
1994 1241 2168 1291 Vitam
2189 1240 2319 1290 filii·
2305 1255 2356 1290 tn
2380 1209 2509 1291 duas

1453 1326 1629 1382 partes
1651 1317 1840 1367 dividit
1870 1319 1922 1367 in
1945 1319 2275 1369 narratione:
2311 1319 2364 1367 in
2388 1326 2511 1367 aute

1452 1403 1623 1445 actam
1649 1396 1853 1457 bonam,
1886 1400 1941 1443 et
1970 1401 2281 1458 presentem
2303 1394 2512 1443 malam.

1437 1471 1532 1521 -Et-
1550 1472 1733 1534 incipit
1754 1472 1888 1520 mala
1923 1471 2012 1533 ibi,
2046 1472 2062 1499 ‘
2084 1471 2294 1521 Interea
2324 1470 2512 1520 mulier

1453 1548 1710 1613 quaedam.
1716 1547 1732 1570 ’
1786 1550 1856 1599 Et
1878 1548 2011 1597 bene
2034 1553 2165 1598 actae
2192 1548 2312 1597 vitae
2339 1560 2511 1597 narra·

1454 1625 1530 1674 tio
1568 1624 1631 1674 ad
1670 1640 1783 1674 eam
1823 1640 1929 1674 rem
1967 1626 2123 1688 valet,
2162 1634 2221 1674 ut
2254 1622 2514 1685 ostendat,

1451 1717 1603 1768 quam
1633 1704 1808 1767 justus
1846 1703 1995 1753 dolor
2021 1703 2159 1766 patri
2194 1702 2263 1752 sit
2302 1717 2396 1815 spe
2413 1703 2510 1753 de·

1442 1785 1630 1842 cepto.
1668 1780 1903 1829 Donatus.

1517 1860 1581 1906 24
1616 1856 1745 1905 Nam
1764 1856 1830 1920 is]
1866 1857 2177 1906 Necessario
2204 1857 2250 1906 is
2282 1857 2508 1921 positum

1444 1944 1550 1996 ’pro
1588 1934 1824 1984 nomine:
1859 1932 2068 1998 ἀναφορὰ
2105 1934 2169 1983 ad
2206 1933 2336 1987 illud
2368 1934 2514 1995 gnati

1450 2010 1630 2059 sitam.-
1665 2022 1781 2058 nam
1801 2010 1843 2059 si
1868 2024 1966 2058 nou
1994 2010 2249 2073 posuisset
2265 2009 2366 2059 boc
2394 2022 2516 2071 prob

1450 2102 1654 2145 nomen,
1668 2088 1816 2157 Sosia
1826 2095 1940 2137 erat
1952 2086 2337 2150 intelligendus.
2361 2086 2515 2138 Idem.

1521 2166 1647 2215 Nom
1666 2165 1733 2229 is]
1766 2166 2087 2230 Pamphilus.
2119 2167 2268 2215 Idem.

1517 2245 1772 2308 Postquam
1794 2246 1996 2294 excessit
2014 2259 2076 2294 ex
2097 2243 2305 2308 ephebis]
2355 2243 2509 2307 Ephe·

1449 2321 1527 2370 bia
1550 2322 1713 2385 prima
1734 2329 1863 2372 aetas
1885 2322 2248 2372 adolescentiae
2270 2327 2369 2383 est,
2389 2322 2513 2371 a'do·

1442 2398 1702 2448 lescentia
1722 2403 1805 2448 est
1825 2407 2060 2449 extrema
2084 2399 2341 2463 pueritiae.
2405 2398 2514 2446 Ex·

1447 2478 1588 2526 cessit
1610 2492 1687 2527 ex.
1737 2477 1866 2526 Cum
1885 2474 2144 2526 sufficeret
2163 2491 2333 2527 unum.
2362 2477 2514 2524 Idem.

1515 2556 1737 2605 Excessit
1758 2572 1820 2605 ex
1841 2555 2049 2619 ephebis]
2084 2555 2311 2617 Ἐξελθὼν
2328 2554 2377 2615 ἐξ
2397 2551 2511 2616 ἐφή-

1448 2635 1548 2688 βων
1570 2633 1813 2697 Xenoph.
1834 2635 1869 2682 l.
1891 2632 1953 2683 α’.
1973 2633 2213 2697 Ephebus
2235 2641 2406 2680 antem
2429 2638 2512 2681 est

1450 2710 1541 2774 qui
1577 2711 1643 2759 ad
1689 2711 1985 2774 pubertatis
2027 2725 2189 2760 anuos
2235 2709 2509 2773 pervenit:

1452 2789 1600 2851 quasi
1635 2786 1711 2835 ἐπὶ
1746 2788 1886 2851 ἥβης,
1915 2802 2032 2852 quae
2066 2787 2234 2851 prima
2270 2794 2355 2836 est
2391 2799 2512 2848 pars

1438 2864 1841 2928 adolescentiae,
1853 2873 2088 2914 extrema
2106 2863 2363 2928 pueritiae·
2389 2862 2512 2913 For-

1446 2943 1636 2993 nubitis.

1515 3029 1578 3075 25
1616 3022 1854 3086 Liberius]
1889 3021 2127 3083 Liberius,
2146 3035 2247 3070 non
2269 3026 2351 3069 est
2373 3032 2510 3069 com-

1451 3103 1719 3166 parativus
1762 3100 1988 3165 gradus:
2024 3114 2127 3149 non
2169 3098 2305 3147 enim
2344 3098 2514 3162 potuit

1450 3179 1620 3228 libere
1643 3184 1766 3227 ante
1786 3178 1982 3237 vivere,
2003 3175 2124 3224 dum
2149 3181 2302 3238 aetas,
2324 3181 2512 3235 metus,

1453 3255 1704 3317 magister
1747 3252 2111 3316 prohibebunt:
2179 3251 2320 3314 Ergo
2363 3248 2514 3298 deest

1451 3331 1727 3394 aliquanto:
1760 3335 1821 3378 nt
1859 3328 1943 3391 sit,
1976 3328 2241 3393 aliquanto
2277 3325 2510 3377 liberius.

1442 3409 1692 3461 'Donatus-

1517 3485 1737 3536 Liberius
1758 3485 1967 3549 vivench]
2001 3485 2170 3534 Deest
2190 3485 2251 3535 ei.
2297 3481 2460 3534 Idem.

1523 3563 1743 3613 Liberius
1774 3563 1963 3612 vivendi
1983 3561 2090 3622 fuit
2122 3565 2356 3625 potestas:
2402 3576 2514 3610 nam

1453 3641 1620 3705 antea]
1674 3640 1809 3691 Sunt
1853 3639 1941 3703 qui
1984 3638 2272 3692 dictionem
2310 3638 2519 3700 vivendi,

1456 3718 1581 3768 eliso
1605 3733 1672 3767 ex
1690 3732 1772 3780 ea,
1800 3733 1847 3779 v,
1863 3716 2055 3778 medio,
2071 3717 2122 3764 in
2141 3717 2269 3766 duas
2288 3714 2515 3780 syllabas

1455 3796 1797 3846 contrahant:
1832 3794 1971 3860 quod
2009 3809 2101 3858 per
2123 3793 2380 3856 synizesin
2401 3790 2516 3841 fieri

1455 3887 1611 3938 posse
1638 3887 1794 3935 supra
1833 3870 2087 3920 diximus:
2126 3885 2217 3919 nos
2250 3869 2406 3919 etiam
2442 3869 2517 3918 ita

1457 3950 1740 4001 sustentari
1761 3963 1967 3999 versum
1991 3956 2249 4012 putamus,
2280 3947 2321 3995 si
2335 3946 2428 3996 -vel
2449 3961 2517 3995 ex

1451 4033 1679 4092 potestas,
1702 4042 1725 4076 s
1751 4027 1974 4077 medium
1994 4025 2298 4090 abjiciatur3
2342 4024 2422 4071 vel
2447 4036 2513 4070 ex

1455 4106 1651 4156 liberius
1672 4105 1797 4154 eliso
1821 4119 1871 4167 e,
1899 4117 1995 4168 per
2028 4115 2309 4167 syncopam
2339 4097 2432 4148 fiat
2455 4100 2515 4147 li-

1456 4182 1619 4232 brius:
1652 4182 1787 4231 sicut
1830 4196 1897 4230 ex
1938 4179 2189 4242 asperius,
2221 4175 2514 4227 faceremus

1456 4261 1690 4324 asprius:
1726 4273 1793 4308 ex
1822 4257 2107 4317 dexterius,
2141 4254 2409 4305 dextrius:
2444 4256 2517 4305 ita
2567 4273 2574 4280 ·

1450 4336 1640 4400 tibi-ius,
1662 4335 1765 4386 erit
1798 4334 2039 4399 dactylus
2058 4331 2281 4396 ³abjeota
2304 4347 2349 4397 e,
2371 4343 2515 4383 more

1455 4420 1725 4464 veterum:
1783 4411 1948 4463 dictio
2002 4416 2175 4462 autem
2219 4408 2344 4474 finit,
2412 4421 2513 4460 una
