3035 4941
497 426 500 429 .
539 367 712 434 1370

547 528 770 578 Chremes
796 525 1155 591 -intaerpellatm
1185 527 1511 578 Menedemum
1530 540 1604 575 es-

1245 378 1462 430 NOTAE
1509 379 1910 431 vammum
1966 380 2042 428 [N
2123 409 2158 427 .«
2253 415 2256 422 .

1681 534 1767 577 tur
1788 534 1960 577 autem
1984 527 2084 576 ista
2102 543 2118 576 ε
2149 541 2322 590 qums,
2353 526 2470 591 quid
2507 532 2564 576 tn
2592 526 2738 576 honi-

543 620 598 656 κ
617 620 648 654 ιι
670 605 802 669 filio,
835 618 930 652 non
964 619 1073 653 vero
1103 608 1155 652 ut
1179 617 1376 654 uxorem
1394 604 1604 677 duceret,
1678 602 1853 655 aises?
1873 605 2039 666 jamne
2063 605 2236 653 oblitus
2266 620 2337 663 es,
2371 605 2503 654 inter
2522 619 2610 653 nos
2628 606 2741 668 qaid

539 685 633 733 sed
660 687 732 739 ut,
768 681 1042 746 namtiarmn
1075 681 1259 744 gratia,
1288 686 1539 743 argentam
1575 696 1606 730 ιι
1680 682 1748 732 sit
1766 682 1946 731 dietum
1980 685 2039 731 «le
2070 682 2177 740 full·
2197 682 2451 745 μετεωρίσαι
2472 682 2525 731 ei
2546 682 2742 746 objicits

538 769 680 828 patre
701 762 974 826 susciperet.
1009 761 1352 825 Eugraphius.

613 841 775 889 Multo
797 840 1002 888 omnuim
1019 854 1144 889 mne
1156 836 1456 901 mesariam]
1471 835 1607 887 Haec

545 914 822 980 egrediens
841 916 993 966 domo
1027 929 1187 964 senex
1205 914 1341 965 intro
1357 914 1424 963 ad
1445 912 1608 964 filium

544 991 794 1056 loquitur,
817 1006 960 1042 more
983 991 1201 1055 comico,
1233 999 1292 1042 ut
1322 990 1500 1041 statim
1531 989 1612 1040 in-

545 1069 789 1131 telligant
801 1076 1146 1133 spectatores,
1162 1083 1278 1134 quae
1297 1067 1497 1133 agenda
1517 1066 1612 1117 de-

547 1145 731 1208 inceps
750 1144 801 1193 in
823 1159 980 1195 scena
1002 1145 1123 1195 sint.
1159 1145 1416 1197 Boeclerus.

616 1222 774 1271 Multo
796 1222 1023 1283 omnium,
1039 1223 1148 1286 asca]
1186 1220 1522 1285 Apostrophe
1543 1219 1611 1270 ad

547 1297 713 1348 filium
753 1299 1043 1361 absentem,
1075 1299 1157 1348 vel
1200 1298 1339 1349 domi
1379 1297 1613 1348 residen-

551 1383 692 1437 tem3
726 1375 981 1440 cumipse
1005 1374 1143 1425 fores
1164 1374 1452 1440 egreditur.
1487 1375 1614 1425 Far-

618 1534 651 1579 3
687 1528 965 1593 Respicere]
991 1527 1213 1580 Codices
1228 1527 1364 1592 fere,
1379 1529 1616 1593 resipisse.

554 1607 726 1658 Quem
746 1604 1013 1670 ἀρχαϊσμὸν
1030 1607 1189 1656 etiam
1208 1605 1510 1657 Priscianus
1527 1621 1619 1656 no·

553 1688 655 1732 tat.
724 1681 881 1748 Apud
922 1682 1167 1733 Plautum
1206 1683 1446 1734 Rudente
1469 1698 1547 1734 xv.
1573 1689 1621 1735 1.

555 1763 610 1809 8.
653 1760 833 1823 legas:
883 1760 902 1789 ‘
938 1761 1035 1811 Pol
1086 1761 1250 1824 magis
1297 1762 1542 1827 sapisset‚
1577 1762 1622 1812 si

556 1835 893 1887 dormivisset
915 1838 1089 1888 domi.’
1120 1839 1381 1890 Boeclerus.

626 1914 895 1979 Resipisse]
953 1916 1001 1964 E
1036 1914 1276 1966 vitiorum
1309 1915 1512 1982 gurgite
1555 1915 1623 1966 ad

558 2004 736 2040 sanam
790 1998 1017 2042 mentem
1065 1998 1123 2042 et
1176 2000 1372 2044 rectam
1412 1993 1625 2043 vivendi

559 2066 812 2115 rationem
833 2068 1117 2119 emersisse.
1153 2067 1438 2120 Parnasium

632 2144 702 2193 Ut
734 2144 890 2203 errat]
921 2146 1007 2195 Sc.
1047 2145 1185 2211 quod
1230 2153 1403 2210 putat,
1435 2162 1552 2197 eum
1592 2163 1625 2197 a

561 2222 831 2273 Bacchide
864 2237 1092 2272 amorem
1130 2225 1410 2275 contulisse
1443 2225 1508 2275 ad
1532 2225 1624 2275 ali·

560 2313 646 2347 am
668 2313 684 2360 ;
713 2313 831 2349 cum
857 2302 1064 2363 nuptias
1090 2301 1535 2366 obtentuisumat,
1557 2303 1621 2353 ad

563 2376 945 2439 emungendum
961 2385 1175 2441 argento
1198 2385 1485 2441 parentem.
1504 2380 1625 2430 Hoc

564 2456 740 2499 autem
764 2450 893 2501 dicit
917 2452 1023 2513 ille,
1057 2452 1142 2516 qui
1168 2466 1262 2516 per
1285 2458 1447 2504 totam
1473 2453 1624 2506 fabu-

563 2527 666 2575 lam
691 2527 939 2576 sollennia
962 2537 1114 2577 errat.
1147 2528 1408 2581 Boeclerus.

570 2633 577 2637 -
620 2602 798 2665 Errat]
817 2604 1071 2668 Uterque,
1087 2604 1330 2656 Chremes
1342 2608 1629 2672 praecipue,

567 2678 664 2743 qui
695 2678 1064 2728 Menedemum
1101 2679 1488 2747 credit-decipi,
1509 2698 1653 2735 cum·

569 2757 684 2819 ipse
700 2753 983 2818 decipitur.
1018 2756 1303 2808 Furmbiws.

569 2870 575 2879 .
635 2837 668 2881 4
695 2831 846 2882 Serva
867 2834 988 2896 quad
1008 2833 1133 2883 inte
1152 2833 1250 2898 est]
1279 2835 1478 2885 Petens
1500 2850 1629 2901 nup·

570 2909 669 2957 tias
708 2907 812 2957 filio
854 2924 969 2971 suo,
1009 2911 1370 2975 posteritatem
1411 2909 1632 2978 respicit

568 2990 755 3036 totam.
792 2986 1114 3050 Eugrapleius.

637 3067 667 3112 7
705 3063 877 3119 Quoeso
926 3063 1039 3126 qnid
1076 3063 1304 3127 hominis]
1371 3064 1632 3129 Redigere

570 3138 685 3189 vult
712 3137 766 3187 iu
786 3138 1087 3189 memoriam
1113 3139 1359 3189 Chremes
1382 3141 1629 3193 Menede-

569 3216 660 3265 mo
693 3215 936 3279 *Arguit
973 3215 1132 3278 igitur
1165 3216 1304 3279 quod
1328 3218 1487 3269 veluti
1507 3220 1635 3269 stul·

569 3300 657 3343 tus
681 3306 782 3342 non
806 3291 1084 3355 intelligat,
1106 3291 1242 3356 quod
1266 3292 1335 3342 de
1354 3292 1473 3343 dolo
1495 3308 1634 3346 nunc

572 3377 777 3433 agatur.
812 3369 961 3418 Idem.
1368 3398 1373 3409 -

642 3449 747 3498 Cn.
782 3448 956 3503 Quam
976 3447 1091 3510 quid
1109 3451 1165 3496 tu
1183 3447 1386 3497 nonanis
1399 3463 1450 3499 es
1463 3445 1490 3500 2
1522 3450 1635 3503 ΜΕ.

570 3525 715 3589 quid]
777 3524 993 3574 Plenior
1042 3523 1254 3574 videtur
1296 3526 1462 3576 lectio
1512 3526 1633 3578 libri

576 3600 835 3651 Bembiui.
901 3602 984 3650 Μ.
1019 3600 1131 3664 quid
1172 3598 1288 3652 est?
1322 3614 1420 3654 nec
1451 3619 1635 3655 versus

572 3683 855 3740 repugnat,
878 3676 1005 3727 eliso
1028 3691 1096 3726 ex
1114 3678 1277 3728 verbo
1311 3693 1362 3729 es
1388 3695 1413 3730 s
1434 3681 1634 3734 littera.
1673 3704 1678 3716 ·
1713 3718 1718 3725 ·

579 3753 814 3802 fuemus.

638 3828 839 3902 Quaeso,
861 3828 975 3893 quid
990 3833 1044 3878 tu
1059 3828 1266 3880 hominis
1286 3832 1359 3897 es]
1391 3835 1466 3884 Ut
1482 3837 1637 3899 paulo

575 3911 699 3970 post
730 3906 938 3957 stultior
969 3913 1242 3971 appareat,
1277 3910 1469 3975 ubique
1498 3927 1636 3964 nunc

574 3998 688 4034 suae
729 3982 1001 4046 sapientise
1041 3982 1259 4046 plaudit.
1326 3986 1463 4038 Haec
1500 3992 1637 4041 euim

572 4058 790 4110 liberior
832 4059 1109 4123 castigatio
1170 4075 1286 4111 cum
1339 4071 1640 4129 arrogantia

574 4138 864 4201 conjuncta
901 4143 1001 4188 est.
1083 4136 1287 4202 Hecyr.
1331 4153 1409 4191 tv.
1460 4148 1511 4194 4.
1557 4150 1639 4197 21.

575 4214 715 4262 ⁴Sed
751 4214 878 4279 qnid
914 4212 1143 4264 mulieris
1178 4228 1394 4267 uxorem
1425 4219 1583 4274 habes
1601 4225 1638 4274 ?’

577 4302 696 4340 cum
722 4291 946 4357 quodam
967 4296 1253 4344 contemtu.
1318 4294 1637 4354 Continuan-

1685 758 1840 811 Quod
1866 758 2043 808 vitium
2069 760 2240 809 Latini
2281 773 2381 808 uon
2412 767 2633 822 possunt
2657 759 2744 818 ali÷

1684 842 1767 888 ter
1787 833 1917 898 fere,
1933 847 2088 900 quam
2113 850 2204 897 per
2224 835 2526 896 oblivionem,
2542 832 2746 885 efferre.

1684 912 1820 962 Vide
1837 913 2052 962 Sueton.
2075 912 2257 962 Claud.
2279 916 2363 963 39.
2397 912 2668 962 Boeclerus.
2739 931 2742 934 ’

1693 1025 1696 1028 -
1752 993 1815 1038 10
1852 990 1921 1038 Et
1943 1004 2040 1053 seq.
2063 991 2178 1052 quid
2198 990 2329 1039 dixti
2352 990 2587 1039 Chreme?
2621 1004 2746 1038 erran

1684 1065 1757 1130 vi]
1782 1067 1835 1117 Si
1853 1067 1972 1117 haec
1990 1067 2258 1122 distinctio
2280 1081 2624 1131 personarum
2645 1081 2748 1115 ser·

1686 1151 1859 1208 vatur,
1916 1150 2043 1207 tum,
2076 1143 2469 1194 accommodata
2522 1143 2749 1193 moribus

1686 1222 1987 1273 Menedemi
2009 1221 2264 1284 oratioue,
2285 1220 2605 1279 ostenditur,
2627 1235 2751 1285 quo-⁶

1687 1298 1933 1349 modose
1970 1299 2015 1350 is
2050 1299 2104 1348 iu
2142 1311 2506 1363 quamcunque
2546 1303 2749 1361 partem

1689 1375 1827 1426 trahi
1859 1390 2042 1439 passus
2088 1375 2190 1425 sit:
2227 1373 2432 1441 quando
2474 1380 2534 1423 et
2576 1375 2751 1423 statim

1690 1453 1983 1508 Chremetis
2030 1452 2313 1517 suspicioni
2368 1452 2602 1502 credidit
2635 1467 2652 1514 ;
2702 1457 2754 1500 et

1689 1544 1807 1579 cum
1831 1529 2051 1580 subinde
2089 1529 2391 1580 recordatus
2427 1535 2594 1589 esset,
2616 1527 2751 1592 quod

1693 1605 1759 1655 de
1794 1606 2106 1670 Clitiphonis
2143 1605 2311 1655 amica
2331 1603 2604 1655 Bacchide
2635 1618 2752 1667 cog-

1691 1683 1946 1746 novisset,
1987 1683 2106 1733 levi.
2135 1682 2563 1733 contradictione·
2601 1680 2756 1731 cessit

1695 1761 1920 1825 cognitae
1941 1760 2257 1824 possessione
2272 1760 2533 1810 veritatis.
2579 1758 2753 1823 Guye·

1696 1839 1737 1888 ti
1758 1839 2037 1888 lectionem
2056 1846 2109 1887 et
2123 1836 2510 1888 distinctionem
2543 1851 2648 1885 vss.
2680 1836 2755 1884 13.

1697 1921 1777 1967 14.
1802 1923 1881 1968 15.
1905 1916 2095 1982 juvant
2119 1914 2251 1966 Mss.
2273 1915 2456 1976 nostri,
2479 1912 2548 1962 de
2572 1910 2756 1978 quibus

1698 2000 1851 2046 ante:
1877 1995 1952 2044 ita
1976 2003 2149 2043 esset:
2181 1994 2255 2041 sie
2283 2007 2364 2041 res
2383 1998 2493 2041 actu
2523 1995 2618 2053 est,
2648 1990 2683 2038 i.
2713 2003 2758 2037 e.

1696 2077 1868 2122 actum
1892 2077 1989 2120 est.
2058 2069 2212 2123 Quod
2238 2070 2296 2118 -in
2338 2084 2397 2120 re
2436 2069 2650 2133 perdita
2673 2073 2757 2117 sut

1696 2149 1834 2197 mala
1866 2148 2077 2200 dicitur.
2141 2145 2248 2196 Alii
2284 2146 2359 2195 ita
2393 2145 2755 2209 distinguunt:

1699 2225 1806 2276 Cn.
1844 2226 1919 2274 Ea
1968 2239 2044 2273 res
2085 2240 2209 2274 nunc
2255 2225 2421 2286 agitur
2466 2224 2594 2286 ipsa.
2681 2220 2756 2271 M.

1697 2300 1813 2366 quid
1832 2301 1962 2351 dixti
1998 2299 2236 2351 Chreme!
2301 2299 2408 2349 CH.
2447 2297 2656 2349 Erravit
2694 2298 2760 2346 sic

1698 2393 1775 2428 res
1810 2384 1919 2428 ueta
1951 2384 2042 2429 est.
2110 2378 2187 2427 M.
2227 2381 2407 2441 quantu
2441 2392 2525 2441 spe
2564 2372 2761 2427 decidi!

1702 2454 1807 2506 Cn.
1838 2456 1990 2506 Immo
2011 2456 2127 2520 hoec,
2146 2470 2250 2520 qm
2268 2455 2394 2519 apud
2416 2457 2463 2503 te
2495 2457 2588 2518 ese,
2625 2452 2761 2502 Cliti·

1696 2534 1868 2598 plumis
1888 2541 1956 2583 est
1991 2535 2177 2584 Amica.
2244 2534 2321 2588 M.
2342 2533 2415 2582 ita
2434 2532 2611 2582 aiunts
2659 2532 2764 2581 CR.

1701 2618 1750 2662 et
1772 2618 1828 2662 tu
1858 2613 2039 2662 credis?
2104 2612 2180 2661 M.
2218 2611 2392 2675 omnia.
2457 2611 2566 2661 CH.
2608 2611 2679 2659 Et
2705 2610 2763 2658 il-

1704 2689 1960 2739 lumraiuat
1976 2690 2092 2739 velle
2111 2682 2327 2751 uxorem,
2347 2693 2405 2737 ut
2433 2703 2542 2738 ciem
2574 2689 2764 2752 despon-

1703 2767 1871 2829 derim,
1903 2769 2022 2830 Des,
2058 2768 2139 2831 qui
2173 2782 2343 2817 aurum
2377 2781 2434 2815 ae
2471 2772 2668 2829 vestem,
2686 2769 2762 2830 ᾁτ.

1705 2845 1793 2895 Ita
1846 2846 1938 2895 illa
1975 2848 2157 2907 verba,
2204 2846 2380 2901 erravi,
2428 2844 2503 2894 sic
2552 2845 2636 2893 res
2664 2849 2767 2894 octa

1705 2927 1800 2984 est,
1846 2921 2209 2987 ἐπανορθωτικὴν
2238 2920 2443 2972 διάνοιαν
2475 2921 2765 2971 haberent:

1705 3015 1763 3050 ea
1793 3016 1872 3050 res
1891 3017 2014 3052 nune
2032 3002 2199 3064 agitur
2229 3001 2357 3064 ipsa,
2381 3008 2454 3062 et,
2486 2999 2617 3065 quid
2641 3001 2770 3063 dico,

1709 3077 1919 3141 agitur?
1960 3079 2147 3129 erravi.-
2179 3076 2292 3141 jam
2324 3077 2396 3126 sic
2427 3090 2507 3126 res
2536 3081 2653 3125 acta
2683 3080 2769 3126 est.

1707 3154 1826 3206 Jam
1846 3153 2007 3215 facta,
2028 3161 2295 3205 transacta
2316 3153 2503 3203 omnia.
2546 3152 2584 3204 J
2589 3167 2675 3202 arn
2697 3161 2779 3202 re·

1708 3230 1851 3295 liqna
1882 3235 2156 3293 μιμητικῶς,
2188 3229 2356 3294 figura
2377 3228 2444 3277 ad
2464 3228 2772 3292 sagacitatis

1708 3308 2002 3371 opinionem
2046 3309 2336 3372 aptissima,
2358 3303 2701 3370 profer-immi·
2743 3319 2774 3354 a

1711 3384 2025 3435 Chremete:
2073 3385 2223 3434 Imm>
2262 3385 2381 3446 hoec,
2419 3397 2526 3446 que
2565 3384 2773 3446 apud&

1709 3464 1799 3522 est,
1843 3460 2129 3526 Clitiphonis
2169 3467 2244 3511 est
2283 3461 2451 3510 amica.
2511 3460 2647 3509 Tum
2663 3477 2680 3512 z
2725 3466 2773 3510 et

1706 3536 1842 3585 illum
1853 3536 1990 3587 aiant
2002 3537 2119 3587 velle
2130 3552 2346 3588 uxorem.
2410 3536 2618 3587 Seriem
2638 3538 2772 3588 enim

1708 3614 1815 3664 doli
1837 3615 1888 3665 ἐν
1910 3615 2145 3681 ὑποκρίσει
2162 3616 2394 3665 exhibet.
2425 3616 2578 3666 Idem.

1776 3699 1836 3745 11
1872 3696 2070 3744 Erravi.
2137 3694 2223 3743 Sic
2244 3708 2321 3743 res
2341 3697 2447 3743 actu
2463 3698 2554 3743 est.
2610 3695 2772 3750 Quen-

1710 3777 1765 3822 ta
1784 3787 1863 3836 spe
1882 3771 2059 3834 decidi]
2098 3771 2161 3820 In
2184 3776 2436 3820 contextu
2467 3769 2590 3819 libri
2626 3771 2771 3821 Vati·

1713 3852 1828 3899 cani
1854 3864 1954 3899 nou
1979 3863 2093 3898 esse
2116 3849 2212 3897 uisi
2236 3848 2455 3912 primam
2469 3846 2773 3910 dictionem,

1712 3927 1886 3990 erravi,
1918 3927 1970 3981 in
2007 3924 2261 3975 Bembino
2299 3938 2422 3973 vero
2471 3924 2624 3976 illum
2664 3940 2769 3975 ver-

1714 4018 1825 4052 sum
1849 4003 2054 4052 omniuo
2089 4016 2193 4051 non
2229 4015 2366 4062 esse,
2401 4006 2458 4050 et
2493 4015 2624 4051 sane
2661 4015 2769 4051 eum

1714 4096 1833 4130 esse
1864 4079 2201 4130 subditicium
2252 4092 2321 4128 ex
2365 4078 2770 4143 insequentibus.

1711 4165 1883 4225 patet,
1904 4157 1997 4207 ubi
2034 4153 2393 4227 Menedemus,
2411 4161 2525 4206 tum
2547 4156 2769 4220 denique

1712 4248 1946 4289 errorem
1964 4248 2111 4284 suum
2127 4244 2436 4297 agnoscens,
2453 4233 2504 4282 in
2520 4232 2640 4283 haec
2658 4247 2766 4283 ver-

1714 4310 1782 4366 ba
1828 4311 2140 4378 prorumpit,
2184 4310 2238 4362 id
2282 4306 2366 4361 est
2402 4326 2417 4362 z
2469 4311 2681 4376 prdem
2715 4311 2768 4361 id
