3035 4941
747 370 1114 419 TEREN'mt
1166 368 1403 417 ANDR.
1450 369 1620 417 Ac'r.
1667 368 1780 416 1112
1825 368 1930 419 SC.
1979 369 2060 420 11.

2322 358 2497 422 1105

298 528 388 563 vus
433 517 733 576 pernegatx
794 519 852 563 et
894 513 962 562 ad
1002 511 1131 562 illud
1165 510 1364 572 κωμικὸν
1433 511 1674 574 Guyetus
1698 511 2012 577 adscripsit:
2032 513 2142 580 j’uy
2172 519 2330 577 graml
2362 517 2497 567 tore!

294 590 591 640 delabitur:
624 605 721 640 nou
734 592 860 640 satis
873 604 948 639 me
964 589 1177 654 pernosti
1196 589 1362 651 etiam,

288 667 439 731 qualis
458 666 553 715 ab·
574 666 742 716 Simo.-
771 666 909 731 quod
945 681 1061 716 cum
1097 665 1358 716 Sinonem

288 743 356 794 de
374 742 485 793 fide
507 752 570 793 et
591 744 857 808 probitate
874 744 1032 793 vellet
1047 743 1361 807 intelligere,

289 826 625 886 spectatores
642 835 745 874 nou
767 828 1139 885 poterantnon
1163 819 1231 869 de
1254 821 1358 870 cal-

285 894 501 949 liditate
522 905 583 949 et
602 898 838 949 versutia
857 897 1094 960 hominis,
1125 897 1221 945 lioc
1244 896 1358 961 ipso

287 982 531 1038 tempore
549 973 732 1023 herum
752 972 1064 1038 decipientis
1081 973 1353 1037 accipere:

286 1051 428 1104 uude
470 1049 685 1102 &cetus
720 1051 947 1103 Cornicis
986 1050 1153 1115 origo.
1221 1050 1357 1101 Haec

287 1129 443 1194 paulo
463 1128 765 1193 operosius:
799 1127 924 1193 quia
954 1128 1082 1191 ridi,
1106 1129 1356 1194 pleraque

283 1204 543 1258 confundi
553 1204 653 1256 boc
669 1206 804 1256 loco.
838 1205 1099 1256 Boeolerus.

287 1323 293 1328 ,
351 1283 491 1332 Nom
510 1282 619 1346 qui]
657 1282 757 1340 Qua·
778 1280 934 1342 undu.
973 1284 1204 1333 nomn.

347 1357 467 1407 mi
486 1357 662 1408 incidit
680 1358 935 1423 suspectio]
970 1358 1038 1410 Ο.
1076 1359 1113 1410 1.
1132 1374 1173 1411 s.
1199 1359 1356 1411 etiam

287 1434 634 1490 vetustissimi
663 1436 871 1500 suspicio
890 1436 1143 1502 scriptum
1162 1438 1358 1489 habent

286 1529 383 1579 per
409 1530 438 1563 c
463 1519 670 1568 tautum
694 1530 709 1563 τ
734 1528 836 1565 nec
856 1513 1143 1566 timendum
1165 1516 1358 1580 versui,

286 1589 718 1654 antepenultima
737 1591 873 1644 euim
894 1590 1047 1655 hujus
1084 1592 1227 1642 vocis
1248 1594 1356 1644 lon-

289 1685 356 1733 ga
375 1677 488 1726 est.
536 1668 827 1720 Martialis:
863 1670 878 1697 ‘
897 1668 1167 1720 Oblinitur
1208 1671 1357 1722 mini-

288 1759 392 1796 mo
415 1746 462 1795 si
488 1759 596 1810 qua
615 1751 701 1795 est
733 1744 959 1810 suspicio
998 1745 1177 1797 rimae?
1208 1747 1357 1798 Fae'r-

289 1838 400 1876 ’UR-

293 1927 302 1931 ·
351 1905 420 1954 22
457 1900 615 1973 Quasi
645 1905 701 1954 iu
730 1899 884 1964 dicus]
919 1899 1086 1958 Dicas,
1107 1914 1205 1963 pro
1241 1914 1354 1954 cre-

290 1977 413 2029 das:
431 1993 539 2029 non
558 1978 695 2028 enim
709 1977 948 2041 dicimus,
968 1978 1068 2027 uisi
1085 1976 1223 2043 quod
1241 1992 1353 2029 cre-

289 2055 461 2105 dimus
480 2071 497 2105 2
520 2056 587 2106 ab
624 2069 689 2105 eo
705 2054 843 2120 quod
866 2055 1121 2120 sequitur,
1144 2053 1198 2104 id
1216 2054 1355 2120 quod

289 2131 587 2197 precedit:
621 2131 788 2195 ligura
805 2128 1085 2194 μετάληψις,
1105 2147 1139 2181 a
1178 2138 1355 2196 poste-

289 2209 520 2259 rioribus
536 2207 604 2258 ad
628 2208 818 2274 priora.
860 2207 1011 2262 Idem
1033 2208 1178 2270 alibi,
1210 2209 1227 2236 ⁸
1246 2206 1354 2257 Au·

287 2285 478 2338 dacter
498 2285 701 2337 dicito!
736 2288 807 2337 Et
821 2286 965 2348 alibi,
989 2292 1004 2315 ‘
1021 2287 1354 2338 Foeneratum

290 2365 431 2416 istud
452 2363 768 2416 beneficium
803 2365 1024 2429 pulchre·
1053 2365 1153 2415 tibi
1174 2364 1355 2417 dices.’

289 2441 357 2497 111
373 2447 484 2505 est,
520 2440 724 2504 credes,
745 2441 899 2506 scies,
940 2441 1154 2492 senties.
1189 2442 1354 2493 Dono-

289 2523 381 2569 ins.

352 2600 419 2647 23
455 2594 627 2647 Etiam
644 2594 823 2658 qualis]
856 2596 1023 2645 Etiam
1038 2611 1134 2662 pro
1155 2596 1353 2648 adbuc=

293 2680 352 2722 ut
367 2671 644 2735 Virgilius,
686 2671 702 2698 ‘
719 2671 1023 2737 ldaeumque
1057 2673 1217 2724 etiam
1240 2689 1357 2725 cur·

289 2763 395 2812 rus,
417 2748 582 2799 etiam
604 2763 749 2797 arma
769 2748 1072 2803 tenentem!
1105 2751 1256 2801 Idem.

286 2880 292 2887 ,
353 2831 421 2877 24
458 2827 629 2888 Egone
665 2826 742 2889 te]
771 2825 992 2875 Duobus
1019 2827 1133 2879 istis
1168 2842 1357 2892 prouo-

292 2904 522 2954 minibus
562 2903 796 2954 ostendit
825 2918 882 2954 se
916 2917 1076 2954 senex
1097 2905 1232 2956 scire
1251 2921 1356 2956 om·

289 2979 397 3030 nia.
435 2979 593 3029 Idan.
781 2994 784 2997 ·

291 3098 294 3107 .
352 3057 457 3108 Sed
497 3058 544 3107 si
584 3056 702 3121 quid
721 3072 920 3109 nonore
940 3058 1135 3124 oeeoepi]
1169 3060 1359 3124 Oeeoepi

289 3136 499 3197 melius,
521 3149 676 3200 quam
709 3135 863 3198 incepi
893 3136 1091 3187 dicitur
1132 3136 1199 3187 ab
1224 3138 1357 3188 occi-

291 3211 381 3275 pio
400 3228 415 3261 ι
456 3218 543 3262 est
565 3211 704 3267 euim
725 3214 896 3278 occepi,
920 3214 1065 3279 quasi
1099 3221 1260 3278 caput
1282 3215 1357 3265 rei

285 3287 521 3345 institui.
556 3288 711 3340 Idem.

353 3369 421 3415 25
461 3365 637 3430 Falso]
668 3367 855 3417 Potest
885 3372 942 3416 et
963 3366 1201 3432 εἰρωνικῶς
1223 3366 1357 3427 salso

292 3444 660 3507 pronuntiari;
692 3450 869 3508 potest
904 3452 961 3496 et
982 3447 1117 3507 falso
1152 3445 1372 3509 loqueris.

292 3519 433 3571 dici:
464 3526 525 3570 ut
546 3520 843 3584 Sallustius,
893 3522 909 3550 ‘
935 3522 1091 3572 Falso
1124 3523 1358 3588 queritur

292 3599 359 3648 de
394 3604 587 3649 natura
606 3613 700 3648 sua
721 3600 993 3651 humanum
1027 3604 1222 3665 genus.’
1286 3602 1359 3650 Et

293 3676 601 3733 vocalitatis
626 3691 786 3726 causa
816 3678 896 3727 sic
918 3677 1071 3738 dixit,
1093 3685 1153 3727 ut
1184 3679 1359 3742 sedulo,

291 3757 476 3816 optato,
514 3758 677 3818 ferto.-
735 3755 879 3819 quasi
913 3754 1114 3817 sedule,
1160 3762 1361 3819 optate,

285 3836 463 3894 certe.
492 3829 647 3878 Idem.

360 3906 535 3969 Falso]
561 3906 931 3957 Pronuntiatio
943 3908 1027 3958 hic
1045 3907 1276 3972 εἰρωνείαν
1288 3909 1363 3958 in-

298 3979 481 4030 dicare
513 3980 691 4031 debat.
743 3983 937 4034 Mirum
967 4000 1112 4049 vero,
1137 3985 1179 4035 si
1208 3986 1361 4035 fallar

297 4059 372 4108 ita
413 4057 483 4107 de
528 4063 585 4108 te
632 4060 912 4123 opinando,
962 4060 1199 4113 fallacias
1243 4069 1360 4113 tuas

299 4135 684 4200 suspectandol
714 4134 923 4189 'scilicet
958 4139 1084 4189 mihi
1112 4155 1214 4189 nou
1236 4141 1362 4190 satis

301 4226 473 4263 causae
495 4219 717 4273 est,‘cur
731 4229 968 4267 censeam
984 4222 1037 4266 te
1059 4216 1182 4266 mibi
1201 4217 1364 4268 verba

302 4289 448 4351 dare,
480 4291 727 4354 quotiens
759 4295 1108 4345 narrationem
1132 4295 1360 4360 occipis!

432 4372 611 4435 Delph.
627 4377 676 4422 et
695 4373 807 4423 Var.
829 4375 959 4424 Clas.

1310 4378 1498 4427 Terent.

1430 588 1496 636 «12
1514 603 1605 651 que
1619 589 1718 636 cela
1739 594 1812 637 est
1822 587 1955 648 faux
1971 589 1996 639 l
2029 590 2319 642 Baedorus:

1498 663 1667 727 Falso]
1691 664 1915 715 Ironice.
1947 666 2233 717 Fmabtas.

1431 773 1440 778 -
1497 743 1753 804 Nihiljom
1768 745 1942 796 mutire
1962 747 2132 810 audeo]
2151 748 2365 813 Ennius,
2388 751 2494 801 Nee

1429 821 1654 886 (Μαρια
1667 821 1818 884 focio.
1885 823 2042 874 Unda
2081 833 2138 875 et
2178 832 2331 876 mutos
2360 828 2489 877 dici—

1428 912 1562 949 mus.
1632 900 1789 952 Quod
1825 901 2009 953 Graeci
2043 901 2347 966 φθέγγεσθαι.
2389 904 2491 954 Do-

1427 983 1588 1029 notus.

1493 1058 1561 1105 26
1594 1056 1843 1106 Neminem
1859 1057 2100 1120 peperisse
2121 1057 2220 1122 hic]
2245 1059 2496 1110 Neminem

1428 1129 1676 1195 dicendo,
1734 1133 1988 1197 majorem
2042 1134 2489 1186 confirmationem

1426 1206 1558 1258 fecit
1572 1223 1673 1258 uon
1697 1211 1860 1260 solum
1876 1210 2180 1275 Glycerium
2204 1227 2305 1263 non
2332 1228 2490 1278 pepe·

1339 1313 1346 1322 -
1429 1284 1583 1346 risse,
1624 1285 1718 1336 sed
1754 1286 1911 1336 etiam
1959 1290 2235 1340 nemiuem.
2304 1292 2375 1340 Et
2412 1291 2490 1339 hie

1429 1359 1670 1425 dicendo,
1692 1363 1922 1412 ostendit
1939 1363 2165 1416 domum.
2216 1368 2288 1417 Et
2307 1375 2391 1418 est
2409 1384 2489 1417 ne-

1427 1437 1622 1502 minem,
1639 1441 1836 1490 nullum
1856 1442 2136 1495 homiuem.
2206 1446 2276 1495 Et
2295 1453 2420 1496 nota
2438 1447 2490 1495 in

1427 1514 1698 1568 foemiuino
1716 1533 1911 1583 genere
1925 1520 2079 1571 etiam
2099 1525 2331 1573 neminem
2356 1526 2490 1589 posi·

1430 1598 1560 1644 tum.
1598 1594 1752 1645 Idem.

1431 1702 1436 1708 -
1495 1670 1747 1722 Neminem
1760 1674 1996 1736 peperisse
2016 1673 2116 1737 liic]
2154 1675 2401 1726 Neminem
2436 1679 2486 1726 in

1427 1745 1702 1799 foeminino
1745 1750 1829 1800 hic
1871 1753 2110 1816 usurpari
2150 1752 2316 1803 vides.
2371 1754 2487 1803 Far-

1428 1824 1615 1875 nubitis.

1493 1906 1558 1952 27
1591 1900 1716 1968 Μυκη
1742 1903 1953 1963 deferent
1972 1904 2191 1969 puerum]
2227 1906 2391 1958 Quasi
2415 1907 2492 1956 di·

1428 1985 1534 2040 cat,
1553 1978 1703 2028 nobis.
1737 1982 2001 2031 Donatus.

1492 2060 1559 2105 28
1595 2056 1657 2105 Id
1698 2072 1785 2118 ego
1809 2058 1919 2118 jam
1953 2074 2079 2108 nunc
2113 2059 2205 2108 tibi
2242 2062 2486 2129 renuntio]

1428 2133 1607 2197 Fingit
1628 2148 1685 2183 se
1702 2136 1941 2198 prodere,
1960 2134 2098 2199 quod
2123 2136 2233 2208 ipse
2250 2135 2486 2188 facturus

1427 2217 1509 2258 est
1533 2224 1548 2258 ε
1586 2215 1646 2258 ut
1668 2222 1770 2258 non
1790 2210 1976 2259 credat
1999 2213 2157 2260 senei:
2178 2211 2246 2260 ab
2268 2226 2330 2261 eo
2351 2211 2488 2276 fieri,

1429 2287 1566 2352 quod
1591 2287 1896 2351 praedixerit
1917 2285 2047 2338 fore.
2083 2289 2230 2339 Idem.

1494 2363 1557 2413 Id
1575 2364 1774 2426 egojam
1788 2380 1913 2415 nune
1933 2365 2027 2415 tibi
2045 2366 2265 2415 renuntio
2283 2368 2393 2417 here
2401 2368 2490 2429 fu·

1426 2441 1613 2507 iurum]
1649 2443 1723 2492 Re
1757 2443 1977 2508 syllaba,
2011 2444 2147 2509 apu’d
2186 2443 2392 2496 veteres
2413 2447 2490 2497 in-

1430 2520 1636 2571 terdum
1663 2521 1895 2572 abundat
1917 2539 1930 2571 :
1968 2530 2025 2572 ut
2062 2523 2215 2572 modo
2255 2526 2491 2586 renuntio,

1430 2611 1529 2662 pro
1550 2598 1753 2662 nuntio,
1773 2605 1831 2649 et
1863 2599 2068 2663 Cicero,
2099 2601 2114 2628 ‘
2134 2601 2487 2657 Renuntiatur
2531 2593 2537 2600 ’

1428 2674 1595 2725 mihi?
1627 2675 1778 2726 Idem.

1425 2790 1434 2797 .
1497 2751 1765 2815 Βεπιιπίίο]
1801 2753 1958 2804 Quasi
1993 2762 2250 2805 secretum
2288 2759 2491 2809 consili-

1434 2844 1550 2879 um:
1576 2837 1807 2894 utsupra
1831 2831 2177 2882 Renuntiatum
2199 2840 2288 2884 est.
2312 2835 2464 2886 Idem.

1496 2910 1563 2957 29
1599 2908 1679 2956 Ne
1705 2913 1761 2957 tu
1791 2908 1876 2957 hoc
1902 2911 2136 2972 posterius
2167 2912 2321 2975 dicas]
2358 2914 2427 2963 Ο.
2455 2915 2488 2964 l.

1430 2997 1475 3032 s.
1498 2989 1755 3048 quotquot
1775 2990 1917 3046 suut,
1934 2985 2126 3036 habent
2156 3002 2215 3036 ae
2230 2993 2281 3037 tu
2300 2989 2385 3037 hoc
2403 2991 2491 3039 mi-

1432 3059 1483 3108 hi
1497 3062 1733 3122 posterius
1747 3061 1909 3111 dieas.-
1932 3062 2052 3111 milti
2074 3072 2247 3113 autem
2271 3079 2371 3114 nou
2390 3068 2486 3116 uti·

1431 3151 1533 3201 que
1556 3137 1709 3187 Davo
1747 3137 2141 3202 intelligendum
2180 3147 2281 3203 est,
2304 3143 2394 3190 sed
2428 3159 2494 3193 ea

1433 3228 1536 3263 vox
1553 3228 1620 3263 ex
1641 3216 2017 3264 cousuetudine
2035 3218 2286 3268 sermonis
2305 3227 2388 3269 est
2402 3222 2492 3269 ad·

1427 3288 1576 3339 dita:
1602 3298 1662 3339 ut
1682 3291 1737 3339 iu
1751 3291 2084 3354 Phormione,
2106 3295 2123 3322 ‘
2142 3294 2248 3345 Qui
2265 3294 2385 3344 mihi
2403 3296 2494 3346 ubi

1431 3365 1499 3415 ad
1524 3381 1714 3415 uxores
1737 3374 1946 3417 ventum
1965 3374 2062 3427 est,
2104 3375 2215 3419 tum
2252 3369 2388 3421 fiunt
2419 3387 2494 3422 se·

1432 3459 1526 3495 nes
1549 3446 1580 3492 :'
1612 3458 1790 3495 versus
1812 3454 1893 3496 est
1917 3449 2205 3498 trochaicus
2226 3455 2285 3499 ut
2307 3451 2493 3508 ceteri,

1432 3523 1526 3573 sed
1547 3523 2065 3588 hypercatalecticus.
2101 3526 2332 3577 Fa'e’ruus.
2420 3548 2424 3552 ·

1503 3602 1640 3652 Davi
1648 3601 1840 3662 sactum
1857 3604 2046 3652 consilio
2062 3610 2145 3654 aut
2165 3605 2321 3669 dolis]
2345 3606 2495 3654 Com·
2602 3643 2609 3650 .

1434 3680 1657 3744 modius,
1696 3688 1752 3730 et
1786 3681 1948 3744 magis
1972 3695 2086 3730 cum
2126 3681 2324 3731 invidia
2345 3682 2499 3744 dixit,

1435 3757 1589 3819 Davi,
1610 3772 1762 3822 quam
1801 3758 1844 3806 si
1873 3773 1972 3807 meo
2011 3758 2263 3808 dixisset-2
2292 3765 2356 3808 ‘ut
2376 3758 2499 3808 Vir-

1435 3834 1589 3897 gilius
1609 3851 1624 3884 ε
1657 3849 1774 3884 cum
1795 3836 1998 3884 Turnus
2020 3835 2359 3897 incusaretur,
2383 3835 2497 3884 dix·

1438 3912 1501 3974 it,
1538 3913 1553 3940 ⁸
1580 3912 1740 3962 Nulla
1788 3926 1933 3961 mora
1974 3911 2030 3962 iu
2086 3912 2298 3963 'rurum'
2331 3911 2499 3960 Dona-

1442 3992 1540 4037 tus.

1510 4066 1588 4114 Ne
1621 4069 1675 4115 tu
1697 4066 1780 4113 hoe
1799 4064 1919 4114 mihi
1939 4063 2177 4127 posterius
2194 4063 2342 4125 dieas,
2363 4062 2501 4111 Davi

1427 4144 1620 4205 factum
1638 4143 1827 4193 consilio
1846 4157 1902 4191 ac
1922 4142 2068 4204 dolis]
2101 4141 2256 4190 Hunc
2274 4154 2498 4204 versum,

1440 4220 1529 4284 qui
1563 4226 1645 4268 est
1669 4222 1965 4269 octonarius
1997 4217 2265 4267 Iambicus
2299 4217 2498 4281 perfec·

1439 4303 1543 4361 tus,
1558 4303 1618 4346 et
1642 4297 1728 4362 qui
1746 4298 1923 4347 'tamen
1946 4294 2072 4345 satis
2095 4294 2379 4360 inipeditus
2399 4304 2499 4352 est,
