3035 4941
596 370 773 443 1588

600 541 607 547 ·
669 531 1171 598 Quiammoelit]
1195 531 1349 597 Quin,
1380 546 1497 599 quae
1535 545 1660 582 non.

600 611 756 662 Idem.

662 693 728 738 44
764 689 833 739 Et
856 702 961 751 quae
992 686 1122 737 vobis
1136 686 1315 751 placita
1335 686 1546 736 conditio
1567 690 1655 750 est,

597 763 767 828 datar]
787 765 969 829 Imago
1000 765 1083 814 hic
1115 764 1354 829 quaedam
1386 777 1658 827 argumen-

598 842 830 904 tationis,
852 856 968 906 quae
1008 841 1202 891 dicitur
1237 839 1315 890 ba?
1352 840 1504 905 ἀρχῆς
1548 839 1662 905 ἄχρι

542 942 545 947 ,
593 917 796 971 τέλουςι
830 917 968 982 quod
1025 917 1216 968 Latine
1269 917 1481 981 dicitur,
1531 919 1549 946 ⁴
1571 917 1659 967 Ab

596 995 747 1046 initio
793 995 858 1044 ad
901 994 1096 1044 finem!
1131 1001 1188 1044 et
1236 1002 1296 1044 ιιι
1345 995 1660 1058 generaliter

598 1073 760 1136 coepit
803 1071 1169 1135 invectionem,
1211 1071 1285 1121 ita
1340 1071 1659 1135 generaliter

596 1148 849 1199 conclusit
871 1149 925 1198 in
948 1161 1151 1197 socrus:
1179 1155 1234 1196 et
1256 1154 1335 1196 est
1357 1161 1557 1210 sensus,
1578 1148 1659 1197 Eo

595 1225 878 1291 improbius
894 1223 1089 1285 facitis,
1101 1223 1241 1288 qnod
1260 1224 1391 1286 illas,
1407 1237 1534 1289 quas
1552 1224 1658 1274 ele-

597 1304 800 1369 geritis,
823 1303 1024 1354 odistis.
1058 1302 1208 1353 Iam.

664 1380 911 1443 Conditio]
933 1379 1071 1429 Vide
1089 1378 1247 1429 Phor.
1265 1385 1370 1429 act.
1392 1391 1469 1429 tv.
1503 1392 1581 1431 sc.
1605 1380 1654 1428 1.

593 1457 673 1508 M.
698 1456 1018 1507 Casaubonus.

602 1550 605 1555 ²
655 1538 720 1583 4⁵
761 1533 857 1583 Ubi
871 1534 1051 1584 duxere
1072 1533 1280 1597 impulsa
1301 1532 1482 1596 vestro]
1504 1533 1655 1583 Bene

593 1609 760 1660 verba
783 1608 966 1660 eadem
990 1609 1334 1672 stomachose,
1363 1615 1418 1659 et
1455 1604 1653 1673 signifi·

594 1695 779 1740 canter
822 1688 1089 1753 repetivit,
1131 1694 1191 1737 ut
1233 1687 1539 1752 improbitas
1586 1701 1654 1737 ex

593 1765 831 1830 proximo
854 1770 1107 1829 appareat
1125 1764 1365 1829 impulsu.
1409 1765 1651 1815 Donatus.

664 1842 758 1893 Ubi
769 1844 947 1893 duxere
966 1841 1191 1907 impulsa]
1223 1842 1467 1904 Videtur,
1488 1848 1549 1890 nt
1569 1856 1651 1891 su-

591 1918 689 1985 pra
726 1920 971 1985 diximus,
1009 1920 1125 1970 haec
1147 1924 1263 1969 tota
1285 1932 1441 1969 scena
1463 1917 1528 1967 ad
1553 1918 1650 1967 hoc

589 1998 920 2063 interposita,
963 2004 1022 2047 nt
1065 1994 1254 2047 fabulae
1300 2009 1484 2047 nomen
1530 1994 1651 2045 hinc

589 2075 999 2140 intelligeremus
1030 2074 1316 2124 inventum.
1382 2073 1453 2122 Et
1484 2071 1649 2134 impu·

590 2149 817 2200 dentiam
842 2162 1104 2211 socruum,
1133 2149 1381 2213 impulsus
1405 2145 1651 2211 repetitio

587 2225 988 2277 demonstravit.
1023 2226 1173 2276 Idem.

588 2302 597 2317 ”’
652 2303 867 2367 Impulsa
885 2302 1067 2367 vestro]
1098 2303 1187 2353 Sic
1207 2301 1261 2354 in
1282 2300 1646 2352 Heautontim.

588 2379 606 2408 ⁸
624 2380 859 2431 Scortari
883 2379 1070 2430 crebro
1091 2381 1296 2443 nolunt,
1331 2378 1515 2429 nolunt
1538 2392 1649 2429 cre·

586 2455 684 2507 bro
707 2456 1075 2509 convivarier.’
1100 2456 1255 2507 Idem.

652 2534 840 2583 Sonus
863 2547 925 2584 ιι.
954 2533 1179 2583 iambici
1202 2537 1321 2582 sunt
1352 2532 1647 2584 tetrametri

586 2610 903 2660 catalectici.
934 2612 1195 2661 Boecleras.

604 2702 611 2710 ·
652 2686 768 2736 Etsi
801 2686 898 2735 scio
919 2702 1024 2750 ego,
1058 2688 1364 2748 Philumena,
1384 2701 1536 2736 meam
1560 2686 1647 2747 jas

584 2763 708 2827 esse]
733 2765 796 2813 In
817 2764 906 2814 hae
918 2779 1059 2814 scena
1080 2765 1272 2814 moralis
1290 2765 1512 2814 allocutio
1523 2765 1645 2815 Plu·-

583 2841 717 2908 dimni
734 2846 806 2891 est
839 2843 903 2891 ad
920 2840 1099 2907 filiam,
1129 2841 1371 2891 mitissimi
1382 2841 1544 2906 patris
1567 2857 1643 2892 co-

584 2917 730 2966 lorem
744 2918 1009 2967 ostendens.
1042 2917 1302 2967 Donatus.

650 2995 828 3045 1²Etsi
855 2994 976 3058 seio]
1019 2994 1262 3059 Apparet
1292 2999 1348 3045 et
1376 2994 1461 3043 hic
1481 2994 1645 3043 multa

581 3070 723 3135 prius
759 3071 896 3135 patri
920 3085 1015 3130 suo
1038 3071 1392 3121 Philumenam
1414 3071 1644 3120 locutam

579 3147 761 3198 fuisse.
816 3149 970 3213 ‘Ergo
992 3148 1107 3198 haec
1128 3147 1396 3213 responsio
1420 3153 1522 3209 est·
1541 3159 1643 3195 non

583 3223 918 3288 principium.
953 3224 1102 3274 Idm.

647 3299 762 3350 Seio
778 3299 1024 3360 meamjus
1045 3314 1145 3350 esse
1158 3304 1214 3349 at
1235 3304 1283 3349 te
1303 3297 1488 3362 cogam]
1523 3299 1643 3374 Hoc

567 3373 722 3428 ‚idern
759 3377 812 3426 in
873 3376 1148 3440 Adelphis,
1206 3377 1223 3405 ‘
1246 3376 1369 3427 Non
1426 3365 1642 3426 necesse

584 3449 753 3502 haheo
790 3452 962 3503 omnia
1012 3468 1106 3518 pro
1145 3468 1260 3504 meo
1287 3453 1414 3517 jure
1448 3452 1644 3516 agere-⁹

586 3527 739 3576 Ideni.

655 3604 723 3652 Ut
752 3610 801 3654 te
814 3607 1006 3671 cogam]
1039 3607 1208 3657 Etiam
1245 3606 1461 3658 invitam
1501 3607 1654 3658 scili-¹

528 3717 532 3722 .
582 3683 687 3731 cet.
710 3680 863 3732 Idem.

580 3783 585 3790 ·
645 3761 678 3807 2
711 3759 887 3808 Patrio
906 3759 1060 3809 animo
1081 3760 1256 3825 υἰοιιω]
1289 3761 1436 3810 Bene
1455 3760 1612 3811 vietus
1629 3776 1647 3810 .·

583 3833 704 3899 qnia
726 3849 833 3883 non
869 3836 1069 3888 ratione
1107 3833 1261 3886 facio.
1294 3865 1295 3868 =
1327 3836 1512 3886 Victus
1557 3842 1643 3887 est

578 3910 945 3976 undecunque,
960 3913 1047 3977 qui
1062 3912 1264 3962 recedit
1284 3927 1315 3961 a
1321 3912 1458 3976 jure.
1484 3913 1638 3963 Idem.

646 3988 756 4050 Ego
789 3993 946 4038 tamen
963 3988 1122 4053 patrio
1143 3988 1297 4038 animo
1317 3988 1491 4052 victus]
1530 3990 1641 4039 Nan

577 4076 763 4113 neeesse
784 4064 929 4115 habeo
945 4066 1102 4115 omnia
1119 4079 1208 4127 pro
1226 4079 1328 4115 meo
1350 4063 1465 4125 jure
1479 4079 1639 4129 agere.

580 4137 718 4187 Mer.
740 4141 1090 4191 ,casaubonum
1424 4168 1426 4171 >

644 4219 676 4262 8
717 4216 785 4264 Ut
805 4216 895 4265 tibi
915 4217 1185 4281 concedam]
1220 4218 1429 4270 Faciam
1451 4223 1511 4269 ut
1543 4216 1640 4269 tibi

564 4290 901 4340 concedam:
936 4308 1034 4343 nec
1073 4294 1235 4344 multo
1267 4295 1421 4345 aliter
1453 4294 1507 4343 in
1529 4296 1639 4343 vul·

587 4363 696 4425 gari
717 4364 1007 4433 Idiotismo,
1039 4369 1072 4417 I
1107 4371 1166 4418 do
1201 4370 1337 4420 love.-
1379 4372 1412 4420 Ι
1450 4372 1511 4419 do
1538 4375 1636 4422 eat.

1714 537 1786 599 'q.
1823 530 1875 582 d.

1302 387 1524 440 ⁸0⁹1·AE
1557 386 1973 439 vAluoluffl
2022 385 2134 437 11⁵1:

1931 530 1948 560 ‘
1964 531 2124 587 Facio
2168 535 2226 583 ιιι
2275 529 2461 583 οᾶιιιιι
2512 530 2665 584 Facio
2710 540 2762 585 ιιι

1733 621 1900 658 amem
1921 606 1953 655 ε’
1988 607 2026 658 i.
2052 607 2244 669 e.-edo,
2262 623 2396 658 amo.
2431 610 2587 659 Idem·

1799 684 1968 748 Neque
1989 690 2087 734 tuae
2105 684 2319 748 libidini]
2354 685 2527 734 Libido
2545 691 2627 736 est
2648 701 2773 751 quat·

1733 759 1864 809 libet
1887 760 2132 810 voluntas
2166 766 2363 811 temere
2393 771 2659 826 suscepta.
2716 765 2777 814 Et

1733 834 1867 886 bene
1908 837 2130 887 libidini.-
2160 843 2239 887 est
2277 839 2415 889 enirn
2440 853 2544 889 non
2569 834 2779 906 aequuml,

1731 912 1884 962 domo
1927 914 2101 963 mariti
2146 916 2327 965 abesse
2373 923 2615 981 nuptam.
2679 917 2781 966 Etsi

1732 991 1869 1040 enim
1892 1005 1989 1054 pro
2009 992 2282 1042 voluntate
2298 992 2477 1056 posuit
2514 993 2778 1042 libidinem.-

1732 1073 1907 1116 tamen
1930 1068 2408 1122 subaccusavit'hoc
2433 1069 2661 1120 nomine.
2694 1070 2781 1119 Do·

1731 1149 1888 1194 natus.

1796 1220 2040 1285 Libidini]
2111 1221 2405 1281 Voluntati,
2467 1221 2781 1285 simpliciter.

1731 1297 1833 1359 vel,
1894 1299 2209 1362 temerarioe,
2263 1297 2455 1362 iniqnae
2526 1297 2783 1387 voluntati.

1730 1373 1860 1424 Mer.
1886 1376 2202 1425 Casaubonas.

1791 1453 1825 1498 4
1860 1450 2092 1515 opium]
2124 1451 2457 1514 Opportune.
2489 1449 2728 1499 Donum.

1794 1527 1881 1576 Ex
1900 1527 1987 1575 hoe
2011 1527 2119 1589 jam
2149 1526 2300 1590 scibo]
2334 1526 2562 1590 Legitur
2584 1534 2640 1575 et
2663 1526 2785 1588 hinc,

1726 1604 1897 1664 locale
1926 1604 2247 1654 adverbium.
2261 1604 2496 1668 ‘etquasi
2517 1603 2781 1652 commina-

1728 1686 1815 1731 tur
1832 1681 1999 1737 uxori,
2016 1679 2170 1731 modo
2192 1696 2247 1730 se
2265 1679 2781 1744 inventurum,ipsam

1726 1772 1975 1824 peccasse
1998 1772 2101 1808 non
2124 1770 2322 1807 nurum.
2361 1758 2515 1806 Idem.

1796 1835 1929 1892 Quid
1949 1833 2066 1898 siet]
2099 1834 2290 1883 Utrum
2315 1832 2438 1897 quid
2471 1833 2544 1882 sit
2581 1831 2696 1882 rei?
2725 1845 2781 1880 an

1726 1911 1850 1977 quid
1868 1912 1972 1961 siet
1991 1910 2187 1959 nurus?
2219 1915 2393 1958 utrum
2428 1910 2697 1973 innocens,
2725 1922 2782 1956 an

1726 1992 1903 2056 iniqua
1924 1990 1944 2041 ἔ
1979 1992 2051 2040 Ει
2071 1989 2278 2040 videtur
2305 1990 2405 2040 hoc
2443 1990 2697 2040 Sostratae
2717 1989 2783 2037 di-

1726 2082 1849 2118 cere
1870 2086 1882 2116 :
1917 2082 2037 2117 nam
2061 2066 2217 2116 vicini
2242 2066 2518 2117 suntinter
2542 2081 2600 2117 se
2626 2065 2784 2132 proxi·

1725 2146 1796 2197 mi
1820 2146 2017 2197 Laches
2034 2151 2090 2196 et
2105 2146 2416 2210 Phidippus.
2451 2145 2606 2196 Idem.

1797 2225 1877 2273 Ex
1893 2225 1978 2273 hoe
1986 2222 2094 2283 jam
2104 2223 2231 2272 scibo
2248 2221 2365 2286 quid
2383 2221 2503 2285 siet]
2523 2223 2783 2271 Donatus:

1723 2300 1740 2329 ⁸
1765 2299 1951 2350 Utrum
1975 2298 2139 2364 quid'
2162 2301 2261 2349 διο.
2307 2332 2310 2333 ⁷
2333 2299 2480 2348 Male
2513 2297 2788 2351 dubitavit.

1724 2391 1827 2426 non
1848 2383 2027 2441 potest
2049 2375 2268 2439 σύνταξις
2281 2376 2381 2426 nisi
2405 2377 2474 2426 ad
2499 2391 2611 2426 rem
2639 2374 2788 2426 refer·

1725 2453 1792 2518 ri,
1816 2454 1861 2503 si
1878 2454 1992 2519 quis
2016 2454 2152 2505 bene
2176 2453 2434 2504 scribendi
2459 2453 2787 2546 consuetudi·

1724 2548 1841 2584 nem
1866 2534 2032 2588 novit.
2069 2534 2333 2584 Boeelerus.
2375 2547 2378 2550 ·

1763 2617 1817 2661 6
1854 2611 2114 2678 Phidippe,
2133 2614 2225 2663 etsi
2245 2628 2333 2676 ego
2354 2611 2495 2674 meis]
2531 2612 2789 2676 Expostu-

1721 2690 1850 2740 latio
1872 2691 2116 2741 Lachetis
2152 2691 2289 2754 apud
2328 2689 2675 2753 Phidippum,
2714 2702 2789 2737 ac·

1723 2767 2049 2817 cusationem
2083 2766 2375 2829 continenS,
2397 2773 2787 2831 tanquam-cau·

1719 2842 2154 2907 sam-injuriarum
2176 2841 2434 2893 intendat.
2470 2844 2710 2893 munins.

1677 2914 1691 2925 ⁶
1784 2917 1895 2967 Scio
1936 2933 2011 2968 me
2045 2933 2147 2969 esse
2186 2919 2402 2982 adprime
2444 2912 2788 2981 obsequentem]

1720 2993 2047 3057 Principium
2088 3009 2118 3044 a
2153 3005 2378 3059 persona
2410 2994 2527 3058 ejus
2552 3008 2670 3044 curn
2694 3004 2785 3056 qno

1720 3069 1911 3132 agitur,
1936 3076 1990 3120 et
2008 3084 2141 3120 sua.
2126 3086 2141 3100 ·
2177 3075 2234 3120 et
2258 3085 2322 3120 an
2358 3070 2489 3119 utile
2519 3057 2611 3133 sit',
2646 3067 2783 3120 nimi·

1720 3146 1938 3212 obsequi
1971 3147 2230 3197 hominem
2252 3148 2384 3198 suis.
2402 3148 2560 3197 Idem.

1784 3221 2042 3287 Adprime]
2076 3223 2748 3275 Vehementissime.1&‡

1720 3313 1730 3320 ·
1788 3299 2164 3365 Obsequentem]
2176 3299 2432 3352 Facilem.
2455 3299 2594 3350 Mer.
2617 3289 2782 3349 Casti·-

1719 3375 1881 3426 bonas.

1720 3480 1726 3489 ·
1784 3458 1819 3503 6
1852 3453 1951 3504 Sed
1972 3468 2065 3503 non
2085 3456 2202 3504 adeo
2222 3457 2280 3503 at
2293 3469 2398 3504 mea
2408 3452 2667 3517 facilitas]
2696 3450 2783 3502 Fa·

1717 3527 1897 3592 cilitas,
1920 3529 2265 3594 indulgentia.
2279 3530 2543 3581 >Donatum

1784 3607 1880 3657 Sed
1901 3621 1992 3656 non
2012 3610 2153 3669 adeo,
2189 3612 2256 3657 at*
2268 3621 2372 3656 mea
2393 3606 2651 3672 facilitas]
2686 3608 2762 3657 De

1718 3691 1801 3734 est
1821 3690 1997 3736 tmen.
2022 3690 2078 3734 et
2100 3689 2184 3735 est
2203 3681 2524 3734 ἀνακόλουθον
2553 3683 2782 3735 tertium.

1783 3841 1816 3888 8
1850 3838 1994 3907 Nune
2029 3836 2188 3901 video]
2241 3835 2489 3887 Jucunde
2527 3839 2786 3901 temperat

1718 3915 1833 3979 ejus
1855 3917 2082 3980 culpam,
2104 3929 2259 3980 quem
2276 3920 2510 3978 accusat,
2530 3905 2691 3979 quum
2714 3910 2785 3961 di·

1717 3990 1972 4042 catillum
2003 3997 2245 4041 coactum
2280 4006 2310 4040 a
2332 3990 2439 4041 suis
2473 3990 2657 4041 facere
2692 3985 2785 4037 sibi

1717 4066 1953 4133 injuriae.
1987 4069 2234 4118 Donatus.
2627 4059 2630 4060 ⁷

1785 4144 1882 4198 Eia
1913 4144 2049 4208 vero]
2082 4144 2249 4195 Modo
2287 4142 2597 4194 adverbium
2628 4137 2782 4193 corri-

1716 4219 1936 4284 pientis.
1966 4220 2120 4270 Idem.

1721 4319 1727 4325 ·
1783 4297 1882 4346 Eia
1904 4296 2040 4360 vero]
2076 4294 2340 4362 Παρέλκον.
2374 4296 2528 4346 Idem.

1779 4377 1813 4421 9
1847 4373 1968 4423 Adii
1989 4377 2038 4422 te
2061 4374 2167 4424 heri
2188 4372 2397 4439 defllia]
2433 4370 2696 4431 Narratio.
2724 4373 2777 4420 et
