3035 4941
547 777 1106 901 NOTAE
1216 716 2289 902 VARIORUM

1310 1083 1463 1132 ‘IN

324 1328 440 1419 P.
519 1256 1189 1421 TERENTII
1289 1327 1626 1420 Arm
1727 1316 2518 1419 coMOEDIAS.

1216 1850 1635 1918 ANDRIA.
1677 1926 1681 1931 ,

316 2029 324 2034 ”
385 2036 530 2087 AEur
554 2036 782 2087 Bonan
804 2037 871 2087 V.
892 2035 951 2087 C.
970 2036 1261 2086 Onnoms
1273 2035 1386 2085 Un-

327 2128 406 2165 ms
423 2118 635 2179 Romae,
651 2117 825 2167 Coum
833 2117 1123 2181 nummus]
1148 2117 1389 2164 Commen-

325 2197 500 2244 tarium
525 2197 667 2257 hunc,
688 2195 770 2259 qni
791 2194 926 2245 AElio
946 2197 1163 2245 Donato
1188 2192 1390 2243 Oratori

322 2273 449 2322 urbis
458 2274 646 2323 Romae
657 2272 963 2333 adscribitur,
973 2272 1045 2321 sic
1058 2271 1245 2334 quidem
1262 2269 1391 2318 illius

325 2363 417 2398 esse
451 2364 639 2413 censeo,
666 2346 722 2399 nt
758 2347 1067 2410 integriorem
1106 2346 1255 2396 multo
1288 2360 1393 2394 eum

228 2446 231 2447 ⁷
329 2427 436 2476 olim
466 2426 695 2477 extitisse
725 2441 831 2476 mea
864 2426 1051 2491 quidem
1085 2423 1240 2488 opinio
1276 2422 1341 2473 sit
1372 2438 1393 2482 ,·

298 2502 310 2515 '
327 2505 508 2565 qualem
532 2508 695 2552 antem
722 2518 844 2552 nnnc
866 2502 1104 2562 habemus,
1135 2501 1392 2550 Collecta-

327 2590 421 2628 nea
436 2575 608 2644 potius
624 2573 724 2628 sive
745 2580 1012 2643 Excerpta
1048 2578 1245 2627 dicenda
1275 2590 1394 2638 esse,

330 2672 463 2720 quam
482 2657 783 2722 ipsissimum
803 2656 998 2705 Donati
1020 2668 1150 2720 opus.
1196 2653 1256 2702 Id
1274 2654 1397 2716 quod

329 2750 533 2796 arguere
555 2735 773 2784 videntur
786 2736 1064 2797 frequentes
1086 2730 1320 2792 asterisci,
1348 2735 1396 2779 et

329 2814 444 2874 quod
467 2811 651 2862 totiens
671 2814 833 2861 eadem
856 2814 1147 2874 repetantur,
1174 2807 1397 2858 nonnulla

330 2889 473 2939 etiam
487 2902 668 2953 parum
687 2887 889 2937 dilucide
911 2885 1222 2951 explicentur.
1267 2883 1398 2941 Quin

328 2967 468 3017 etiam
488 2966 849 3030 Hieronymus
868 2965 1129 3015 Comment.
1145 2963 1196 3011 in
1217 2962 1395 3011 Eccles.

327 3061 429 3108 cap.
450 3051 501 3096 l.
520 3048 807 3105 attestatur,
838 3042 1105 3092 Donatum
1140 3043 1397 3105 praecepto-

328 3138 427 3172 rem
447 3138 611 3184 suum,
637 3136 744 3171 cnm
772 3121 1050 3171 versiculum
1078 3120 1229 3177 illum,
1251 3116 1400 3168 Nihil

331 3209 409 3252 est
431 3202 656 3261 dictum,
685 3199 821 3265 quod
848 3214 948 3249 non
978 3199 1047 3249 sit
1068 3198 1267 3248 dictum
1289 3195 1396 3261 pri.-

332 3294 410 3342 ns,
449 3278 855 3343 interpretaretur
866 3292 887 3335 ,·
918 3275 1168 3337 Pereunt,
1203 3273 1399 3332 dixisse,

332 3357 417 3421 qui
451 3364 582 3407 ante
616 3370 706 3405 nos
737 3360 913 3402 nostra
948 3351 1213 3400 dixerunt.
1281 3349 1402 3418 Qua>-

332 3446 442 3483 sane
469 3432 616 3482 verba
648 3432 700 3481 in
731 3429 856 3479 hisce
882 3426 1246 3478 Commentariis
1280 3440 1401 3474 nunc

332 3509 530 3562 minime
552 3510 790 3570 legantur.
855 3506 1005 3570 Dein,
1026 3519 1129 3568 qnoe
1146 3519 1208 3553 ex
1224 3501 1400 3552 Probo

334 3590 378 3633 et
407 3586 524 3635 aliis
553 3585 630 3634 hic
656 3582 957 3644 adferuntur,
989 3580 1094 3645 quis
1121 3583 1317 3642 negaret
1348 3592 1404 3627 ea

331 3662 594 3712 collectoris
621 3660 781 3725 potins
811 3658 989 3720 studio,
1028 3672 1167 3722 qnam
1204 3653 1404 3704 Donati

324 3737 510 3808 ,iudicio
531 3737 713 3787 inserta
732 3740 860 3801 esse?
927 3734 1118 3783 Praeter
1135 3733 1258 3781 hune
1278 3731 1405 3781 enim

334 3820 380 3864 et
400 3815 523 3865 alios
551 3816 710 3879 plures
727 3818 904 3863 certum
926 3816 999 3861 est
1020 3811 1072 3860 in
1099 3809 1400 3859 Terentium

340 3896 691 3945 Commentario
706 3894 907 3943 edidisse
921 3910 938 3943 ε
961 3890 1298 3950 Euanthium‚
1317 3904 1404 3953 pu·

336 3976 404 4028 ta,
447 3972 731 4021 Aruntium
765 3971 996 4034 Celsum,
1030 3967 1266 4017 Flavium
1303 3966 1403 4016 Ca-

336 4062 512 4111 ptum,
541 4047 814 4096 Helenium
846 4046 1125 4110 Acronem,
1157 4043 1405 4108 Asprum,

337 4121 592 4188 Probum,
620 4124 905 4188 Nigidium,
939 4128 1008 4188 et,
1037 4122 1082 4173 si
1112 4137 1224 4171 vera
1253 4120 1407 4185 lectio,

339 4201 676 4255 Adesionem.
754 4202 833 4251 De
873 4199 1156 4260 Euanthio,
1189 4195 1406 4247 Rufinus

346 4275 716 4336 Grammaticus-
741 4280 800 4327 de
854 4277 1034 4327 Metris
1077 4273 1407 4327 Terentianis:

417 4359 594 4426 Delph.
616 4366 663 4411 et
691 4361 807 4413 Var.
829 4359 958 4412 Clas.

1368 4353 1562 4404 Terent.

1456 2020 1757 2085 ⁶Euanthius
1798 2033 1851 2082 in
1888 2029 2265 2082 commentario
2289 2021 2534 2078 Terentii

1469 2111 1536 2160 de
1570 2110 1763 2172 fabula,
1792 2111 1889 2159 hoc
1927 2118 2028 2170 est,
2064 2106 2129 2154 de
2161 2103 2429 2164 comoedia,
2456 2100 2531 2150 sic

1469 2188 1616 2239 dicit.
1666 2188 1885 2251 Reliquos
1907 2185 2167 2236 Charisius
2193 2182 2458 2244 Sosipater
2485 2180 2534 2226 et
2579 2169 2598 2181 ’

1462 2268 1713 2335 Donatus
1753 2264 1853 2328 ipse
1903 2263 1958 2312 in
2002 2262 2128 2310 hisce
2174 2252 2537 2308 Commentariis

1464 2344 1685 2403 hudant.
1751 2342 1823 2392 At
1856 2340 2082 2406 quidquid
2114 2339 2199 2400 sit,
2231 2333 2438 2385 contenti
2467 2330 2536 2380 si·

1471 2436 1578 2473 mus
1598 2420 1684 2469 hoc
1698 2420 1894 2482 Catone,
1906 2418 1987 2482 qni
2008 2420 2324 2466 extentorum
2343 2409 2538 2469 naufra-

1467 2499 1557 2561 gio
1612 2499 1737 2547 solas
1787 2495 2048 2560 periculum
2092 2492 2295 2556 qualiter
2334 2485 2539 2552 qualiter

1474 2575 1643 2626 evasit.
1674 2572 2103 2636 Lindenbrogius.

1542 2653 1606 2702 Ρ.
1640 2651 1850 2701 Terentii
1880 2646 2091 2711 Andria]
2127 2645 2288 2696 Aiunt
2323 2658 2425 2693 non
2459 2642 2539 2691 ita

1475 2728 1599 2779 olim
1622 2729 1870 2792 scriptum
1893 2724 2070 2785 fuisse,
2096 2723 2210 2785 sed,
2237 2720 2427 2770 Andria
2451 2718 2539 2767 Te-

1474 2806 1640 2869 rentii,
1667 2806 1750 2856 'ita
1783 2811 1840 2855 ut
1868 2818 2055 2869 npmen
2091 2801 2302 2851 Fabulae
2336 2810 2539 2861 praepo-

1476 2891 1693 2935 neretur
1713 2882 1905 2932 nomini
1919 2879 2133 2941 Poetae,
2164 2876 2302 2942 quia,
2325 2875 2546 2932 scilicet,

1477 2961 1703 3011 nondum
1719 2956 2050 3008 inclaruisset
2064 2954 2357 3005 Terentius·
2384 2947 2543 3003 Quod

1477 3045 1533 3089 et
1554 3037 1741 3088 falsum
1754 3042 1844 3086 est
1867 3041 1923 3085 et
1949 3031 2294 3099 nugatorium,
2328 3043 2390 3078 ac
2426 3026 2542 3077 istis

1478 3114 1740 3180 capitibus
1758 3113 1988 3176 dignum.
2031 3107 2243 3161 Deinde
2262 3112 2385 3155 ante
2406 3103 2542 3153 hanc

1479 3190 1729 3242 Fabulam
1791 3189 1916 3239 alias
1977 3185 2193 3235 dederat
2241 3178 2542 3241 Terentius,

1476 3268 1620 3338 quod
1644 3281 1794 3317 nemo
1815 3270 1937 3315 ante
1958 3277 2041 3313 me
2070 3256 2455 3319 animadvertit,
2489 3262 2546 3304 et

1482 3359 1585 3396 uno
1615 3342 1775 3394 verbo
1808 3357 1929 3392 mox
1958 3338 2245 3391 ostendam.
2314 3331 2544 3390 Deinde,

1483 3422 1605 3491 quid
1629 3421 1832 3472 isthuc?
1881 3417 2081 3470 Andria
2099 3414 2349 3476 Terentii,
2367 3420 2424 3461 et
2445 3410 2545 3460 Te-

1483 3501 1640 3553 rentii
1677 3499 1895 3561 Andria,
1931 3495 2017 3563 qui
2062 3492 2341 3544 differunt?
2409 3487 2546 3539 Ride

1481 3579 1659 3644 igitur.
1713 3576 1905 3626 Tamen
1925 3571 2182 3638 Georgius
2202 3565 2469 3619 Fabricius
2491 3564 2546 3615 id

1484 3673 1517 3707 a
1546 3653 1772 3706 librariis
1795 3652 2090 3715 neglectum
2113 3647 2272 3697 fuisse
2297 3643 2547 3709 queritur.

1484 3735 1725 3794 Causam,
1765 3728 1944 3791 credo,
1975 3727 2050 3777 illi
2087 3725 2426 3790 praebuerunt
2459 3734 2548 3769 ex-

1478 3807 1669 3875 cerpta
1693 3807 1782 3857 illa
1806 3801 2257 3863 Pseudo-Donati,
2281 3797 2427 3864 queis
2451 3808 2549 3858 ego

1482 3886 1741 3937 interdum
1763 3882 1891 3933 nibil
1914 3880 2067 3931 video
2089 3878 2341 3928 insulsum
2364 3871 2548 3935 magis.

1483 3964 1550 4014 Id
1572 3961 1709 4028 quod
1732 3974 1909 4010 verum
1932 3970 2047 4006 esse
2069 3951 2340 4004 ostendam
2360 3963 2476 3998 cum
2496 3947 2548 3994 in
2644 3973 2651 3980 ·

1485 4039 1681 4089 Urbem
1698 4049 1905 4095 venero,
1918 4038 1974 4083 et
1988 4027 2306 4094 locupletem
2323 4024 2550 4090 aliquem

1485 4112 1894 4182 'typographum
1931 4107 2058 4158 mihi
2096 4100 2325 4154 nancisci
2369 4098 2550 4149 datum

1487 4192 1666 4243 fuerit.
1737 4189 1925 4253 Neque
1956 4183 2094 4236 enim
2116 4194 2253 4229 nunc
2277 4177 2550 4227 Commen-

1488 4271 1651 4332 tarios
1687 4264 1976 4319 scribimus.
2041 4256 2243 4312 Grandi
2278 4266 2547 4385 aereTopus

2310 4341 2341 4386 3
