3035 4941
554 407 729 532 149}

559 567 853 623 Parmam.-
907 565 1126 619 vaitia
1163 564 1215 616 in
1259 563 1464 614 nomine
1513 566 1614 627 est,

555 661 710 713 quam
724 645 1021 696 deliciosam
1039 656 1154 692 esse
1168 646 1394 706 oportet.
1425 644 1501 702 et,
1520 643 1615 688 und

554 733 759 784 mecum:
816 735 970 786 quam
1023 733 1142 769 cum
1202 715 1614 767 adolescentibus

557 811 678 849 esse
716 803 1046 848 convenerat.
1088 801 1144 845 ει
1178 794 1324 845 iuuc:
1357 792 1423 843 ad
1461 806 1615 857 quem

557 875 730 924 locum
751 872 1017 939 psaltriam
1038 885 1215 921 secum
1233 870 1310 920 ire
1333 868 1615 932 compellit.

468 1005 469 1014 ἵ
559 949 767 999 Deinde
783 963 850 998 ne
874 950 953 998 vel
979 948 1030 996 in
1052 947 1235 999 itincre
1259 959 1411 1010 poena
1427 943 1618 1005 cesset,

556 1031 573 1055 ⁴
603 1024 732 1075 Cum
774 1023 882 1074 filio
918 1024 1003 1073 ibo
1024 1021 1183 1084 hinc,’
1217 1021 1402 1087 inquit,
1436 1019 1617 1068 ‘illam

494 1098 498 1101 ⁴
558 1117 687 1153 vero
728 1097 1051 1152 abstraham!
1085 1113 1202 1148 nam
1235 1100 1348 1147 illuc
1369 1111 1432 1147 eo
1451 1096 1618 1145 animo

561 1178 714 1241 dixit,
737 1194 840 1244 qno
856 1191 1033 1242 snpra,
1050 1175 1128 1225 ibo
1143 1175 1268 1224 hinc.
1306 1175 1376 1224 Et
1398 1178 1619 1237 apparet

529 1256 704 1307 fillum
765 1253 914 1320 quasi
977 1252 1289 1314 mancipium
1341 1249 1617 1299 ducturum

558 1332 807 1397 puellam,
825 1344 926 1379 non
945 1336 1003 1378 ut
1022 1328 1301 1378 fidicinam.
1335 1328 1490 1376 Idem.

564 1441 571 1446 -
616 1408 688 1457 ’67
715 1407 908 1456 Mecum
925 1406 1034 1455 hinc
1053 1402 1348 1466 abstrahant]
1393 1402 1441 1451 N
1446 1407 1510 1451 o‘n
1531 1400 1622 1451 ab·

563 1483 778 1535 ducam·
813 1481 909 1532 sed
929 1481 1068 1548 quod
1093 1488 1174 1532 est
1198 1478 1478 1537 saevientis,
1506 1478 1623 1529 abs·

560 1562 778 1613 trabam.
802 1560 952 1610 Idem.

631 1635 949 1700 Pugnatur-is]
984 1636 1229 1699 Magnam
1265 1646 1375 1683 rem
1413 1630 1622 1702 feceris.

565 1714 655 1765 Sic
708 1712 1006 1775 Lucilius,‘
1027 1710 1258 1762 Vicimus
1302 1726 1335 1760 o
1379 1709 1528 1771 socii,
1569 1716 1625 1759 et

560 1791 805 1853 {nagnam
828 1788 1164 1854 pugnavimus
1186 1802 1430 1853 pugnarn.
1432 1785 1624 1837 ’Idevm

629 1871 697 1917 68
737 1867 813 1915 Eo
845 1872 988 1931 pacto
1015 1881 1234 1931 prorsum
1264 1866 1376 1915 illuc
1405 1864 1627 1927 alligaris

549 1944 738 2012 filium]
768 1944 903 1993 Haec
924 1958 1040 1993 cum
1066 1943 1171 1993 risu
1193 1941 1324 1992 dicit
1340 1941 1523 1992 Micio.
1557 1942 1627 1990 Et

562 2024 736 2085 ugare,
788 2028 871 2071 est
913 2022 1132 2086 injicere
1192 2009 1353 2070 alicui
1408 2017 1628 2069 vincula.

565 2100 698 2154 Quis
724 2114 847 2150 vero
868 2098 1064 2148 dicitur
1085 2095 1289 2161 alligari
1311 2095 1376 2145 ad
1410 2089 1628 2159 aliquid,

561 2178 678 2228 sine
699 2191 805 2243 qno
827 2190 941 2227 esse
981 2190 1083 2227 non
1119 2173 1313 2239 possit?
1345 2175 1487 2236 Ergo
1510 2186 1627 2236 pro-

564 2255 679 2320 prie
724 2254 789 2305 ad
830 2253 1047 2303 amicam
1088 2251 1288 2314 alligari
1325 2250 1626 2300 adolescen-

565 2340 674 2384 tem
708 2330 844 2381 dixit
876 2335 1179 2380 amatorem.
1202 2329 1412 2378 Prorsus
1433 2333 1627 2389 autem,

568 2414 734 2469 certe,
757 2412 922 2463 recte,
956 2419 1018 2454 ac
1043 2418 1165 2454 vere
1187 2401 1464 2467 significat.
1496 2403 1577 2452 Id.

634 2483 984 2545 Illicalligaris
1008 2482 1197 2548 filium]
1226 2481 1307 2530 Ex
1350 2478 1535 2530 iisdem
1574 2484 1631 2531 et

566 2561 794 2621 Don'ato,
815 2557 1279 2609 illiadverbialiter.
1312 2554 1544 2606 Faernus.

634 2640 702 2686 59
740 2637 810 2686 Ut
844 2634 980 2683 illam
1012 2633 1192 2697 serves]
1231 2631 1535 2682 Acuendum
1569 2630 1631 2680 il·

567 2714 688 2763 lam.-
720 2713 818 2762 hoc
839 2716 940 2773 est,
972 2723 1073 2758 non
1102 2710 1216 2773 Jam
1252 2707 1434 2771 filium,
1453 2706 1548 2759 sed
1570 2708 1632 2756 il-

567 2790 692 2853 lam,
717 2802 884 2852 serva,
900 2787 954 2836 in
979 2794 1081 2853 qua
1104 2793 1381 2852 utrumque
1405 2785 1633 2836 retinue⁶

566 2868 656 2920 ris.
679 2868 919 2920 Donatus.

633 2947 743 3008 Ego
770 2946 894 2996 istuc
913 2942 1099 3006 videro]
1132 2940 1254 2991 Hoc
1288 2947 1389 3000 est,
1410 2945 1470 2989 ut
1492 2938 1631 2988 illam

569 3036 786 3073 servem.
820 3024 973 3074 Idem.

633 3104 701 3150 6⁰
733 3099 893 3163 Atque
926 3099 998 3148 ibi
1024 3097 1218 3158 savillae
1235 3097 1394 3160 plena,
1412 3093 1547 3153 sumi
1575 3109 1633 3143 ac

565 3177 759 3243 pollinis
790 3178 1023 3242 coquendo
1057 3175 1122 3225 sit
1144 3175 1288 3236 saxo,
1321 3178 1370 3222 et
1398 3170 1631 3234 molendo]

571 3255 739 3322 Atqui
772 3256 966 3304 molere
1013 3252 1156 3317 prius
1211 3257 1314 3312 est„
1356 3264 1508 3314 quam
1549 3263 1632 3308 co,-

568 3348 755 3400 quere:
780 3332 872 3381 sed
892 3329 1017 3381 illud
1039 3330 1181 3394 prius
1196 3327 1500 3392 posuit,quo
1516 3325 1632 3390 pul-

518 3474 521 3475 ,
571 3408 812 3460 chritudo
837 3408 996 3472 magis
1020 3404 1265 3455 foedatur.
1289 3417 1353 3452 an
1374 3402 1492 3467 quia
1525 3400 1632 3465 pri-

571 3501 632 3535 us
648 3489 910 3535 torreatur
928 3483 1178 3545 triticum,
1195 3486 1252 3530 ιιι
1267 3478 1416 3529 tundi
1435 3478 1633 3543 possit?

572 3562 649 3610 Ut
691 3560 960 3624 Virgilius,
1027 3559 1044 3586 ‘
1065 3560 1135 3608 Et
1198 3564 1398 3607 torrere
1444 3562 1632 3620 parant

573 3636 812 3698 flaminis,
833 3643 890 3684 et
911 3633 1152 3699 frangere
1175 3631 1340 3682 saxo.’
1377 3630 1530 3681 Idem.

636 3719 701 3765 61
756 3714 1005 3778 Coquendo
1051 3711 1115 3759 sit
1139 3709 1284 3771 saxo,
1320 3714 1369 3758 et
1399 3707 1632 3773 molendo]

572 3792 659 3845 Ne
681 3797 882 3842 ametur
905 3788 1127 3839 scilicet.
1161 3786 1321 3836 Idem.

586 3892 593 3895 -
641 3869 888 3932 Coquendo
915 3867 982 3915 sit
999 3864 1145 3926 faxo,
1163 3868 1212 3915 et
1240 3863 1481 3911 molendo.-
1502 3876 1632 3925 prce-

578 3953 654 3998 ter
668 3947 791 4010 hoec]
813 3943 1058 3995 Ἀπόδοσις
1081 3947 1286 3992 octava.
1324 3940 1470 3990 Idem.

643 4025 893 4088 Coquendo
908 4021 979 4071 sit
985 4019 1110 4081 faxo
1132 4022 1181 4067 et
1199 4016 1334 4080 mah]
1370 4017 1631 4068 Notabilis

573 4102 720 4152 locus
741 4105 824 4149 est
847 4099 1023 4148 Plauti
1045 4096 1111 4146 de
1150 4094 1395 4160 operibus
1418 4095 1632 4145 ancilla·

554 4192 706 4247 rum,
755 4177 1053 4226 Mercatore
1100 4178 1165 4224 ιι.
1209 4176 1257 4220 3.
1301 4175 1384 4221 62.
1449 4171 1466 4200 ⁶
1488 4171 1635 4222 Nihil

574 4269 704 4320 opus
747 4252 894 4303 nobis
937 4251 1141 4307 ancilla,
1180 4249 1277 4298 nisi
1314 4264 1431 4314 quae
1469 4256 1633 4314 texat,

578 4347 695 4400 quas
725 4331 910 4395 molat,
944 4329 1163 4393 Lignum
1203 4328 1392 4395 eaedat,
1415 4342 1633 4393 pensum

1144 424 1149 432 ’
1214 415 1474 470 ’ΝΟΤΕ
1522 413 1922 466 VARIORUM
1973 413 2055 464 IN

1684 559 1864 626 faciat,
1884 558 2022 610 {edes
2043 558 2238 615 verrat,
2259 554 2498 621 vapulet,
2515 554 2730 620 Quaque

1686 639 1879 689 habeat
1928 636 2247 687 cotidianum
2299 631 2510 683 familias
2543 633 2731 683 coetum

1687 715 1895 766 cibum!
1919 714 2177 765 Boeczem.

1752 798 1818 843 62
1850 792 2059 843 Meridie
2096 789 2221 855 ipso]
2266 789 2441 841 Quum
2474 786 2555 837 sol
2596 785 2739 836 vehe-

1688 870 1910 922 mentior
1931 876 2029 919 est.
2095 869 2164 918 Et
2196 879 2382 916 nomen
2416 862 2551 915 fecit
2574 863 2640 912 de
2662 862 2741 912 ad-

1689 946 1887 998 verbio.
1950 944 2210 995 Meridiem
2245 943 2495 992 dixerunt
2525 946 2746 1001 veteres,

1691 1027 1837 1092 quasi
1871 1023 2139 1085 medidiem,
2159 1037 2188 1071 r
2209 1034 2303 1086 pro
2334 1022 2367 1069 d
2387 1017 2583 1084 posito,
2602 1031 2749 1081 prop·

1690 1110 1775 1153 ter
1796 1102 2157 1166 cognationem
2179 1099 2363 1149 harum
2391 1096 2535 1145 inter
2554 1108 2614 1144 se
2635 1095 2746 1143 lite'·

1692 1194 1881 1230 rarum.
1906 1180 2144 1227 Donatus.

1701 1285 1708 1296 ‹
1758 1255 1967 1305 Meridie
1985 1254 2077 1318 ips.
2099 1251 2204 1316 θα]
2241 1247 2414 1299 Possis
2435 1246 2750 1310 interpreta-

1694 1331 1738 1382 ri
1769 1330 1999 1381 versibus
2021 1327 2214 1379 Tibulli
2248 1326 2396 1389 Eleg.
2419 1338 2460 1374 ι.
2481 1328 2532 1372 9.
2599 1324 2615 1350 ⁸
2638 1320 2751 1371 Jarn

1696 1408 1819 1458 mibi
1843 1407 2106 1471 persolvet
2135 1417 2333 1468 poenas,
2356 1400 2636 1465 pulvisque
2667 1396 2753 1445 de·

1696 1496 1869 1534 eorem
1901 1480 2176 1543 Detrahet,
2230 1485 2289 1527 et
2330 1476 2505 1525 ventis
2543 1471 2750 1522 horrida

1697 1558 1839 1611 facta
1872 1572 2050 1608 coma:
2090 1556 2287 1605 Uretur
2322 1550 2504 1607 facies,
2545 1554 2754 1598 urentur

1697 1636 1809 1687 sole
1844 1634 2037 1698 capilli,
2074 1632 2301 1681 Deteret
2318 1625 2577 1678 invalidos
2601 1631 2657 1675 ει
2678 1626 2754 1672 ιιι

1697 1713 1848 1775 longa
1869 1708 2066 1776 pedes-⁹
2100 1708 2362 1758 Baetem.

1770 1790 1838 1839 Ut
1854 1788 2076 1852 stipidum
2104 1782 2322 1847 colligat]
2354 1778 2509 1834 Quod
2532 1778 2632 1829 snb
2656 1776 2755 1828 sole

1699 1865 1813 1916 fieri
1836 1878 2046 1913 necesse
2064 1868 2162 1913 est.
2198 1860 2435 1909 Donatus.

1764 1946 1829 1992 63
1879 1941 1996 1991 Tam
2070 1943 2312 1990 excoctam
2360 1934 2579 1995 reddam,
2617 1935 2755 1994 ,dique

1699 2018 1880 2083 atram]
1927 2018 2185 2067 ’ἰδιωτικῶς
2227 2013 2363 2064 dixit
2409 2013 2626 2071 reddam,
2669 2020 2755 2071 pro

1688 2094 1890 2156 faciam.
1934 2095 2007 2144 Et
2037 2096 2296 2155 excoctum,
2336 2088 2403 2139 ad
2450 2087 2754 2138 tenuitatem

1700 2173 1882 2224 siccati
1906 2172 2130 2223 coloris:
2161 2176 2334 2227 amin,
2352 2168 2418 2218 ad
2441 2167 2669 2218 colorem
2690 2177 2758 2214 re·

1703 2251 1842 2300 tulit.
1890 2250 1961 2299 Et
1979 2248 2093 2297 vide
2114 2261 2264 2312 quam
2289 2258 2493 2310 aspera,
2510 2255 2757 2309 quamque

1700 2328 1907 2392 ingrata
1938 2327 2169 2377 clausula
2202 2325 2289 2386 sit,
2315 2337 2417 2389 qua
2433 2320 2671 2372 saevidici
2690 2333 2760 2369 se·

1701 2405 1781 2454 nis
1802 2402 1981 2454 finitur
2002 2402 2188 2452 oratio.
2219 2401 2375 2451 Idem,

1768 2483 1934 2532 Placet
1954 2496 2079 2531 nunc
2098 2479 2217 2530 mihi
2237 2479 2400 2528 videre
2418 2476 2612 2542 sapere]
2648 2473 2758 2524 Non

1705 2558 2054 2610 contradicit:
2109 2557 2258 2607 timet
2300 2555 2435 2604 enim
2471 2566 2670 2615 suasor,
2699 2564 2759 2600 ne

1704 2635 1937 2687 loetitiam
1963 2646 2139 2686 rursus
2160 2635 2415 2698 provocet
2434 2629 2503 2681 ad
2515 2628 2758 2694 jurgium.

1707 2716 1862 2766 Idem.

1769 2795 1835 2842 64
1866 2788 2027 2855 Atque
2066 2788 2278 2853 equidem
2301 2782 2492 2853 filium]
2528 2782 2650 2833 Non
2689 2795 2759 2831 so·

1705 2868 1810 2917 lum
1828 2867 2015 2918 suadet
2030 2865 2288 2927 laetitiam‚
2309 2861 2400 2912 sed
2422 2860 2585 2911 etiam
2600 2857 2760 2909 ridere

1707 2947 1852 3010 cogit
1868 2943 2107 2994 invitum
2142 2936 2292 2991 Idem.

1769 3027 1835 3073 66
1867 3022 2107 3072 Derides?
2124 3018 2407 3080 formatus
2425 3014 2512 3078 qui
2528 3013 2651 3063 istoc
2665 3009 2762 3061 uni-

1706 3114 1801 3149 mo
1815 3097 1933 3161 sies]
1966 3097 2087 3146 Hoc
2134 3093 2344 3144 verbum
2378 3091 2529 3140 vultu
2560 3089 2762 3137 Demeae

1708 3176 1785 3226 sic
1820 3171 2103 3239 profertur,
2122 3176 2184 3221 ιιι
2222 3167 2495 3219 subrisisse
2529 3164 2763 3214 videatur

1706 3251 1919 3301 invitus.
1961 3247 2067 3299 Sed
2091 3260 2267 3297 rursus
2289 3259 2376 3306 ego
2396 3242 2570 3306 sentio,
2602 3254 2764 3290 amare

1708 3340 1988 3392 severeque
2031 3324 2184 3375 dixit.
2247 3321 2508 3382 Etstder,
2533 3319 2624 3384 qui
2662 3319 2766 3369 sim·

1708 3404 1919 3469 pliciter
1953 3402 2121 3453 ridet=
2156 3399 2361 3459 deridet,
2392 3396 2626 3462 quicum
2647 3396 2764 3445 alte-

1708 3481 1814 3530 rius
1869 3479 2104 3529 irrisione
2146 3482 2204 3527 et
2247 3481 2555 3539 contemptu
2619 3471 2766 3523 ridet.

1708 3557 1863 3607 Idem.

1775 3632 2071 3682 Fortunatus
2090 3629 2173 3694 qni
2191 3626 2312 3677 istoc
2330 3627 2490 3676 ausimo
2502 3624 2622 3689 sies]
2659 3624 2765 3676 Non

1708 3707 1967 3758 laudantis
2008 3713 2092 3756 est
2130 3703 2267 3770 quod
2323 3704 2416 3762 ait,
2452 3701 2765 3763 ffirtnmatus:

1709 3785 1802 3836 sed
1840 3785 2112 3834 moraliter
2154 3779 2604 3846 reprehendentis.
2636 3788 2694 3830 ut
2727 3777 2767 3826 si

1709 3861 1870 3923 dicas,
1902 3875 2059 3926 quum
2091 3866 2147 3909 te
2178 3855 2375 3922 aliquid
2397 3871 2531 3907 cura
2546 3854 2766 3906 offende-

1623 3978 1630 3989 ,
1709 3938 1800 4002 rit,
1827 3936 2123 3988 fortunatos
2162 3934 2351 3983 stultos
2385 3932 2476 3998 qui
2510 3931 2639 3982 nihil
2662 3939 2763 3981 seu·

1708 4014 1864 4065 tiant.
1932 4013 2005 4063 At
2026 4012 2124 4062 hoc
2138 4023 2341 4076 quoque
2364 4007 2535 4058 dixit
2521 4022 2574 4057 ιιι
2599 4010 2763 4073 Euna-

1708 4091 1822 4154 cho,
1858 4090 1874 4119 ⁸
1892 4088 1969 4140 At
2000 4102 2101 4152 ego
2131 4084 2313 4136 infelix
2330 4098 2501 4148 neque
2521 4083 2763 4133 ridiculus

1708 4180 1843 4229 esse,
1862 4179 2027 4230 neque
2049 4164 2228 4228 plagas
2251 4161 2364 4225 pati
2386 4172 2611 4224 possum.
2616 4159 2733 4208 'Id-

1775 4240 2114 4305 Fortunatus]
2148 4239 2215 4288 In
2254 4238 2350 4288 boc
2394 4234 2526 4287 felix
2563 4234 2760 4295 videris,

1710 4320 1798 4386 qui
1821 4317 2139 4370 miseriarum
2162 4328 2317 4367 sensu
2345 4326 2546 4379 careas,
2563 4327 2661 4377 ego
2683 4319 2768 4361 ree·
