3035 4941
516 380 688 448 1058

516 544 572 592 in
619 538 1058 592 Heautont.11a
1115 539 1282 588 endo.-
1314 542 1574 586 monente

520 628 671 685 patre
698 620 881 669 filium.
921 618 1069 668 Idem.

589 698 709 746 Tum
742 697 786 746 si
825 696 929 759 quis
966 693 1273 757 magistrum]
1315 699 1578 757 Μενιαφορι

518 775 625 831 κῶς,
649 788 714 823 au
737 773 859 838 quia
883 777 938 821 et
961 771 1279 834 paedagogus
1293 776 1375 819 est
1390 769 1580 833 magis

450 894 463 905 ,
517 851 636 900 ter?
655 858 709 899 ut
726 848 939 899 Getam
963 846 1328 909 Phormione,‘
1345 847 1436 895 Me
1457 846 1579 896 filiis

518 925 992 992 relinquunt'quasi
1012 922 1347 987 magistrum?
1380 924 1531 973 Idem.

582 1004 665 1053 Ad
703 1018 806 1052 eam
842 1003 964 1067 rem]
1017 1001 1082 1050 Id
1124 1007 1228 1063 est,
1262 1015 1420 1064 supra
1464 1015 1580 1050 eam

522 1096 629 1130 rem
654 1097 669 1141 ;
703 1082 800 1130 hoc
821 1086 921 1142 est,
945 1093 1101 1142 super
1122 1093 1377 1128 amorem.-
1408 1077 1558 1128 Idem.

586 1156 876 1220 Improbum]
910 1156 1069 1220 Cujus
1092 1170 1253 1218 opera
1282 1163 1340 1204 et
1361 1154 1579 1203 consilio

518 1235 756 1300 improbo
770 1236 1135 1297 seducatur,ut
1153 1232 1455 1297 Pamphilus
1473 1239 1580 1283 tuo.
1649 1257 1660 1263 ν

523 1312 808 1363 Furnabius.

585 1394 651 1439 22
684 1389 908 1438 Animum
947 1387 1202 1450 aegrotum]
1234 1387 1344 1436 Pro
1383 1402 1584 1453 agrum,

520 1482 636 1516 nam
659 1467 857 1517 animus
880 1480 1040 1530 aeger,
1076 1480 1272 1529 corpus
1302 1472 1578 1529 aegrotum.

522 1547 758 1596 Donatus.

522 1666 529 1669 ,
586 1623 749 1684 Ipsum
779 1620 989 1670 animm
1024 1623 1254 1681 egrotum
1285 1620 1347 1667 ad
1381 1617 1583 1666 deterio-

522 1715 624 1749 rem
646 1704 830 1763 partem
862 1700 1131 1762 pler-umque
1164 1696 1393 1760 applicat]
1425 1696 1581 1746 Scili-

520 1787 632 1843 cet,
657 1788 713 1829 ut
737 1777 926 1841 μιμήσει
949 1778 1255 1842 Horatiana,
1278 1776 1446 1840 Epist.
1472 1791 1512 1826 ι.
1529 1781 1579 1826 8.

524 1871 581 1905 se
604 1856 799 1906 indicet
831 1857 984 1906 homo
1025 1856 1163 1918 talis,
1200 1861 1377 1905 mente
1411 1854 1580 1902 minus

522 1935 742 1996 validus,
766 1949 918 1999 quam
946 1946 1163 1996 corpore
1185 1938 1296 1981 toto
1319 1932 1364 1982 ι*
1380 1931 1469 1980 Nil
1493 1945 1584 1979 au-

522 2011 641 2060 dire
664 2011 800 2070 volo,
836 2011 908 2059 nil
941 2010 1162 2071 discere,
1181 2007 1316 2073 quod
1349 2009 1491 2057 levet
1513 2023 1583 2057 ae·

522 2103 701 2154 grum3
735 2088 880 2138 Fidis
920 2085 1151 2137 offendor
1184 2084 1418 2145 medicis,
1453 2083 1584 2133 iras·

527 2181 621 2215 cor
650 2165 862 2227 amicis;
899 2165 1005 2214 Cur
1042 2178 1126 2212 me
1157 2161 1365 2211 funesto
1397 2174 1585 2224 prope-

522 2247 643 2291 rent
668 2255 847 2291 arcere
869 2239 1120 2290 veterno?
1185 2238 1318 2290 Quae
1340 2251 1589 2300 nocuere,

525 2332 746 2382 sequor:
778 2316 925 2380 fugio
953 2332 1072 2382 quae
1112 2313 1322 2379 profore
1344 2313 1587 2364 credam?

525 2394 791 2442 Boeclerus.
873 2389 877 2393 ’

591 2472 867 2532 AEg-rotum,
901 2467 1011 2532 ξω]
1062 2466 1229 2518 Stoici
1269 2465 1588 2530 cupiditates

524 2554 584 2594 et
607 2543 826 2595 affectus
850 2545 1006 2593 animi
1041 2544 1248 2593 morbos
1285 2557 1398 2592 esse
1428 2542 1588 2591 senti-

526 2629 635 2672 unt.
673 2622 784 2672 Cic.
807 2622 966 2671 Tusc.
988 2622 1197 2674 Quaest.
1232 2619 1522 2670 Farnabius.

591 2703 655 2747 23
679 2699 834 2762 Hem]
870 2697 1172 2763 [interjectio
1197 2703 1277 2746 est
1299 2696 1586 2748 irascentis.

493 2804 497 2808 -
529 2776 768 2825 Donatus.

593 2851 761 2900 Davus
780 2849 900 2915 sum,
921 2851 1271 2916 non‘OEdt'pus]
1301 2852 1588 2915 Multiplex

527 2928 872 2976 contumelia:
897 2934 1070 2991 potest
1088 2929 1225 2977 enim
1241 2943 1416 2978 senem
1439 2928 1587 2993 quasi

528 3005 802 3068 sphingem
826 3004 1041 3066 dixisse,
1072 3005 1128 3055 id
1166 3012 1266 3070 est,
1297 3004 1588 3056 deformem

530 3082 849 3146 monstrique
899 3082 1151 3133 similem:
1210 3088 1388 3147 potest
1427 3082 1589 3132 etiam

530 3158 863 3208 inhumanum
886 3165 939 3208 et
961 3157 1149 3222 ferum,
1168 3158 1453 3233 utpphinx.
1484 3159 1590 3208 Po·

531 3243 639 3286 test
663 3236 823 3286 etiam
866 3251 962 3299 per
991 3236 1234 3302 OEdipum
1265 3251 1323 3286 se
1360 3237 1588 3286 ultorem

528 3313 837 3377 promittere
859 3313 1110 3377 futurum,
1131 3320 1293 3379 atque
1315 3326 1593 3378 oppresso·

531 3404 640 3439 rem
664 3390 936 3454 sapientiae
958 3391 1110 3439 senis.
1144 3391 1294 3442 Idem.

597 3468 768 3516 Davus
785 3482 910 3528 sum,
929 3482 1021 3517 ιιοιι
1047 3466 1276 3530 OEdipus]
1318 3468 1513 3517 Facete
1536 3481 1593 3517 se

528 3544 744 3608 negavit
780 3544 1044 3610 OEdipum,
1078 3551 1139 3595 ut
1173 3557 1350 3593 senem
1371 3544 1595 3609 sphinga

530 3636 645 3669 esse
664 3620 954 3685 confirmet,
986 3636 1090 3671 non
1136 3620 1405 3685 OEdipum.
1468 3621 1594 3671 Imi-

532 3698 782 3746 tationum
808 3698 911 3747 duo
927 3705 1047 3748 sunt
1071 3711 1297 3762 genera:
1336 3696 1594 3762 quandam

533 3775 840 3836 necessitas,
877 3775 1133 3840 quandam
1179 3775 1465 3826 introducit
1504 3791 1594 3826 vo-

534 3852 727 3902 luntas.
760 3853 913 3903 Idem.

600 3928 712 3976 Non
759 3930 993 3992 OEdipus]
1040 3930 1095 3979 Si
1136 3930 1322 3981 Latine
1361 3906 1591 3995 pronun-

531 4003 634 4053 ties
638 4005 925 4067 ,genitivus
940 4006 1114 4071 OEdips‘
1127 4006 1306 4071 faciet,
1320 4008 1363 4057 si
1382 4008 1595 4100 Graece,

536 4080 808 4143 OEdipodis.
843 4080 1010 4133 Idem.

600 4156 770 4206 Davus
808 4172 929 4219 etun,
973 4174 1068 4209 ιιοιι
1107 4158 1339 4223 OEdipus]
1405 4123 1594 4208 Servus

534 4247 648 4282 sum
674 4233 926 4285 barbarus
949 4241 1005 4285 et
1021 4237 1278 4300 simplex
1309 4249 1414 4284 non
1448 4234 1597 4284 OEdi·

532 4324 654 4373 pus,
692 4312 778 4376 qui
809 4312 1086 4375 aenigmata
1104 4320 1161 4361 et
1187 4312 1441 4377 perplexa
1472 4325 1595 4374 pro·

533 4385 762 4442 blemata
799 4390 993 4453 possim
1026 4388 1260 4440 solveret
1315 4386 1435 4437 vide
1473 4386 1597 4452 quid

1218 393 1434 443 No'rAE
1481 389 1824 439 VAmoRU
1839 388 1887 437 M
1939 388 2019 437 m

1653 548 1748 583 nos
1765 532 1831 583 ad
1846 531 2111 582 Thebaida
2119 531 2335 581 Seneca
2351 534 2370 579 l
2384 535 2463 580 19.
2482 542 2615 579 vers.
2642 522 2714 579 ob

1648 608 1811 681 μᾴντις
1841 607 1932 670 ciui
1963 609 2165 672 -ιθᾶφανῆ
2198 610 2366 670 γνῶναι
2399 609 2575 669 σαφῶς.
2609 607 2715 655 En-

1652 689 1804 752 ripid.
1842 688 2021 752 OEdipo
2050 686 2308 747 conjectore
2335 690 2406 734 est
2428 698 2555 748 opus.
2587 682 2715 733 Far·

1652 765 1855 815 nabius.

1717 845 1783 901 24
1818 840 1943 890 Sane
1964 838 2172 904 quidem]
2199 838 2345 900 Sane,
2370 837 2571 887 validez
2598 836 2717 901 quia

1653 919 1743 984 qui
1764 932 1938 980 sanus,
1958 925 2014 966 et
2038 917 2233 966 validus
2258 923 2360 964 est.
2394 915 2637 964 Donatus.

1716 995 1847 1046 2585
1896 994 2124 1058 sensero]
2144 992 2523 1065 Comminatio,
2558 1000 2615 1041 et
2652 989 2715 1040 tit

1656 1072 2032 1137 pronuntiatio,
2051 1079 2110 1122 ut
2133 1071 2187 1120 in
2210 1071 2424 1135 singulis
2450 1068 2619 1119 verbis
2639 1082 2720 1117 ar·

1656 1149 1815 1200 deant
1838 1150 2007 1199 minse.
2043 1149 2191 1199 Idem.

1721 1225 1908 1288 Hodie]
1951 1227 2070 1275 Non
2116 1224 2181 1274 ad
2221 1231 2426 1286 tempus
2464 1233 2567 1272 non
2609 1221 2719 1285 ple*-

1654 1317 1798 1366 num‚
1818 1304 1908 1353 sed
1924 1302 1990 1352 ad
2004 1301 2451 1352 comminationem
2465 1297 2694 1349 refertur
2705 1316 2720 1346 e

1656 1386 1717 1431 ut
1738 1380 2022 1443 Virgilius:
2055 1380 2072 1409 ‘
2093 1381 2374 1443 Nunquam
2414 1391 2591 1427 omnes
2629 1377 2720 1424 ho·

1654 1456 1746 1506 die
1786 1457 2064 1506 moriemur
2105 1454 2291 1504 inulti!
2374 1456 2447 1504 Et
2480 1454 2583 1503 dies
2624 1467 2722 1517 pro

1655 1541 1812 1585 nocte
1832 1535 2121 1603 accipitur:
2147 1539 2204 1582 ut
2222 1532 2317 1581 hoc
2336 1531 2524 1595 ipsum,
2539 1531 2555 1557 ‘
2576 1529 2723 1577 Nun-

1655 1627 1807 1677 quam
1842 1610 2020 1661 omnes
2048 1611 2205 1661 hodie
2233 1609 2512 1658 moriemur
2533 1605 2726 1656 inulti.⁵

1659 1688 1815 1738 Idem.

1723 1765 1784 1814 Si
1801 1780 1986 1816 sensero
2008 1765 2144 1815 hodie
2160 1765 2424 1828 quicquam,
2441 1761 2551 1826 ξω]
2588 1761 2723 1811 Haec

1658 1839 1945 1904 κατάπληξις
1965 1841 2292 1907 supra(sc.1.
2316 1856 2389 1889 vs.
2402 1837 2509 1903 37.)
2523 1844 2725 1902 coepta’,

1659 1927 1715 1969 et
1755 1920 2079 1970 correctione
2119 1931 2379 1982 repressa,
2401 1929 2538 1965 nunc
2561 1914 2726 1964 abeo}-

1660 1996 1816 2046 vitur.
1850 1996 2109 2045 Boeelerus.

1724 2073 1783 2122 Si
1804 2071 2013 2135 sensero]
2047 2073 2062 2100 ‘
2080 2042 2437 2132 Precibusque
2455 2065 2620 2115 minas
2643 2079 2725 2115 re·

1661 2152 1851 2215 galiter
1873 2149 2058 2201 addit.’
2093 2147 2249 2197 Ovid.
2261 2159 2330 2196 ιι.
2328 2145 2568 2193 Metam.
2590 2142 2729 2195 ‘Im-

1661 2230 1886 2294 perium,
1910 2226 2180 2291 promissa,
2200 2224 2366 2275 minas
2379 2217 2686 2270 confundit
2672 2231 2728 2268 ιιι

1662 2306 1856 2356 ιιιιιιιιι.’
1889 2303 2103 2355 Farnob.

1725 2387 1793 2432 26
1830 2381 2072 2446 Quofinnt
2092 2375 2268 2439 minus]
2303 2376 2409 2432 Quo
2423 2373 2605 2436 minus,
2625 2373 2726 2423 hoc

1663 2466 1767 2518 est,
1787 2475 1889 2526 quo
1911 2456 2230 2521 impeditiuS.
2262 2453 2499 2504 Donatus.

1729 2537 1793 2587 27
1827 2538 1929 2587 Aut
1944 2536 2061 2584 velle
2078 2534 2130 2583 ιἰι
2150 2547 2207 2582 ea
2225 2546 2279 2581 re
2294 2530 2483 2580 utendi
2500 2542 2643 2591 quam
2660 2526 2742 2577 sio

1662 2613 1886 2677 callidus]
1917 2614 2161 2676 Plerique
2184 2609 2321 2670 libri,
2352 2613 2407 2658 et
2430 2608 2481 2656 in
2517 2606 2582 2655 iis
2619 2620 2729 2655 om

1664 2706 1758 2741 nes
1781 2690 1998 2755 antiqui,
2013 2687 2196 2739 ostendi
2228 2700 2366 2750 quam
2404 2683 2474 2733 sis
2510 2682 2727 2733 callidus.

1662 2766 1914 2817 Faernus.

1727 2848 1792 2894 28
1832 2841 2111 2894 Verberibus
2138 2849 2309 2889 eaesum
2330 2843 2377 2887 te
2398 2836 2566 2887 Dave'
2548 2851 2600 2888 ιιι
2630 2834 2729 2898 νὺ-

1661 2921 1865 2985 trinum]
1899 2920 2056 2970 Vult
2043 2934 2095 2968 ιιι
2119 2918 2421 2982 pronomine
2442 2922 2500 2965 et
2518 2913 2730 2964 nominc

1663 2998 1933 3063 exagitare
1968 2993 2371 3047 comminatione
2408 3006 2633 3053 servum,
2667 3004 2732 3038 ne

1665 3074 1792 3143 quid
1815 3076 2078 3140 relinquat
2099 3071 2401 3122 iracundiae.
2434 3069 2675 3118 Donatus.

1731 3154 1794 3205 Ιιι
1829 3151 2112 3218 pistrinum]
2162 3149 2248 3200 Ad
2285 3148 2472 3199 molam
2517 3144 2731 3196 trusati·

1664 3232 1796 3281 lem·
1829 3230 1948 3280 vide
1967 3235 2070 3279 act.
2091 3241 2180 3280 m.
2201 3240 2277 3277 sc.
2295 3230 2347 3276 4.
2380 3221 2665 3274 Far-sabine.

1733 3307 1951 3371 Dedam]
1986 3308 2138 3369 Dare,
2179 3312 2278 3354 est
2304 3302 2441 3369 quod
2489 3307 2733 3363 τορείαις

1577 3413 1583 3420 ·
1666 3387 1872 3449 Dedere,
1916 3393 1998 3435 est
2031 3385 2098 3433 ad
2140 3388 2468 3447 perpetuum.
2530 3378 2738 3437 Damus,

1667 3468 1725 3511 et
1746 3462 1958 3512 amicis.
1994 3460 2246 3524 Dedimus,
2263 3463 2463 3508 tantum
2475 3453 2736 3504 hostibus.

1670 3539 1853 3589 Donat.

1733 3619 1800 3665 29
1834 3617 1912 3665 Ea
1947 3617 2052 3675 lege
2082 3618 2224 3676 atque
2252 3607 2431 3671 omine]
2476 3606 2624 3668 Iege,
2666 3605 2735 3654 ad

1666 3693 1939 3742 homines:
1974 3691 2144 3749 omine,
2178 3687 2243 3737 ad
2271 3701 2377 3735 rem
2398 3683 2626 3733 divinam
2650 3696 2735 3731 rer

1666 3769 1870 3821 fertur:
1908 3769 1961 3818 id
1983 3776 2066 3818 est
2098 3766 2497 3823 firmamentum,
2523 3774 2619 3823 per
2641 3759 2735 3809 hu-

1667 3862 1821 3898 mana
1863 3853 1919 3895 et
1960 3844 2152 3895 divina.
2222 3841 2377 3889 Omen
2415 3845 2589 3887 autem
2633 3842 2736 3896 est,

1669 3923 1916 3990 quicquid
1940 3936 2031 3972 ore
2053 3919 2264 3969 dicitnr.
2299 3918 2454 3966 Idem.
2661 3945 2662 3950 ,

1736 4004 1809 4051 Ea
1831 4004 1933 4063 lege
1955 4005 2096 4064 atque
2115 3995 2294 4059 omine]
2346 3995 2495 4043 Bene
2524 3991 2629 4051 lege
2652 3993 2738 4038 at-

1667 4095 1768 4146 que
1791 4079 1960 4137 omine,
1981 4078 2099 4143 quia
2122 4078 2263 4140 leges
2288 4069 2531 4136 auspiciis
2556 4080 2737 4117 servas

1668 4157 1737 4207 tis
1775 4154 2100 4205 ferebantur.
2180 4153 2323 4215 Ergo
2357 4149 2434 4197 sic
2478 4142 2734 4206 intellige,

1668 4232 1814 4298 quasi
1851 4231 2065 4295 dixerit,
2100 4245 2166 4280 ea
2195 4229 2313 4291 lege
2337 4234 2394 4276 et
2413 4220 2735 4278 conditione.

1669 4312 1741 4361 Et
1757 4307 1954 4374 antiqui
1970 4308 2241 4373 auspicato
2253 4301 2431 4355 omnis
2447 4297 2737 4356 faciebant.

1669 4401 1788 4453 quae
1811 4391 1925 4436 rata
1947 4397 2064 4435 esse
2087 4383 2300 4435 velient.
2335 4380 2488 4430 Idem.
