3035 4941
502 431 677 496 1508

506 597 567 640 ut
591 591 751 653 magis
795 589 1062 637 ridiculum
1104 585 1358 641 videatur.
1394 588 1559 637 Dona·

505 672 602 716 tus.

577 744 673 792 Hic
693 743 878 803 adiutor
896 743 1026 806 fait]
1055 742 1121 791 In
1142 757 1199 791 re
1226 743 1356 791 bona
1389 744 1405 770 ⁴
1424 741 1562 805 adju·

506 820 683 882 tores,'
720 821 771 868 in
809 834 864 868 re
903 820 1040 868 mala
1080 816 1451 881 ‘impulsores'
1483 817 1562 866 di-

505 904 709 948 cuutur.
777 898 914 958 Ergo
948 897 1029 945 hic
1069 895 1275 959 adjutor
1307 895 1497 964 dicitur
1531 908 1563 943 a

505 988 606 1022 non
641 974 936 1022 irascente:
975 987 1003 1021 a
1045 971 1353 1021 criminante
1388 978 1563 1020 autem

503 1057 561 1099 et
581 1049 734 1109 irato,
754 1049 1020 1111 impulsor.
1055 1047 1206 1096 Idem.

570 1125 673 1174 Hic
715 1124 903 1183 adjutor
932 1123 1056 1183 fait,
1097 1122 1175 1170 hic
1215 1121 1423 1185 curavit]
1474 1124 1561 1171 De

504 1218 648 1253 more
671 1205 949 1267 repetitum
987 1210 1066 1251 est
1108 1201 1259 1265 ‘hit-,³
1299 1217 1454 1266 qutun
1483 1201 1561 1250 di-

504 1282 662 1339 citur,
701 1280 812 1328 ‘hic
839 1279 1044 1342 adjutor
1073 1277 1192 1339 fuit,
1221 1278 1304 1327 hic
1324 1275 1565 1328 curavit.’

502 1358 589 1404 Sic
610 1357 747 1405 enim
767 1356 986 1404 solemus
1017 1369 1237 1404 onerare
1264 1354 1560 1403 audientem

506 1432 702 1480 meritis
728 1431 840 1494 ejus
865 1446 1014 1494 quem
1033 1430 1320 1479 laudamus.
1356 1430 1559 1479 Deinde

504 1508 627 1572 quid
671 1523 770 1558 non
811 1508 1077 1571 praestitit,
1111 1507 1197 1571 qui
1244 1515 1298 1554 et
1336 1504 1559 1554 officium

503 1584 757 1648 corporis,
777 1590 837 1633 ut
870 1584 1095 1648 adjutor,
1127 1590 1181 1632 et
1203 1597 1378 1632 curam
1402 1582 1559 1632 animi

504 1661 747 1726 praebuit,
768 1667 827 1710 ut
843 1660 1132 1710 consultor?
1155 1660 1302 1708 Idem.

570 1742 633 1787 12
667 1737 881 1800 Denique
903 1738 979 1786 hic
1012 1736 1114 1785 va'lt
1127 1736 1271 1801 fieri]
1310 1733 1561 1783 Abutitur

502 1814 708 1863 Demea
729 1814 896 1863 sciens
931 1813 1198 1876 prodigam
1239 1810 1558 1859 voluntatem

501 1890 897 1940 adolescentuli.
934 1890 1085 1938 Idem.

571 1970 631 2015 13
667 1966 808 2031 Syre,
844 1967 928 2015 eho
961 1966 1125 2014 accede
1157 1964 1251 2014 huc
1280 1965 1342 2013 ad
1367 1963 1462 2026 me]
1485 1964 1559 2013 U-

504 2049 641 2093 trum
666 2051 724 2092 ut
746 2042 967 2092 eundem
991 2055 1147 2090 mana
1168 2041 1395 2101 emittat,
1416 2055 1480 2088 an
1500 2048 1559 2089 ut

503 2121 672 2183 palam
712 2120 823 2182 fiat,
850 2119 1010 2183 jubet
1047 2117 1262 2181 propius
1285 2116 1559 2179 accedere,

494 2196 632 2258 juris
680 2195 872 2259 publici
916 2193 1292 2253 consuetudine
1335 2193 1561 2241 ludens?

501 2271 574 2320 Et
606 2271 723 2319 vide
761 2286 911 2335 quiam
935 2270 1184 2319 comicam
1208 2270 1560 2319 manumissio·

499 2360 638 2403 nem,
683 2361 837 2410 quam
881 2345 1052 2395 facete
1094 2344 1355 2393 induxerit
1399 2353 1558 2409 atque

422 2480 429 2485 „
498 2423 775 2486 condigne.
808 2423 957 2474 Idem.

563 2500 747 2550 Accede
779 2500 868 2548 hac
899 2501 962 2547 ad
998 2498 1093 2562 me]
1131 2499 1207 2548 Ut
1230 2499 1284 2548 te
1306 2499 1557 2550 circuma-

494 2591 655 2640 gam3
694 2577 780 2640 qui
820 2577 1177 2626 usitatissimus
1211 2577 1558 2627 manumissio-

499 2654 580 2701 nis
622 2653 768 2702 ritus.
820 2653 969 2702 Pers.
1006 2653 1021 2681 ‘
1046 2653 1163 2701 Heu
1209 2653 1396 2702 sterilis
1430 2655 1560 2716 veri,

499 2727 687 2793 quibus
720 2744 819 2778 una
857 2729 1116 2780 Quiritem
1137 2728 1153 2752 '
1180 2727 1242 2793 (i.
1265 2742 1312 2778 e.
1337 2730 1557 2780 liberum

497 2804 786 2871 hominem)
837 2807 852 2833 ‘
882 2806 1101 2870 Vertigo
1141 2804 1303 2857 facit!
1370 2807 1556 2856 Furna-

498 2881 621 2931 hius.

568 2961 627 3006 14
660 2958 730 3007 Et
749 2973 957 3006 seorsum
977 2957 1065 3006 tibi
1083 2963 1331 3021 proeterea,
1348 2958 1554 3023 Demea]

498 3031 690 3083 Effecit
733 3035 928 3084 Demea
968 3036 1081 3098 plus
1128 3050 1282 3099 quam
1326 3034 1554 3086 volebat.

495 3124 612 3158 nam
638 3112 724 3175 qui
750 3110 1038 3160 conabatur
1061 3111 1237 3171 amari,
1272 3109 1556 3175 praefertur

492 3187 656 3236 etiam
678 3188 755 3237 his
777 3190 863 3253 qui
888 3196 1138 3237 amantur.
1174 3187 1408 3237 Donatus.

567 3268 623 3312 15
683 3263 896 3313 Gaudeo.
962 3265 1067 3313 AES.
1112 3269 1159 3313 et
1199 3264 1310 3327 ego]
1363 3263 1554 3313 Gratu-

498 3338 712 3388 lautium
746 3340 878 3403 Syro
918 3340 1029 3389 haec
1064 3340 1223 3389 verba
1257 3347 1406 3388 sunt:
1442 3340 1554 3404 qui-

492 3414 590 3464 bus
613 3415 678 3465 de
699 3430 838 3466 more
860 3416 966 3479 ille,
1001 3417 1016 3444 ‘
1035 3416 1230 3474 credo,'
1253 3416 1551 3480 respondet.

496 3490 647 3539 Idem.

563 3565 733 3629 Crede]
757 3568 892 3617 Vide
917 3567 1174 3619 Hec.act.
1191 3581 1245 3616 v.
1265 3582 1339 3618 sc.
1358 3572 1407 3617 4.
1436 3582 1483 3618 v.
1503 3574 1552 3618 5.

496 3641 781 3694 Famabias.

454 3734 458 3743 ¹
565 3717 759 3767 Utinam
778 3718 864 3768 hoc
884 3722 1159 3782 perpetuum
1175 3720 1280 3784 fiat
1298 3720 1553 3785 gaudiam]

492 3792 780 3858 Integrum,
821 3797 1058 3857 solidum,
1095 3807 1163 3847 et-
1185 3801 1430 3863 nusquam
1475 3800 1551 3848 iu-

492 3874 802 3933 tet-ruptum.
870 3873 1104 3924 Donatus.

558 3946 843 4009 Perpetuam
865 3949 968 4014 fiat
1002 3951 1254 4014 gaudium]
1292 3951 1388 4001 Cui
1412 3952 1551 4001 nulla

492 4024 746 4085 aegritudo
801 4039 974 4074 eomes
1030 4027 1341 4076 intercedat.
1410 4026 1549 4078 And.

492 4103 596 4145 act.
635 4113 688 4148 v.
731 4114 800 4147 sc.
847 4107 894 4150 5.
928 4101 1068 4163 ‘Ego
1114 4102 1273 4150 vitam
1319 4103 1547 4151 Deorum

491 4181 776 4235 propterea
837 4178 1197 4239 sempiternam
1253 4193 1368 4227 esse
1413 4179 1550 4228 arbi·

494 4253 619 4303 tror‚
662 4250 812 4300 Quod
856 4253 1147 4317 voluptates
1190 4254 1404 4318 eorum,'
1445 4259 1544 4306 διο.

494 4322 771 4372 Famabius.

1206 445 1420 493 No'rAE
1470 442 1869 491 vAluoRUM
1922 442 2001 488 m

1703 589 1767 635 lo
1800 584 2063 648 Phrygiam
2100 586 2156 631 at
2186 587 2384 631 uxorem
2409 576 2586 641 meam]
2624 577 2700 628 Ut

1634 664 1746 727 ipse
1770 664 1950 727 Syrus,
1970 662 2044 710 ita
2063 674 2192 709 uxor
2214 660 2442 723 Phrygia
2462 675 2475 707 ε
2512 672 2702 706 secun-

1633 741 1755 789 dum
1781 748 1999 798 veteres,
2022 739 2108 802 qui
2131 738 2295 787 servis
2319 737 2528 796 nomina
2553 750 2587 784 a
2609 750 2703 783 naae

1636 818 1862 868 tionibus
1888 815 2238 879 imponebant.
2275 813 2509 862 Donatus.

1708 896 1820 944 Una
1841 909 2017 943 mecum
2037 893 2218 942 videam
2235 890 2457 952 liberam]
2478 890 2602 939 Hoc
2622 890 2703 937 sic

1637 969 2070 1035 pronuntiandum
2117 977 2217 1031 est,
2276 968 2419 1032 quasi
2468 967 2706 1031 gaudeat

1635 1063 1691 1098 se
1723 1047 2049 1097 recordatum
2087 1047 2338 1094 Demeae:
2379 1044 2510 1108 quod
2539 1057 2705 1107 quum

1637 1125 1775 1173 ultro
1797 1125 1994 1188 cogitat
2018 1121 2258 1172 babuisse
2275 1118 2305 1149 '³
2323 1121 2474 1183 plene
2496 1118 2707 1167 oblitus

1637 1203 1754 1255 fuit.
1777 1205 1927 1253 Idem.

1701 1285 1764 1332 18
1817 1280 1976 1329 Hodie
2015 1278 2217 1342 primam
2262 1290 2506 1323 mammam
2568 1274 2710 1322 dedit

1635 1355 1757 1419 Itoec]
1796 1355 2091 1405 Ridiculum
2127 1353 2401 1402 meritum:
2442 1350 2706 1413 siquidem

1635 1432 1918 1497 oportuerit
1941 1432 2155 1495 primam
2173 1442 2288 1477 esse
2304 1441 2710 1491 quamcumque.

1636 1523 1698 1557 an
1724 1508 1845 1573 quia
1882 1523 2038 1557 causa
2079 1515 2178 1564 est,
2212 1504 2349 1569 quod
2385 1504 2599 1565 ingenui
2625 1503 2711 1550 di-

1636 1593 1825 1635 cuntur
1848 1585 1983 1633 serio
2007 1599 2037 1632 a
2058 1580 2350 1632 nutricibus
2369 1580 2549 1629 liberis
2575 1580 2711 1629 edu-

1633 1661 1818 1711 candi?
1850 1661 2001 1711 Idem,
2283 1661 2286 1664 ’

1700 1737 1919 1786 Primam
1938 1749 2186 1785 mamam
2206 1733 2362 1795 dedit]
2382 1733 2427 1782 1.
2452 1748 2500 1782 e.
2532 1735 2714 1796 prima

1631 1828 1900 1863 mammam
1926 1812 2105 1872 dedit;
2132 1809 2311 1859 mundi
2338 1824 2529 1858 novum
2560 1812 2713 1859 inco-

1634 1890 1733 1939 lam
1759 1890 1926 1953 prima
1949 1888 2164 1939 cibavit.
2200 1886 2488 1954 Farnobias.

1697 1967 1874 2016 Hercle
1916 1980 2025 2015 vero
2066 1961 2213 2024 serio]
2252 1957 2520 2011 Adverbia
2582 1971 2715 2013 sunt

1633 2042 2011 2094 confirmantia.
2032 2039 2285 2105 παρέλκον.
2325 2041 2571 2090 Donatus.

1699 2123 1762 2169 19
1796 2120 2040 2183 Siquidem
2075 2117 2234 2182 'prima
2274 2118 2428 2180 dedit]
2462 2117 2579 2165 Nos
2605 2111 2715 2177 pn·-

1629 2211 1756 2245 mam
1777 2198 2074 2261 reponimus
2110 2211 2173 2243 ex
2210 2194 2408 2259 aliquot
2433 2196 2463 2241 l.
2486 2207 2532 2241 s.
2562 2195 2714 2257 quod

1632 2274 2028 2322 convenientius
2068 2272 2293 2332 videtur,
2339 2278 2395 2319 ut
2437 2269 2713 2320 referatur

1632 2348 1696 2397 ad
1720 2350 1735 2373 ‘
1758 2347 2069 2400 mammam!
2099 2348 2335 2399 Faernus.
2410 2376 2412 2378 ·

1698 2424 1757 2475 Si
1796 2424 1983 2490 quidem
2019 2424 2225 2490 primam
2268 2423 2425 2487 dedit]
2480 2423 2710 2474 Festive

1627 2501 1726 2551 hoc
1750 2503 1967 2564 Demea,
2007 2517 2125 2551 cum
2150 2502 2379 2564 alioquin
2404 2516 2518 2564 quaa.
2547 2517 2716 2552 serva

1625 2584 1787 2641 esset,
1854 2578 1982 2627 nibil
2047 2592 2287 2640 magnum
2359 2578 2713 2641 praestiterit,

1630 2654 1767 2718 quod
1784 2654 1929 2718 jussa
1945 2668 2215 2704 mammam
2241 2655 2546 2718 praebuerit.
2575 2657 2711 2705 Far-

1626 2731 1810 2781 nabsan.

1693 2811 1759 2857 20
1797 2807 1872 2855 Ob
1895 2822 1999 2856 eam
2018 2807 2141 2872 rem]
2180 2807 2301 2858 Hoc
2328 2822 2392 2859 eo
2434 2809 2583 2858 vultu
2623 2810 2713 2859 di·

1628 2883 1726 2945 cit,
1748 2899 1849 2948 quo
1874 2899 1982 2934 rem
2011 2885 2169 2934 veluti
2196 2886 2508 2947 excutimus,
2536 2895 2591 2935 et
2614 2903 2704 2935 os·

1628 2960 1889 3010 tendimus
1909 2962 2158 3011 momenti
2194 2976 2309 3011 esse
2350 2962 2560 3012 nullius.
2593 2963 2705 3012 Do·

1624 3041 1782 3086 naus.
1853 3076 1856 3081 Α

1653 3176 1654 3181 ¹
1691 3111 1981 3173 Argentum,
2001 3114 2171 3176 quanti
2187 3119 2277 3177 est,
2292 3115 2490 3178 samito]
2514 3115 2702 3169 Quan-

1628 3193 1684 3237 to
1706 3190 1880 3252 pretio
1902 3191 2060 3239 valet.
2097 3190 2252 3240 Idem.

1689 3263 1975 3326 Argentum,
2010 3266 2179 3329 quanti
2213 3272 2304 3325 est,
2338 3267 2540 3330 samito]
2578 3266 2700 3316 Hoc

1626 3342 1785 3391 verbo
1809 3345 2021 3404 utimur,
2045 3350 2104 3391 ut
2127 3335 2329 3391 faciunt
2366 3345 2451 3405 qui
2482 3358 2701 3406 persua·

1626 3418 1749 3467 dere
1774 3419 1964 3483 aliquid
1990 3420 2227 3483 cupiunt.
2265 3419 2416 3470 Idm.

1694 3495 1877 3551 Quanti
1899 3495 1992 3558 est]
2014 3491 2208 3546 Quanti
2232 3503 2413 3559 empta
2436 3504 2517 3547 est
2539 3511 2552 3544 ε
2595 3498 2700 3558 vel,

1628 3571 1809 3634 quanti
1847 3587 1878 3620 a
1912 3579 1965 3621 te
2000 3571 2370 3633 aestimabitur,
2412 3571 2504 3619 sed
2542 3572 2698 3620 verbo

1628 3654 1780 3695 tenus
1809 3648 1908 3698 hoc
1951 3648 2073 3706 dici,
2111 3655 2170 3696 ut
2202 3655 2353 3698 tanto
2389 3649 2553 3712 magis
2579 3662 2697 3713 per-

1628 3723 1865 3783 suadeat,
1887 3729 2068 3773 censet
2083 3725 2234 3774 Don,
2278 3724 2562 3774 Far-namus.

1688 3804 1751 3848 21
1789 3801 1881 3849 Dii
1919 3800 2026 3857 tibi,
2057 3801 2262 3861 Demea,
2294 3817 2377 3850 oro
2399 3817 2557 3851 omnes
2575 3817 2698 3852 sem-

1619 3889 1706 3938 per
1730 3877 1906 3926 omnm
1948 3881 2111 3940 optata
2162 3876 2396 3942 offerant]
2450 3886 2465 3906 ⁴
2491 3880 2695 3929 Omnes

1621 3953 1796 4000 omnia
1814 3951 1846 4003 ε’
1884 3955 2099 4017 antiqua
2122 3950 2401 4016 elegantia,
2422 3963 2476 4003 et
2500 3954 2696 4018 figura-

1627 4035 1697 4076 ta.
1733 4029 1971 4078 Donatus.
2155 4062 2158 4069 -
2232 4070 2242 4078 .

1688 4104 1781 4152 Dii
1822 4106 1912 4154 tibi
1953 4105 2153 4169 Demea,
2189 4106 2299 4171 ἔξω]
2345 4108 2430 4157 Ita
2470 4107 2690 4156 Plautus

1613 4181 1829 4244 nCaptiv.
1878 4195 1941 4231 n.
1977 4186 2025 4233 2.
2069 4188 2180 4233 105.
2214 4187 2229 4213 ‘
2251 4184 2339 4233 Dii
2376 4184 2472 4233 tibi
2509 4197 2690 4232 omnes

1622 4258 1793 4306 omnia
1816 4264 1998 4322 optata
2019 4256 2274 4311 offerant?
2301 4261 2484 4310 Horat.
2512 4262 2687 4323 Satyr.

1627 4346 1691 4383 ιι.
1717 4339 1763 4383 8.
1803 4340 1819 4363 ⁴
1840 4334 1957 4384 'ribi
1992 4335 2084 4386 Dii
2105 4350 2435 4402 quaecunque
2459 4337 2698 4417 preca-itt⁴

2987 819 2989 822 .
2979 701 2989 738 ⁴*
