3035 4941
493 354 861 407 rennn'ru
910 349 1545 403 umorem-imon.
1592 348 1762 406 Aer.
1805 346 1884 395 ιι.
1931 346 2036 395 sc,
2083 344 2196 393 111.
2282 328 2455 402 1325

259 509 383 553 unte
403 503 807 566 contractionem
827 517 840 550 ι
874 499 960 550 adi
982 496 1319 550 Grammatic-

261 587 512 630 nostram.
554 580 833 629 Famabius.

320 657 390 706 47
424 655 544 705 Sine
565 656 702 719 auro]
737 656 812 705 Ut
851 655 1031 704 statim
1065 652 1321 715 intellige-

262 742 345 782 ret
369 733 560 790 Clinia,
583 733 711 781 illud
746 749 943 795 aurum,
979 732 1113 798 quod
1148 736 1324 794 porta·

266 816 431 870 retur,
454 808 521 857 ad
543 808 867 873 Antiphilam
903 823 1006 859 non
1045 807 1324 872 pertinere.

265 885 530 936 Boeclerus.

331 963 456 1012 Sine
492 962 632 1026 auro]
671 963 897 1012 Mundus
930 962 1116 1012 nimius
1141 967 1196 1011 et
1219 960 1325 1011 cul·

263 1047 348 1088 tus
372 1040 637 1089 meretrici
658 1039 828 1103 potius
851 1055 1002 1104 quam
1027 1046 1187 1088 castae
1206 1050 1327 1086 eon·

262 1116 430 1166 venit.
455 1119 471 1148 ⁴
491 1116 573 1165 Ad
598 1116 851 1165 moecbum
871 1115 1047 1164 veniet
1063 1115 1173 1162 lota
1188 1118 1330 1173 cute,

262 1194 474 1261 quando
515 1195 679 1244 videri
716 1195 843 1243 Vult
880 1191 1104 1242 formosa
1137 1188 1327 1240 domi?

260 1273 457 1325 Juven.
490 1288 570 1325 vr.
605 1281 704 1323 sat.
741 1272 858 1322 vide
897 1270 1107 1321 Pborm.
1145 1275 1250 1318 act.
1287 1280 1328 1317 1.

264 1359 418 1420 sc..2.
444 1355 727 1405 Farnobium.

338 1432 574 1480 Ornatam
601 1433 673 1480 itu
711 1430 784 1479 uti
818 1444 922 1491 (μω
953 1433 1180 1477 ornantur
1210 1425 1327 1489 sibi]

263 1507 478 1557 Nollem
525 1507 726 1569 ejectos
769 1506 861 1554 hos
900 1505 1026 1554 duos
1066 1518 1264 1561 versus,
1299 1519 1332 1552 a

266 1586 504 1650 Guyeto.
545 1585 787 1648 exquisiti
827 1584 1030 1647 generis
1070 1581 1330 1631 sententia

262 1668 368 1722 est,
389 1661 481 1710 sibi
501 1660 665 1709 ornari
680 1676 701 1718 ,-
719 1674 819 1710 non
840 1659 903 1708 ad
923 1659 1132 1709 aliorum
1152 1659 1329 1708 oculos

262 1739 474 1790 scilicet
512 1738 777 1790 tenendos.
845 1738 991 1786 Bene
1028 1736 1214 1787 Gallus
1253 1737 1329 1786 in-

263 1823 510 1879 terpres:
543 1830 666 1879 pour
697 1816 798 1863 leur
827 1812 1069 1874 necessita,
1101 1817 1149 1861 et
1187 1826 1332 1873 usage

266 1894 330 1942 de
348 1894 403 1946 ,la
427 1891 607 1940 maison
622 1895 729 1940 tunt
743 1892 1012 1952 seulement,
1028 1904 1139 1939 saus
1153 1889 1334 1939 υοκὶοὶν

263 1973 397 2017 estre
435 1968 683 2030 regat-dees
719 1980 783 2029 ny
808 1966 981 2015 aimees
1013 1968 1096 2014 des
1116 1965 1333 2015 hommes·

266 2042 433 2103 Vide,
467 2042 590 2108 quid
632 2042 699 2091 sit
731 2057 832 2091 non
856 2042 974 2103 sibi,
998 2042 1092 2091 sed
1116 2040 1336 2092 amatori

267 2119 449 2167 ornari
484 2119 622 2183 apud
644 2117 893 2167 ,Plautum
916 2119 1203 2169 Mostellar.
1226 2133 1264 2167 r.
1287 2122 1335 2168 3.
1366 2121 1370 2126 ’

267 2198 356 2248 10.
381 2202 439 2254 εἰ
458 2198 539 2243 11.
573 2194 832 2254 Boeelerus.

336 2276 406 2321 48
440 2273 588 2321 Nulla
608 2274 735 2321 mala
755 2287 808 2321 re
843 2287 940 2322 esse
962 2271 1216 2336 expolitam
1237 2286 1337 2321 mu·

264 2348 438 2412 liebri]
485 2348 623 2398 Vide
669 2348 734 2398 de
778 2350 874 2400 hoc
926 2364 1117 2411 genere
1164 2347 1339 2402 Plauti

268 2425 475 2479 Pseud.
498 2440 534 2475 1.
568 2430 618 2476 2.
656 2429 736 2476 10.
757 2429 855 2477 &c.
894 2427 1024 2476 Mss.
1059 2424 1245 2486 nostri,
1280 2430 1340 2474 ut

271 2505 522 2563 diximus,
576 2517 752 2552 omnes
796 2502 1024 2552 habent:
1060 2504 1191 2552 naua
1238 2517 1339 2551 ma-

269 2583 370 2633 lam
389 2595 461 2629 re.
487 2578 621 2628 sicut
639 2585 694 2628 et
712 2579 777 2627 de
796 2579 905 2628 aliis
927 2578 1340 2641 Lindenbrogius

268 2657 330 2706 in
353 2654 565 2705 erudita
587 2657 924 2705 annotatione
946 2663 1190 2705 testatur.
1216 2669 1340 2703 non-

271 2732 409 2783 nulli
426 2731 574 2781 malas
589 2729 893 2794 praeferunt.
918 2732 1035 2782 vide
1058 2732 1341 2796 Georgium

274 2819 336 2860 et
384 2809 571 2858 Franc.
633 2808 921 2870 Fabricios,
964 2808 1240 2872 Faernum,
1289 2817 1345 2860 et

273 2885 431 2935 alios.
473 2884 599 2931 mala
641 2898 715 2932 res
755 2883 1021 2946 muliebris,
1050 2898 1116 2934 an
1157 2886 1343 2937 Latine

275 2960 511 3021 dicatur,
535 2974 636 3009 non
659 2960 915 3010 immerito
939 2960 1168 3011 dubites.
1193 2961 1344 3013 Idem.

336 3036 504 3086 r-Nulla
538 3038 684 3098 malo,
720 3036 824 3100 ea]
858 3036 979 3088 Non
1001 3051 1232 3098 cerussa,
1253 3038 1346 3088 sti-

275 3113 389 3173 bio,
444 3113 765 3177 purpurisso,
808 3113 989 3164 aliisve
1033 3111 1236 3162 offuciis
1290 3121 1348 3164 et

277 3190 568 3256 pigmentis
590 3187 840 3239 fucatam.
907 3189 1155 3239 Nonnulli
1190 3187 1346 3239 codd.

278 3268 483 3317 habent
507 3267 699 3328 malam,
719 3265 807 3314 alii
830 3268 992 3315 malus.
1031 3265 1327 3319 Farnobius.

330 3348 419 3394 ⁷50
453 3342 677 3404 Reiectus
711 3345 1033 3406 negligenter,
1065 3342 1188 3406 pax]
1223 3342 1350 3392 Dic-

281 3422 419 3473 tioni
455 3435 573 3485 pax,
608 3419 721 3469 haec
767 3420 928 3469 verba
963 3419 1016 3470 in
1053 3418 1171 3467 libri
1195 3419 1352 3468 Bem-

281 3496 398 3546 bini
433 3497 665 3563 margine
703 3496 929 3560 ascripta
967 3503 1121 3556 sunt;
1159 3495 1354 3544 ‘Tran-

284 3571 577 3639 quillantis,
599 3571 917 3634 admirantis,
954 3579 1011 3622 et
1046 3571 1353 3625 sollieitudi-

286 3664 413 3699 nem
436 3647 749 3698 adimentis!
772 3648 848 3696 sic
884 3647 1034 3707 infra,
1069 3655 1083 3677 ‘
1104 3649 1252 3698 Unus
1274 3654 1356 3697 est

288 3726 425 3785 dies,
450 3726 570 3774 dum
598 3734 878 3790 argentum
907 3725 1039 3775 erit:
1077 3739 1197 3788 pax.
1232 3724 1357 3773 nibil

293 3801 554 3866 amplius!
591 3795 820 3852 Fa'e'rnus.

358 3892 500 3955 Pax]
538 3891 837 3942 Priscianus
878 3896 1033 3941 vocat
1061 3891 1359 3941 adverbium

293 3968 572 4029 comicum,
595 3967 841 4018 Graecum
860 3983 876 4029 3
897 3976 953 4016 et
975 3967 1226 4032 explicat,
1249 3983 1364 4016 παν-

295 4046 467 4105 τελῶς.
490 4045 580 4094 lib.
608 4058 728 4094 xxv.
762 4044 1022 4097 Boeclerus.

361 4121 504 4184 Pax]
536 4120 842 4184 Interjectio
896 4119 1109 4182 silentii,
1148 4120 1232 4169 vel
1271 4133 1365 4182 ap-

301 4200 624 4266 probationis
640 4216 656 4262 ;
680 4201 867 4250 Plauto
885 4198 1149 4264 frequens.
1169 4197 1363 4248 Pseud.

302 4285 407 4331 act.
431 4293 489 4329 v.
514 4292 592 4335 sc.
618 4281 664 4328 1.
688 4277 806 4331 Mil.
843 4290 931 4328 ιιι.
969 4281 1018 4328 1.
1049 4274 1294 4328 Sticb.‚v.
1311 4280 1363 4325 6.

1401 505 1523 556 Huc
1554 505 1787 571 respexit
1822 502 2043 555 Ausonii
2076 500 2456 553 Grammatico·

1399 584 1591 633 mastix
1632 585 1681 632 in
1722 583 1914 647 Idyllio
1960 587 2037 631 12.
2072 581 2290 630 ‘Totum
2325 592 2456 641 opus

1395 663 1491 712 boe
1514 676 1748 726 sparsum
1768 677 1783 723 3
1807 661 1964 710 erinis
1987 659 2131 707 velut
2154 656 2456 720 Antiphilae,

1400 738 1539 804 pax.'
1561 738 1626 788 ad
1648 752 1798 803 quern
1816 738 1986 786 locum
2004 734 2121 785 vide
2136 735 2168 785 J
2176 749 2248 784 os.
2268 732 2455 795 Scalig.

1401 816 1671 868 lectiones.
1717 822 1777 865 ut
1813 814 1953 864 infra
1986 819 2091 862 act.
2115 826 2196 861 lv.
2233 825 2373 861 scen.
2407 813 2457 860 ⁸.

1400 893 1684 945 Fambius.

1465 976 1529 1020 52
1563 969 1846 1032 Subtegmen
1877 968 2039 1033 nebat]
2073 966 2216 1017 Libri
2237 964 2458 1030 antiqui,

1401 1048 1541 1097 inter
1582 1063 1708 1112 quos
1754 1045 2055 1107 Beinbinus,
2106 1044 2360 1092 subtemen.
2401 1046 2457 1090 et

1402 1125 1520 1173 huic
1559 1124 1778 1173 dictioni
1818 1123 1870 1172 in
1916 1137 1977 1172 eo
2032 1121 2164 1171 libro
2216 1120 2328 1169 baec
2368 1111 2459 1168 adss·

1404 1201 1603 1265 scripta
1634 1207 1786 1249 sunt:
1819 1198 2136 1248 ‘Subtemen
2168 1197 2365 1246 dictum
2388 1195 2455 1244 ab

1403 1292 1466 1329 eo
1488 1278 1626 1341 quod
1648 1278 1832 1326 subeat
1856 1274 2092 1324 stamen!
2128 1274 2360 1324 Faernus.

1471 1355 1711 1404 Proetereu
1725 1353 1821 1401 uria
1840 1352 2014 1401 aneilla
2036 1355 2154 1412 erut,
2175 1351 2254 1399 Eu
2271 1347 2464 1399 texebat

1402 1448 1498 1482 mm
1514 1431 1688 1497 pannis
1708 1429 1881 1492 obsita]
1912 1429 2153 1479 Ancillula
2186 1424 2462 1490 legendum
2555 1484 2562 1491 ⁵

1407 1527 1472 1562 ex
1508 1512 1690 1561 iisdem
1728 1510 1983 1574 antiquis:
2024 1514 2283 1571 praeterea
2315 1519 2381 1553 ex
2405 1503 2465 1552 li·

1406 1590 1500 1640 bro
1523 1587 1776 1638 Bembino
1814 1587 1887 1635 ita
1921 1586 1971 1634 hi
2007 1598 2184 1634 versus
2222 1587 2343 1632 sunt
2381 1593 2463 1630 or·

1409 1666 1641 1727 dinami,
1677 1672 1736 1712 ut
1766 1667 1871 1713 erat
1915 1661 2180 1725 pertineat
2223 1656 2289 1707 ad
2332 1655 2462 1706 infe-

1409 1744 1599 1792 riorem
1636 1754 1872 1790 versum:
1916 1739 2067 1788 aliter
2100 1750 2203 1785 non
2236 1740 2342 1784 stat
2373 1732 2465 1783 ille

1409 1819 1659 1869 senarius.
1693 1817 1844 1868 Idem.

1477 1896 1736 1952 Praeterea,
1757 1893 1858 1954 ea]
1880 1886 1972 1938 Καὶ
1993 1884 2250 1952 θεραπαινὶς
2276 1883 2337 1944 ἦν
2364 1883 2467 1945 μία.

1410 1969 1530 2028 αὕτη
1546 1968 1794 2031 συνύφαινε
1814 1968 2021 2031 ῥυπαρῶς
2045 1960 2319 2025 διακειμένη.
2352 1962 2468 2011 Me·

1411 2043 1625 2098 nander.
1662 2045 1948 2096 Fur-nabitu.
2465 2074 2472 2079 -

1477 2127 1540 2173 63
1563 2122 1750 2171 Pennis
1760 2119 1937 2183 obsita]
1953 2120 2026 2169 Ut
2038 2116 2272 2168 Eunncb.
2288 2119 2391 2166 act.
2406 2128 2469 2163 rr.

1410 2215 1486 2252 sc.
1510 2205 1561 2251 2.
1596 2200 1745 2249 Idem.
1883 2203 1886 2206 '

1477 2282 1544 2327 56
1577 2276 1692 2344 Scin
1731 2281 1783 2324 tu
1814 2275 1951 2338 lianc,
1991 2288 2128 2337 quam
2160 2271 2281 2320 dicit
2318 2267 2484 2324 sordi-⁴

1412 2354 1544 2418 dmn]
1584 2354 1785 2415 Rivius,
1806 2367 1872 2402 ex
1896 2348 2234 2415 calphurnio,
2256 2344 2472 2396 sordida-

1413 2439 1513 2484 tam
1536 2429 1700 2481 refert
1723 2430 1786 2480 ad
1811 2428 1956 2490 illud,
1973 2426 2146 2492 pannis
2162 2423 2345 2473 obsita.-
2375 2435 2477 2470 sor·

1414 2512 1593 2571 didam,
1630 2509 1696 2558 ad
1733 2507 1883 2568 illud,
1925 2503 2087 2554 illuvie
2129 2501 2383 2550 humanda.
2418 2504 2474 2547 et

1416 2587 1622 2638 erudite
1646 2584 1901 2648 explicat.
1970 2580 2070 2629 Vel
2103 2578 2213 2627 sola
2250 2574 2471 2624 auctori·

1418 2674 1498 2715 tas
1525 2661 1811 2722 Ciceronis,
1844 2659 1934 2724 qui
1971 2656 2153 2706 eodem
2192 2664 2384 2716 genere
2407 2651 2482 2698 lo-

1418 2740 1609 2807 quendi
1654 2740 1839 2799 utitur,
1892 2734 2120 2783 efficere·
2153 2729 2355 2789 debuit,
2409 2739 2476 2775 ne

1419 2820 1657 2881 Guyetus
1672 2815 1873 2864 deleret
1896 2824 2118 2859 versum.
2145 2807 2400 2856 Boeclem.

1438 2934 1441 2939 .
1482 2893 1810 2951 Sordidatom,
1852 2887 1960 2952 ξω]
2004 2885 2310 2935 Sordidatoem
2346 2878 2479 2929 refe-

1420 2976 1547 3018 runt
1582 2967 1647 3016 ad
1686 2966 1955 3027 vestitum,
1987 2961 2227 3012 sordidam
2258 2957 2325 3007 ad
2363 2957 2481 3006 iuu-

1423 3046 1575 3096 viem.
1608 3042 1891 3094 Fan-namus.

1486 3127 1551 3172 58
1589 3122 1708 3170 Cum
1740 3118 1843 3180 eius
1874 3122 1974 3166 tam
2001 3114 2307 3176 negliguntur
2327 3111 2479 3159 inter·

1421 3196 1604 3259 nuntii]
1631 3196 1771 3245 Hinc
1789 3195 1913 3243 item
1937 3191 2256 3254 adscriptum
2277 3187 2329 3235 in
2348 3187 2488 3235 libro

1424 3272 1719 3325 Bembino:
1752 3272 1768 3298 ‘
1789 3267 2143 3319 Inter-nuntios
2187 3276 2281 3328 pro
2321 3262 2484 3312 servis

1423 3349 1617 3415 posuit,
1635 3346 1728 3397 sed
1762 3344 2024 3395 sententia
2045 3343 2156 3391 haec
2179 3342 2256 3390 ita
2273 3344 2371 3402 est,
2395 3337 2484 3402 qni

1425 3442 1531 3477 non
1553 3425 1955 3489 negligerentur,
1966 3421 2009 3469 si
2027 3424 2204 3468 essent
2218 3418 2486 3472 internun-

1428 3502 1526 3554 tii.'
1561 3501 1792 3552 Faernus.

1494 3579 1812 3643 Inter-nuntii]
1835 3576 2066 3628 Ministri
2106 3582 2163 3626 et
2200 3573 2485 3633 ministrae3

1429 3659 1789 3721 internuntiae,
1827 3652 2227 3706 conciliatrices.
2302 3652 2489 3701 Farno-

1429 3737 1551 3787 bins.

1496 3817 1562 3863 59
1595 3809 1921 3872 Munerarier]
1945 3806 2101 3860 Ovid.
2120 3805 2188 3856 de
2211 3803 2343 3855 Arte
2366 3802 2487 3853 Am.

1433 3892 1470 3940 l.
1493 3904 1561 3939 11.
1587 3905 1634 3937 v.
1656 3892 1771 3937 251.
1803 3888 1952 3936 Idem.

1499 3971 1565 4016 62
1602 3965 1730 4022 Quid
1751 3964 1843 4024 ait,
1877 3961 1957 4010 ubi
1986 3954 2315 4017 menomina's]
2349 3952 2491 4002 Hac-

1437 4049 1591 4094 tenus
1631 4042 2036 4090 demonstratnm
2070 4039 2169 4095 est,
2207 4029 2346 4096 quod
2387 4028 2493 4077 vita

1438 4117 1747 4182 Antiphilae,
1792 4115 1901 4165 sive
1939 4106 2264 4161 consuetudo
2288 4106 2429 4166 vitae,
2462 4119 2494 4153 a

1438 4197 1600 4261 priori
1648 4193 1774 4242 nibil
1812 4187 2098 4240 ‘immutata
2157 4185 2228 4234 sit
2266 4200 2278 4230 ε
2333 4193 2494 4241 nunc,

1437 4273 1575 4340 quod
1609 4271 1808 4321 animus
1842 4278 1964 4332 erga
1984 4263 2205 4316 Cliniam
2226 4259 2385 4325 idem,
2404 4258 2496 4325 qui
