3035 4941
479 376 651 446 1052

483 539 680 601 «risnel
701 537 900 601 ellipsis
930 552 944 587 z
977 536 1142 601 deest,
1172 536 1427 600 invasisti,
1441 537 1537 587 ob.

470 613 719 679 jur-gasti,
741 614 955 663 adortus
979 628 1052 663 es.
1086 615 1235 664 Idem.

520 722 523 727 «
549 695 649 740 123
682 693 765 741 Ad
785 690 1152 754 objurgandum]
1177 690 1540 754 incusandum,

480 767 879 819 inclamandum.
905 769 1056 817 Idem.

549 848 645 894 124
682 845 799 894 Tute
814 843 890 894 lais
904 844 1061 907 rebus]
1082 843 1245 893 Modo
1267 859 1373 894 non
1397 843 1542 894 addi·

486 921 583 985 dit,
601 921 797 971 diceret.
828 920 995 970 Idem.
1136 978 1141 985 ἱ

548 1002 641 1047 125
665 997 826 1059 Prope
841 997 997 1060 adest]
1020 998 1192 1060 Prope
1206 997 1393 1046 adsunt
1415 1012 1544 1061 nup·

482 1073 572 1124 tiae
594 1080 613 1122 τ’
629 1072 689 1121 in'
708 1073 943 1137 proximo
958 1081 1076 1123 sunt
1091 1080 1242 1124 metae
1257 1075 1543 1124 libertatis:

485 1155 543 1198 et
565 1150 683 1198 ideo
707 1149 904 1198 avidius
947 1151 1235 1214 voluptaria
1257 1151 1352 1201 sub
1388 1150 1544 1201 finem

488 1226 753 1290 carpenda
774 1233 915 1276 sunt.
941 1227 1092 1277 Idem.

549 1305 706 1367 Prope
737 1303 896 1366 adest]
931 1304 1118 1352 Dictus
1143 1309 1226 1353 est
1267 1304 1382 1354 dies
1416 1319 1547 1367 nup·

486 1381 612 1431 tiis:
648 1394 812 1444 prope
854 1387 935 1429 est
979 1394 1096 1429 cum
1137 1394 1310 1429 amore
1349 1387 1406 1430 et
1439 1379 1546 1430 fide

487 1457 744 1520 conjugali
786 1456 1093 1507 vivendum:
1150 1457 1311 1507 liceat
1341 1458 1547 1507 interea

485 1551 604 1586 meo
641 1536 921 1597 arbitratu,
963 1537 1125 1586 libero
1166 1551 1228 1588 ac
1269 1537 1547 1599 amatorio,

485 1612 684 1676 vivere,
705 1619 863 1678 atque
887 1608 984 1663 hoc
1023 1628 1088 1663 ex
1111 1615 1323 1663 licentia
1347 1629 1545 1663 morum

484 1687 802 1748 Atticorum,
849 1704 1007 1740 scena
1061 1691 1326 1756 sequenti,
1370 1692 1544 1741 ‘Dum

485 1774 690 1832 tempus
724 1768 791 1818 ad
825 1784 937 1819 eam
977 1782 1083 1818 rem
1126 1770 1264 1832 tulit,
1296 1769 1416 1830 sivi,
1441 1769 1548 1818 ani·

486 1858 626 1895 mum
648 1852 707 1896 ut
739 1848 977 1912 expleret
1008 1846 1193 1910 sunm,'
1223 1851 1322 1897 διο.
1360 1848 1547 1898 Fuma-

488 1920 609 1971 bins.

492 2020 497 2027 *
554 1999 713 2055 Quum
742 2001 917 2064 alieno]
955 2001 1130 2065 Quum,
1162 2013 1257 2063 pro
1297 2014 1414 2063 quo3
1444 1999 1546 2050 hoc

492 2075 630 2125 enim
655 2076 918 2140 significat
940 2091 1096 2141 quum.
1128 2075 1384 2126 Donatus.

552 2155 649 2202 126
703 2155 818 2204 Meo
849 2169 924 2203 me
976 2155 1133 2204 vivere
1172 2154 1354 2203 interea
1389 2151 1548 2217 modo]

487 2225 602 2278 M'eo
631 2233 784 2291 modo,
816 2245 931 2280 mea
953 2220 1238 2294 voluntate,
1262 2244 1379 2280 meo
1415 2231 1548 2281 arbi·

490 2306 614 2354 trio.
654 2307 803 2357 Idem.

558 2383 683 2438 Quis
711 2383 867 2444 igitur
881 2385 1079 2433 relictus
1094 2389 1164 2433 est
1181 2382 1464 2444 objurgandi
1482 2385 1550 2433 lo·

487 2457 590 2521 cus]
623 2458 683 2507 ln
708 2459 879 2523 prima
900 2461 1026 2510 sede
1049 2459 1252 2511 diceres
1269 2474 1381 2510 esse
1399 2460 1550 2510 Poea-

492 2551 610 2585 nem
633 2545 874 2601 quartum
895 2554 909 2588 ε
938 2538 1023 2603 (id
1041 2544 1140 2601 est,
1158 2547 1263 2587 tres
1279 2538 1466 2587 breves
1493 2545 1551 2588 et

492 2629 644 2662 uuam
662 2615 866 2677 longam
885 2612 930 2680 ε)
952 2623 1007 2664 at
1030 2630 1132 2665 non
1161 2621 1242 2665 est
1264 2630 1279 2675 3
1323 2630 1440 2665 nam
1464 2614 1551 2665 vel

489 2691 524 2739 S
562 2690 778 2740 eliditur
829 2691 882 2739 in
919 2692 1088 2755 prima
1121 2692 1341 2756 syllaba,
1380 2692 1464 2741 vel
1504 2694 1551 2741 R

497 2766 551 2816 in
574 2774 777 2833 quarta.
845 2768 1033 2832 Itaque
1056 2774 1147 2817 ant
1174 2767 1276 2818 erit
1299 2767 1552 2831 Anapaes-

493 2831 595 2899 tus,
613 2851 724 2905 aut,
745 2845 787 2892 si
806 2843 988 2906 mavis,
1006 2844 1516 2895 Proceleusmaticus
1535 2862 1550 2905 3

490 2922 658 2987 quiet
690 2922 744 2971 in
777 2923 958 2973 lambo
990 2923 1161 2974 locum
1204 2922 1381 2975 habet.
1448 2924 1552 2973 Sed

488 2999 644 3050 istius
677 3000 750 3049 nil
785 3013 917 3064 opus
956 3008 1071 3050 est:
1104 3015 1224 3051 nam
1264 3000 1316 3049 in
1341 3001 1445 3050 Ms.
1470 3001 1556 3051 Ri-

493 3076 564 3125 vii
620 3077 818 3141 optime
863 3077 1155 3141 legebatur,
1221 3078 1320 3135 Qui
1360 3078 1554 3140 igitur,-

490 3161 700 3222 veteres
739 3161 911 3205 autem
946 3154 1230 3218 saepissime
1261 3154 1392 3205 illud
1437 3168 1556 3220 Qui,

491 3245 586 3295 pro
610 3242 752 3294 ems,
784 3232 1138 3296 usurpabant:
1173 3236 1295 3282 octo
1328 3238 1383 3281 et
1404 3234 1555 3297 plura

493 3311 737 3373 exempla
774 3315 898 3358 sunt
938 3309 1077 3374 apud
1099 3310 1422 3361 Terentium.
1459 3312 1555 3361 Fa·

491 3384 592 3435 ber.

559 3461 780 3511 Relictus
801 3466 874 3510 est
915 3460 1201 3524 objurgandi
1228 3462 1379 3526 locus]
1414 3463 1556 3515 Mire

492 3535 803 3601 obiurgandi:
840 3545 1084 3604 tanquam
1124 3540 1362 3589 incensus
1402 3549 1557 3605 pater

492 3614 545 3664 in
567 3613 730 3665 filium
748 3614 1053 3665 videretur:
1089 3630 1205 3665 nam
1229 3631 1390 3680 supra
1417 3633 1554 3668 com·

494 3701 689 3755 motus,
704 3693 820 3756 plus
839 3707 932 3756 per
954 3691 1274 3753 ἀποσιώπησιν
1295 3693 1556 3759 significa-

498 3775 663 3820 verat.
699 3770 940 3820 Donatus.

562 3850 659 3896 128
692 3845 750 3895 Si
781 3847 1003 3911 propter]
1053 3846 1172 3898 Hoc
1212 3856 1328 3899 erat
1373 3865 1556 3901 secun·

494 3921 687 3973 durnin
721 3921 996 3985 divisione,
1032 3923 1137 3973 ‘Et
1157 3926 1426 3976 consilium
1451 3941 1556 3976 me-

497 4001 581 4048 um
597 3998 921 4063 cognosces.'
952 3999 1104 4048 Idem.

562 4074 620 4124 Su·
639 4079 832 4139 propter
865 4076 1092 4139 amorem]
1118 4076 1329 4128 Initium
1354 4078 1557 4129 consilii

500 4151 581 4200 sui
606 4150 1016 4201 demonstrandi.
1051 4153 1202 4204 Idem.

568 4225 731 4290 Nolis]
753 4227 974 4291 Legitur
995 4235 1049 4277 et
1072 4232 1232 4282 nollet.
1259 4231 1424 4284 Idem.
1465 4232 1558 4297 [In

498 4304 689 4354 nostris
726 4304 854 4356 Var.
894 4305 1068 4358 Lectt.
1124 4321 1217 4370 pro
1256 4308 1406 4359 Notet
1441 4309 1557 4373 lege

1179 394 1397 465 NQTAE
1446 392 1847 442 vAluoRUM
1898 393 1977 442 ΙΝ

1617 534 1801 598 Nolet.]

1679 618 1776 663 129
1806 613 1883 662 Ab
1905 613 1990 661 illo
2021 612 2437 663 animadvertenda
2469 609 2675 676 injuria]

1614 691 1759 740 Nota
1781 689 2111 753 participium
2129 705 2160 739 a
2182 689 2420 753 passivo:
2456 689 2671 739 animad-

1615 769 1856 830 vertenda,
1888 766 2208 832 castiganda,
2241 766 2552 816 vindicanda
2573 773 2674 817 est.

1615 841 1873 892 Donatus.'

1683 921 1761 970 Ab
1794 922 1877 970 illo
1920 918 2127 982 injuria]
2179 922 2345 974 Quam
2387 919 2539 985 facit,
2574 934 2677 971 non

1617 1012 1767 1063 quam
1792 999 2006 1061 patitur.
2039 1000 2191 1048 Idem.

1688 1077 1763 1125 Ea
1776 1077 1986 1139 primum
2002 1077 2445 1141 animadvertenda]
2477 1077 2553 1126 Ut
2567 1077 2677 1141 jam

1618 1153 1717 1201 hoc
1741 1154 1807 1204 sit
1832 1161 2123 1217 peccatum,
2156 1154 2293 1218 quod
2318 1161 2526 1204 recusat
2546 1169 2681 1217 nup-

1620 1231 1740 1292 tias,
1786 1232 1888 1279 non
1937 1231 2073 1296 quod
2122 1237 2311 1295 peccat
2354 1231 2676 1284 adolescens.

1621 1307 1750 1358 Ideo
1773 1322 1899 1371 ergo
1925 1309 2143 1372 primum
2169 1309 2321 1372 dixit,
2348 1310 2680 1360 animadvev

1621 1384 1784 1433 tenda
1816 1385 2005 1448 injuria
2043 1392 2143 1448 est,
2171 1385 2516 1448 vindicanda,
2556 1400 2686 1435 exe·

1620 1463 1829 1525 quenda
1853 1470 1951 1512 est.
2019 1463 2089 1512 Et
2120 1463 2253 1512 bene
2277 1479 2333 1513 ea
2354 1463 2414 1512 ab
2437 1464 2519 1512 illo
2539 1462 2680 1512 dixit

1618 1539 1795 1598 injuria
1811 1555 1827 1587 ε
1862 1538 2213 1590 certissimam·
2240 1541 2374 1589 enim
2398 1547 2548 1590 notat
2569 1554 2687 1604 per-

1621 1629 1817 1677 sonam,
1857 1630 1973 1679 quae
1998 1615 2191 1666 debeat
2215 1631 2307 1681 pro
2344 1617 2549 1681 injuriis
2576 1632 2683 1680 poe—

1619 1705 1711 1741 nas
1737 1693 1967 1742 solvere:
2005 1692 2142 1757 quod
2164 1693 2207 1743 si
2242 1694 2479 1756 dixisset,
2505 1693 2683 1756 lajari-

1619 1782 1698 1816 am
1732 1767 1856 1830 qius,
1896 1768 2189 1832 ἀμφιβολίαν
2228 1768 2465 1832 fecisset,
2506 1776 2684 1818 utrum

1623 1858 1774 1909 quam
1794 1858 1971 1907 passus
1995 1852 2077 1896 est
2101 1846 2167 1896 ab
2192 1846 2309 1909 alio,
2336 1861 2400 1895 an
2427 1860 2580 1910 quam
2604 1845 2687 1909 ip·

1620 1934 1677 1970 se
1702 1921 1816 1970 aliis
1833 1922 2029 1972 intulit.
2064 1923 2215 1973 Idem.

1690 2001 1785 2048 130
1822 1999 1892 2048 Ee
1931 2015 2056 2049 nuvae
2096 2000 2172 2064 id]
2204 1999 2307 2050 Hic
2343 1998 2514 2048 reddit
2544 1997 2686 2064 quod

1623 2074 1852 2140 dixerat,
1914 2077 2175 2129 Consilium
2222 2092 2374 2126 meum
2405 2070 2685 2138 cognosces.

1629 2151 1798 2204 Idem.
2431 2167 2438 2173 ·

1689 2229 1862 2292 Id]1d
1887 2236 2189 2295 est‚propter
2202 2231 2272 2280 ia.
2304 2231 2470 2280 Idem.
2515 2258 2519 2263 -

1690 2307 1761 2353 Et
1774 2321 1896 2355 nunc
1916 2308 1969 2355 id
1992 2322 2183 2370 operam
2197 2306 2280 2370 do]
2303 2309 2441 2357 Don.
2468 2307 2552 2357 hic
2570 2307 2686 2357 red-

1626 2380 1704 2431 dit
1746 2382 1884 2446 qnod
1931 2384 2155 2447 dixerat,
2191 2386 2477 2435 Consilium
2516 2400 2689 2434 meum

1624 2472 1935 2522 cognosces:
1974 2468 2243 2526 postquam
2270 2461 2381 2511 scil.
2408 2462 2554 2525 gnati
2580 2463 2691 2512 vita

1626 2543 1740 2583 erat
1762 2536 2037 2599 exposita:
2077 2537 2213 2588 sicut
2251 2553 2326 2587 vs.
2347 2542 2460 2589 141.
2509 2541 2525 2569 ‘
2549 2552 2696 2589 nune·

1627 2617 1768 2661 tuum
1786 2621 1867 2661 est
1891 2611 2151 2677 officium,'
2171 2618 2272 2665 ὅτε.
2308 2615 2375 2664 ad
2409 2615 2548 2665 illam
2586 2623 2691 2665 ter·

1626 2689 1753 2739 tiam
1775 2697 1979 2753 partem
2016 2691 2082 2740 de
2112 2692 2395 2756 propositis
2421 2693 2650 2757 pertinet
2675 2710 2689 2740 ε

1625 2766 1641 2793 ‘
1665 2773 1720 2816 et
1757 2767 1881 2831 quid
1922 2766 2097 2817 facere
2135 2769 2185 2817 in
2210 2768 2308 2819 hac
2342 2783 2401 2819 re
2425 2776 2481 2819 te
2505 2768 2693 2820 velim!

1626 2857 1724 2893 vss.
1746 2847 1827 2895 22.
1850 2852 1904 2892 et
1932 2848 2015 2895 28.
2035 2845 2302 2895 Boeclerus.

1694 2924 1786 2970 1³1
1846 2920 1993 2985 Vera]
2045 2921 2345 2974 Ἀντίθετονε
2403 2924 2525 2990 qnia
2557 2925 2693 2986 falsa

1628 2995 1781 3060 dixit,
1805 2997 1984 3049 intulit
1995 3014 2123 3049 uera.
2155 3002 2413 3051 Donatus.

1694 3077 1791 3129 iss
1827 3076 1973 3125 Nm
1982 3090 2088 3125 oum
2109 3077 2231 3126 aihu
2261 3077 2420 3127 obsint
2439 3077 2563 3141 αοιε]
2599 3078 2692 3128 vt-
2759 3067 2772 3084 ‘

1629 3152 1785 3202 detur
1827 3153 2123 3217 legendum,
2158 3154 2342 3217 obsunt,
2379 3170 2480 3204 non
2518 3162 2694 3204 tamen

1628 3238 1775 3279 muto
1801 3246 1814 3279 :
1849 3244 2024 3280 omnes
2054 3231 2191 3281 enim
2222 3232 2341 3282 libri
2366 3231 2577 3296 habent,
2606 3231 2686 3281 οό-

1627 3306 1744 3355 sint.
1781 3306 2031 3359 Faernus.

1699 3383 1955 3432 consumat
1974 3398 2114 3446 nunc,
2131 3399 2237 3433 cum
2255 3384 2379 3436 nihil
2397 3384 2551 3434 obsint
2572 3384 2695 3449 doli]

1629 3458 1898 3507 Incassum
1915 3460 2123 3524 perdat,
2138 3461 2331 3525 absque
2350 3459 2538 3513 damno
2557 3474 2692 3512 meo.

1632 3535 1917 3598 Famabius.
2341 3581 2345 3586 ,

1693 3616 1789 3678 134
1827 3613 1978 3669 Quem
2022 3628 2110 3676 ego
2159 3614 2295 3663 credo
2333 3612 2550 3663 manibus
2578 3615 2694 3679 ped.

1628 3690 1732 3754 qa]
1756 3690 2431 3753 Observafiequeutationcm
2447 3689 2695 3741 verborum

1629 3768 1683 3816 in
1707 3766 2055 3817 describenda
2089 3768 2350 3830 pravitate
2379 3768 2536 3825 Davi,
2575 3781 2695 3832 quae

1628 3848 1807 3896 statim
1830 3845 1895 3895 ab
1915 3845 2062 3894 initio
2084 3843 2348 3893 noscenda
2363 3849 2499 3893 erat.
2536 3844 2697 3894 Hunc

1630 3922 1768 3971 enim
1808 3934 2011 3969 sensum
2036 3936 2052 3981 3
2083 3920 2098 3947 ‘
2114 3919 2388 3969 adversum
2411 3935 2495 3969 me
2518 3920 2697 3970 stude-

1633 3997 1710 4047 bit
1729 3997 1898 4045 omnia
1931 3993 2108 4044 facere
2152 3995 2363 4060 Davus‚’
2395 4011 2548 4061 quam
2573 4011 2700 4061 ope·

1632 4089 1750 4124 rose
1768 4073 1953 4122 extulit
1983 4088 1997 4121 ι
2028 4088 2160 4136 quem
2191 4088 2277 4135 ego
2298 4076 2435 4123 credo
2444 4073 2695 4135 facturum

1631 4150 1806 4212 omnia,
1840 4146 1953 4211 (ubi
1988 4146 2048 4197 τὸ
2078 4145 2164 4210 ego
2186 4164 2289 4198 non
2312 4156 2392 4198 est
2423 4149 2696 4216 otiosum,)

1631 4241 1733 4293 quo
1754 4224 1948 4283 studio,
1971 4240 2074 4291 quo
2110 4226 2330 4275 conatu?
2362 4226 2579 4276 manibus
2607 4242 2694 4291 pe—

1632 4303 1885 4367 dibnoeqnoes
1918 4302 2143 4353 nondum
2175 4302 2369 4353 sufficit
2387 4304 2690 4368 proverbia·
