<?xml version="1.0" encoding="UTF-8"?>
<!DOCTYPE html PUBLIC "-//W3C//DTD XHTML 1.0 Transitional//EN"
    "http://www.w3.org/TR/xhtml1/DTD/xhtml1-transitional.dtd">
<html xmlns="http://www.w3.org/1999/xhtml" xml:lang="en" lang="en">
 <head>
  <title>
</title>
<meta http-equiv="Content-Type" content="text/html;charset=utf-8" />
  <meta name='ocr-system' content='tesseract 3.04.00' />
  <meta name='ocr-capabilities' content='ocr_page ocr_carea ocr_par ocr_line ocrx_word'/>
</head>
<body>
  <div class='ocr_page' id='page_1' title='image "./comoedisexvolum00westgoog_0074.png"; bbox 0 0 3035 4941; ppageno 0'>
   <div class='ocr_carea' id='block_1_1' title="bbox 513 356 687 424">
    <p class='ocr_par' dir='ltr' id='par_1_1' title="bbox 513 356 687 424">
     <span class='ocr_line' id='line_1_1' title="bbox 513 356 687 424; baseline 0.011 -1"><span class='ocrx_word' id='word_1_1' title='bbox 513 356 687 424; x_wconf 72' lang='lat'>1084</span> 
     </span>
    </p>
   </div>
   <div class='ocr_carea' id='block_1_2' title="bbox 460 512 1577 1659">
    <p class='ocr_par' dir='ltr' id='par_1_2' title="bbox 510 512 1577 1030">
     <span class='ocr_line' id='line_1_2' title="bbox 515 512 1576 580; baseline 0.003 -16"><span class='ocrx_word' id='word_1_2' title='bbox 515 516 676 578; x_wconf 80' lang='lat' dir='ltr'>tibus,</span> <span class='ocrx_word' id='word_1_3' title='bbox 700 512 1062 580; x_wconf 78' lang='lat' dir='ltr'>praefestiuare</span> <span class='ocrx_word' id='word_1_4' title='bbox 1081 513 1148 564; x_wconf 83' lang='lat' dir='ltr'>ad</span> <span class='ocrx_word' id='word_1_5' title='bbox 1164 512 1442 564; x_wconf 81' lang='lat' dir='ltr'>indicanda</span> <span class='ocrx_word' id='word_1_6' title='bbox 1460 527 1576 578; x_wconf 68' lang='lat' dir='ltr'>quae</span> 
     </span>
     <span class='ocr_line' id='line_1_3' title="bbox 515 590 1576 654; baseline -0.001 -13"><span class='ocrx_word' id='word_1_7' title='bbox 515 592 712 643; x_wconf 87' lang='lat' dir='ltr'>dolent.</span> <span class='ocrx_word' id='word_1_8' title='bbox 777 590 1121 654; x_wconf 74' lang='grc' dir='ltr'><strong><em>Ἀπολούμεοα.</em></strong></span> <span class='ocrx_word' id='word_1_9' title='bbox 1199 592 1384 642; x_wconf 83' lang='lat' dir='ltr'>Habet</span> <span class='ocrx_word' id='word_1_10' title='bbox 1451 606 1576 640; x_wconf 83' lang='lat' dir='ltr'>non·</span> 
     </span>
     <span class='ocr_line' id='line_1_4' title="bbox 514 668 1577 734; baseline 0 -16"><span class='ocrx_word' id='word_1_11' title='bbox 514 671 714 718; x_wconf 88' lang='lat' dir='ltr'>nullum</span> <span class='ocrx_word' id='word_1_12' title='bbox 737 668 982 722; x_wconf 85' lang='lat' dir='ltr'>affectum</span> <span class='ocrx_word' id='word_1_13' title='bbox 1008 669 1145 734; x_wconf 90' lang='lat' dir='ltr'>quod</span> <span class='ocrx_word' id='word_1_14' title='bbox 1169 668 1393 733; x_wconf 78' lang='lat' dir='ltr'>addidit,</span> <span class='ocrx_word' id='word_1_15' title='bbox 1420 669 1577 719; x_wconf 77' lang='lat' dir='ltr'>Dave.</span> 
     </span>
     <span class='ocr_line' id='line_1_5' title="bbox 515 746 1083 797; baseline 0.002 -2"><span class='ocrx_word' id='word_1_16' title='bbox 515 746 681 797; x_wconf 84' lang='lat' dir='ltr'>Idem.</span> <span class='ocrx_word' id='word_1_17' title='bbox 1076 780 1083 785; x_wconf 75' lang='grc'><em>»</em></span> 
     </span>
     <span class='ocr_line' id='line_1_6' title="bbox 578 823 1577 888; baseline -0.001 -14"><span class='ocrx_word' id='word_1_18' title='bbox 578 825 735 886; x_wconf 77' lang='lat' dir='ltr'>Dave,</span> <span class='ocrx_word' id='word_1_19' title='bbox 786 825 930 888; x_wconf 83' lang='lat' dir='ltr'>perii,</span> <span class='ocrx_word' id='word_1_20' title='bbox 980 824 1174 888; x_wconf 79' lang='lat' dir='ltr'>interii]</span> <span class='ocrx_word' id='word_1_21' title='bbox 1206 824 1361 874; x_wconf 69' lang='lat' dir='ltr'>*Haee</span> <span class='ocrx_word' id='word_1_22' title='bbox 1414 823 1577 881; x_wconf 75' lang='lat' dir='ltr'>verba</span> 
     </span>
     <span class='ocr_line' id='line_1_7' title="bbox 510 900 1577 953; baseline -0.002 0"><span class='ocrx_word' id='word_1_23' title='bbox 510 902 739 953; x_wconf 80' lang='lat' dir='ltr'>Charino</span> <span class='ocrx_word' id='word_1_24' title='bbox 757 903 997 952; x_wconf 85' lang='lat' dir='ltr'>Donatus</span> <span class='ocrx_word' id='word_1_25' title='bbox 1019 900 1306 951; x_wconf 73' lang='lat' dir='ltr'>adscribit:</span> <span class='ocrx_word' id='word_1_26' title='bbox 1345 907 1401 950; x_wconf 90' lang='lat' dir='ltr'>et</span> <span class='ocrx_word' id='word_1_27' title='bbox 1424 900 1577 951; x_wconf 88' lang='lat' dir='ltr'>bene.</span> 
     </span>
     <span class='ocr_line' id='line_1_8' title="bbox 510 980 745 1030; baseline -0.004 0"><span class='ocrx_word' id='word_1_28' title='bbox 510 980 745 1030; x_wconf 59' lang='lat' dir='ltr'>Faernus.</span> 
     </span>
    </p>

    <p class='ocr_par' dir='ltr' id='par_1_3' title="bbox 511 1052 1575 1182">
     <span class='ocr_line' id='line_1_9' title="bbox 581 1052 1575 1120; baseline -0.001 -16"><span class='ocrx_word' id='word_1_29' title='bbox 581 1055 711 1113; x_wconf 78' lang='lat' dir='ltr'>Quia</span> <span class='ocrx_word' id='word_1_30' title='bbox 735 1056 812 1120; x_wconf 77' lang='lat' dir='ltr'>ta]</span> <span class='ocrx_word' id='word_1_31' title='bbox 833 1053 985 1117; x_wconf 72' lang='lat' dir='ltr'>Quia,</span> <span class='ocrx_word' id='word_1_32' title='bbox 1002 1053 1153 1105; x_wconf 89' lang='lat' dir='ltr'>modo</span> <span class='ocrx_word' id='word_1_33' title='bbox 1177 1067 1273 1117; x_wconf 88' lang='lat' dir='ltr'>pro</span> <span class='ocrx_word' id='word_1_34' title='bbox 1294 1052 1415 1117; x_wconf 87' lang='lat' dir='ltr'>imo,</span> <span class='ocrx_word' id='word_1_35' title='bbox 1428 1053 1575 1118; x_wconf 87' lang='lat' dir='ltr'>alias,</span> 
     </span>
     <span class='ocr_line' id='line_1_10' title="bbox 511 1132 1038 1182; baseline -0.002 -1"><span class='ocrx_word' id='word_1_36' title='bbox 511 1146 609 1182; x_wconf 89' lang='lat' dir='ltr'>cur</span> <span class='ocrx_word' id='word_1_37' title='bbox 631 1132 768 1181; x_wconf 86' lang='lat' dir='ltr'>non?</span> <span class='ocrx_word' id='word_1_38' title='bbox 802 1132 1038 1181; x_wconf 75' lang='lat' dir='ltr'>Donatus.</span> 
     </span>
    </p>

    <p class='ocr_par' dir='ltr' id='par_1_4' title="bbox 460 1205 1574 1659">
     <span class='ocr_line' id='line_1_11' title="bbox 579 1205 1574 1270; baseline 0 -15"><span class='ocrx_word' id='word_1_39' title='bbox 579 1210 641 1257; x_wconf 83' lang='lat' dir='ltr'>lo</span> <span class='ocrx_word' id='word_1_40' title='bbox 663 1207 780 1257; x_wconf 81' lang='lat' dir='ltr'>Meu</span> <span class='ocrx_word' id='word_1_41' title='bbox 795 1206 979 1270; x_wconf 72' lang='lat' dir='ltr'>quidem</span> <span class='ocrx_word' id='word_1_42' title='bbox 1000 1205 1176 1269; x_wconf 64' lang='lat' dir='ltr'>baele]</span> <span class='ocrx_word' id='word_1_43' title='bbox 1198 1205 1423 1256; x_wconf 77' lang='lat' dir='ltr'>Videtur</span> <span class='ocrx_word' id='word_1_44' title='bbox 1440 1205 1574 1256; x_wconf 85' lang='lat' dir='ltr'>Cha-</span> 
     </span>
     <span class='ocr_line' id='line_1_12' title="bbox 460 1283 1574 1349; baseline -0.003 -12"><span class='ocrx_word' id='word_1_45' title='bbox 460 1336 463 1337; x_wconf 16' lang='lat'>.</span> <span class='ocrx_word' id='word_1_46' title='bbox 514 1286 654 1349; x_wconf 77' lang='lat' dir='ltr'>riuus</span> <span class='ocrx_word' id='word_1_47' title='bbox 679 1286 796 1349; x_wconf 89' lang='lat' dir='ltr'>plus</span> <span class='ocrx_word' id='word_1_48' title='bbox 815 1285 1027 1347; x_wconf 80' lang='lat' dir='ltr'>dixisse,</span> <span class='ocrx_word' id='word_1_49' title='bbox 1049 1283 1209 1347; x_wconf 82' lang='lat' dir='ltr'>Perii,</span> <span class='ocrx_word' id='word_1_50' title='bbox 1240 1298 1395 1349; x_wconf 81' lang='lat' dir='ltr'>quam</span> <span class='ocrx_word' id='word_1_51' title='bbox 1420 1284 1574 1334; x_wconf 86' lang='lat' dir='ltr'>Pam·</span> 
     </span>
     <span class='ocr_line' id='line_1_13' title="bbox 509 1362 1572 1428; baseline 0.001 -17"><span class='ocrx_word' id='word_1_52' title='bbox 509 1362 701 1427; x_wconf 82' lang='lat' dir='ltr'>philus,</span> <span class='ocrx_word' id='word_1_53' title='bbox 720 1365 837 1412; x_wconf 78' lang='lat' dir='ltr'>Mea</span> <span class='ocrx_word' id='word_1_54' title='bbox 856 1364 1044 1428; x_wconf 77' lang='lat' dir='ltr'>quidem</span> <span class='ocrx_word' id='word_1_55' title='bbox 1072 1363 1229 1412; x_wconf 72' lang='lat' dir='ltr'>hercle</span> <span class='ocrx_word' id='word_1_56' title='bbox 1249 1366 1378 1412; x_wconf 80' lang='lat' dir='ltr'>certe</span> <span class='ocrx_word' id='word_1_57' title='bbox 1405 1362 1456 1412; x_wconf 80' lang='lat' dir='ltr'>ia</span> <span class='ocrx_word' id='word_1_58' title='bbox 1484 1363 1572 1412; x_wconf 66' lang='lat' dir='ltr'>du·</span> 
     </span>
     <span class='ocr_line' id='line_1_14' title="bbox 504 1438 1571 1503; baseline -0.002 -13"><span class='ocrx_word' id='word_1_59' title='bbox 504 1441 589 1490; x_wconf 73' lang='lat' dir='ltr'>bio</span> <span class='ocrx_word' id='word_1_60' title='bbox 608 1444 677 1490; x_wconf 75' lang='lat' dir='ltr'>est</span> <span class='ocrx_word' id='word_1_61' title='bbox 697 1443 814 1490; x_wconf 78' lang='lat' dir='ltr'>uita.</span> <span class='ocrx_word' id='word_1_62' title='bbox 880 1438 999 1491; x_wconf 80' lang='lat' dir='ltr'>Sed&#39;</span> <span class='ocrx_word' id='word_1_63' title='bbox 1019 1453 1125 1490; x_wconf 92' lang='lat' dir='ltr'>non</span> <span class='ocrx_word' id='word_1_64' title='bbox 1164 1448 1246 1489; x_wconf 90' lang='lat' dir='ltr'>est</span> <span class='ocrx_word' id='word_1_65' title='bbox 1286 1438 1417 1489; x_wconf 75' lang='lat' dir='ltr'>hoe:</span> <span class='ocrx_word' id='word_1_66' title='bbox 1455 1439 1571 1503; x_wconf 89' lang='lat' dir='ltr'>plus</span> 
     </span>
     <span class='ocr_line' id='line_1_15' title="bbox 510 1516 1573 1584; baseline -0.002 -16"><span class='ocrx_word' id='word_1_67' title='bbox 510 1519 646 1568; x_wconf 84' lang='lat' dir='ltr'>enim</span> <span class='ocrx_word' id='word_1_68' title='bbox 671 1519 968 1584; x_wconf 74' lang='lat' dir='ltr'>Pamphilus</span> <span class='ocrx_word' id='word_1_69' title='bbox 985 1519 1153 1569; x_wconf 81' lang='lat' dir='ltr'>dixit:</span> <span class='ocrx_word' id='word_1_70' title='bbox 1179 1533 1296 1567; x_wconf 89' lang='lat' dir='ltr'>nam</span> <span class='ocrx_word' id='word_1_71' title='bbox 1315 1517 1404 1582; x_wconf 88' lang='lat' dir='ltr'>qui</span> <span class='ocrx_word' id='word_1_72' title='bbox 1442 1516 1573 1566; x_wconf 82' lang='lat' dir='ltr'>vivit</span> 
     </span>
     <span class='ocr_line' id='line_1_16' title="bbox 512 1592 1572 1659; baseline -0.001 -17"><span class='ocrx_word' id='word_1_73' title='bbox 512 1608 615 1643; x_wconf 89' lang='lat' dir='ltr'>non</span> <span class='ocrx_word' id='word_1_74' title='bbox 655 1601 832 1659; x_wconf 86' lang='lat' dir='ltr'>potest</span> <span class='ocrx_word' id='word_1_75' title='bbox 872 1595 1159 1645; x_wconf 70' lang='lat' dir='ltr'>interiisset</span> <span class='ocrx_word' id='word_1_76' title='bbox 1203 1594 1248 1643; x_wconf 89' lang='lat' dir='ltr'>is</span> <span class='ocrx_word' id='word_1_77' title='bbox 1287 1600 1461 1642; x_wconf 84' lang='lat' dir='ltr'>autem</span> <span class='ocrx_word' id='word_1_78' title='bbox 1485 1592 1572 1657; x_wconf 90' lang='lat' dir='ltr'>qui</span> 
     </span>
    </p>
   </div>
   <div class='ocr_carea' id='block_1_3' title="bbox 420 1669 1571 1736">
    <p class='ocr_par' dir='ltr' id='par_1_5' title="bbox 420 1669 1571 1736">
     <span class='ocr_line' id='line_1_17' title="bbox 420 1669 1571 1736; baseline 0.003 -22"><span class='ocrx_word' id='word_1_79' title='bbox 420 1706 431 1714; x_wconf 91' lang='lat'>.</span> <span class='ocrx_word' id='word_1_80' title='bbox 511 1670 663 1733; x_wconf 80' lang='lat' dir='ltr'>vivit,</span> <span class='ocrx_word' id='word_1_81' title='bbox 684 1671 839 1720; x_wconf 83' lang='lat' dir='ltr'>vitam</span> <span class='ocrx_word' id='word_1_82' title='bbox 866 1677 1041 1736; x_wconf 88' lang='lat' dir='ltr'>potest</span> <span class='ocrx_word' id='word_1_83' title='bbox 1077 1669 1128 1719; x_wconf 89' lang='lat' dir='ltr'>in</span> <span class='ocrx_word' id='word_1_84' title='bbox 1164 1669 1323 1719; x_wconf 91' lang='lat' dir='ltr'>dubio</span> <span class='ocrx_word' id='word_1_85' title='bbox 1361 1669 1571 1719; x_wconf 80' lang='lat' dir='ltr'>habere.</span> 
     </span>
    </p>
   </div>
   <div class='ocr_carea' id='block_1_4' title="bbox 498 1743 1578 4341">
    <p class='ocr_par' dir='ltr' id='par_1_6' title="bbox 503 1743 1573 2182">
     <span class='ocr_line' id='line_1_18' title="bbox 510 1743 1571 1811; baseline -0.003 -15"><span class='ocrx_word' id='word_1_86' title='bbox 510 1746 640 1796; x_wconf 76' lang='lat' dir='ltr'>meo</span> <span class='ocrx_word' id='word_1_87' title='bbox 679 1754 735 1796; x_wconf 91' lang='lat' dir='ltr'>et</span> <span class='ocrx_word' id='word_1_88' title='bbox 753 1747 953 1811; x_wconf 82' lang='lat' dir='ltr'>juravit</span> <span class='ocrx_word' id='word_1_89' title='bbox 986 1747 1174 1796; x_wconf 71' lang='lat' dir='ltr'>hercle.-</span> <span class='ocrx_word' id='word_1_90' title='bbox 1212 1752 1268 1796; x_wconf 91' lang='lat' dir='ltr'>et</span> <span class='ocrx_word' id='word_1_91' title='bbox 1311 1743 1571 1794; x_wconf 84' lang='lat' dir='ltr'>affirmans</span> 
     </span>
     <span class='ocr_line' id='line_1_19' title="bbox 503 1822 1571 1888; baseline 0.001 -19"><span class='ocrx_word' id='word_1_92' title='bbox 503 1822 884 1888; x_wconf 83' lang='lat' dir='ltr'>jusjurandum,</span> <span class='ocrx_word' id='word_1_93' title='bbox 936 1830 1065 1873; x_wconf 84' lang='lat' dir='ltr'>certe</span> <span class='ocrx_word' id='word_1_94' title='bbox 1120 1822 1339 1872; x_wconf 79' lang='lat' dir='ltr'>addidit.</span> <span class='ocrx_word' id='word_1_95' title='bbox 1425 1822 1571 1871; x_wconf 90' lang='lat' dir='ltr'>Bene</span> 
     </span>
     <span class='ocr_line' id='line_1_20' title="bbox 506 1897 1573 1964; baseline -0.001 -18"><span class='ocrx_word' id='word_1_96' title='bbox 506 1904 664 1950; x_wconf 71' lang='lat' dir='ltr'>certet</span> <span class='ocrx_word' id='word_1_97' title='bbox 697 1901 847 1964; x_wconf 86' lang='lat' dir='ltr'>qnasi</span> <span class='ocrx_word' id='word_1_98' title='bbox 887 1898 1016 1950; x_wconf 88' lang='lat' dir='ltr'>illud</span> <span class='ocrx_word' id='word_1_99' title='bbox 1048 1899 1235 1961; x_wconf 77' lang='lat' dir='ltr'>interii,</span> <span class='ocrx_word' id='word_1_100' title='bbox 1279 1897 1466 1947; x_wconf 80' lang='lat' dir='ltr'>falsum</span> <span class='ocrx_word' id='word_1_101' title='bbox 1488 1898 1573 1948; x_wconf 90' lang='lat' dir='ltr'>sit.</span> 
     </span>
     <span class='ocr_line' id='line_1_21' title="bbox 507 1974 1572 2041; baseline 0 -17"><span class='ocrx_word' id='word_1_102' title='bbox 507 1974 593 2024; x_wconf 80' lang='lat' dir='ltr'>Ita</span> <span class='ocrx_word' id='word_1_103' title='bbox 615 1976 916 2041; x_wconf 75' lang='lat' dir='ltr'>Pamphilus</span> <span class='ocrx_word' id='word_1_104' title='bbox 953 1977 1070 2041; x_wconf 80' lang='lat' dir='ltr'>plus</span> <span class='ocrx_word' id='word_1_105' title='bbox 1101 1975 1252 2035; x_wconf 84' lang='lat' dir='ltr'>fecit,</span> <span class='ocrx_word' id='word_1_106' title='bbox 1282 1976 1572 2039; x_wconf 84' lang='lat' dir='ltr'>periturum</span> 
     </span>
     <span class='ocr_line' id='line_1_22' title="bbox 504 2053 1571 2119; baseline -0.001 -20"><span class='ocrx_word' id='word_1_107' title='bbox 504 2066 562 2099; x_wconf 85' lang='lat' dir='ltr'>se</span> <span class='ocrx_word' id='word_1_108' title='bbox 591 2066 708 2102; x_wconf 89' lang='lat' dir='ltr'>esse</span> <span class='ocrx_word' id='word_1_109' title='bbox 745 2053 984 2117; x_wconf 74' lang='lat' dir='ltr'>dit-endo,</span> <span class='ocrx_word' id='word_1_110' title='bbox 1019 2068 1173 2119; x_wconf 87' lang='lat' dir='ltr'>quam</span> <span class='ocrx_word' id='word_1_111' title='bbox 1207 2053 1461 2104; x_wconf 79' lang='lat' dir='ltr'>Charinus</span> <span class='ocrx_word' id='word_1_112' title='bbox 1495 2053 1571 2101; x_wconf 60' lang='lat' dir='ltr'>in.</span> 
     </span>
     <span class='ocr_line' id='line_1_23' title="bbox 509 2129 917 2182; baseline 0.005 -4"><span class='ocrx_word' id='word_1_113' title='bbox 509 2129 730 2182; x_wconf 88' lang='lat' dir='ltr'>teriisse.</span> <span class='ocrx_word' id='word_1_114' title='bbox 765 2132 917 2181; x_wconf 81' lang='lat' dir='ltr'>Idem.</span> 
     </span>
    </p>

    <p class='ocr_par' dir='ltr' id='par_1_7' title="bbox 506 2204 1573 2410">
     <span class='ocr_line' id='line_1_24' title="bbox 538 2204 1573 2272; baseline -0.003 -16"><span class='ocrx_word' id='word_1_115' title='bbox 538 2217 542 2221; x_wconf 86' lang='grc'>·</span> <span class='ocrx_word' id='word_1_116' title='bbox 571 2207 687 2256; x_wconf 79' lang='lat' dir='ltr'>Meu</span> <span class='ocrx_word' id='word_1_117' title='bbox 708 2207 895 2272; x_wconf 79' lang='lat' dir='ltr'>quidem</span> <span class='ocrx_word' id='word_1_118' title='bbox 914 2206 1090 2270; x_wconf 74' lang='lat' dir='ltr'>hercle]</span> <span class='ocrx_word' id='word_1_119' title='bbox 1122 2207 1360 2256; x_wconf 77' lang='lat' dir='ltr'>Donatus</span> <span class='ocrx_word' id='word_1_120' title='bbox 1380 2205 1461 2254; x_wconf 86' lang='lat' dir='ltr'>his</span> <span class='ocrx_word' id='word_1_121' title='bbox 1483 2204 1573 2254; x_wconf 89' lang='lat' dir='ltr'>ad-</span> 
     </span>
     <span class='ocr_line' id='line_1_25' title="bbox 506 2281 1573 2347; baseline 0 -14"><span class='ocrx_word' id='word_1_122' title='bbox 506 2281 582 2333; x_wconf 86' lang='lat' dir='ltr'>dit</span> <span class='ocrx_word' id='word_1_123' title='bbox 607 2284 931 2345; x_wconf 74' lang='lat' dir='ltr'>adverbium,</span> <span class='ocrx_word' id='word_1_124' title='bbox 951 2290 1096 2347; x_wconf 83' lang='lat' dir='ltr'>certe,</span> <span class='ocrx_word' id='word_1_125' title='bbox 1117 2291 1173 2333; x_wconf 88' lang='lat' dir='ltr'>et</span> <span class='ocrx_word' id='word_1_126' title='bbox 1202 2289 1309 2333; x_wconf 90' lang='lat' dir='ltr'>tres</span> <span class='ocrx_word' id='word_1_127' title='bbox 1344 2282 1467 2335; x_wconf 80' lang='lat' dir='ltr'>libri</span> <span class='ocrx_word' id='word_1_128' title='bbox 1483 2298 1573 2333; x_wconf 85' lang='lat' dir='ltr'>ve·</span> 
     </span>
     <span class='ocr_line' id='line_1_26' title="bbox 506 2360 1034 2410; baseline 0.004 -3"><span class='ocrx_word' id='word_1_129' title='bbox 506 2360 769 2410; x_wconf 84' lang='lat' dir='ltr'>tustiores.</span> <span class='ocrx_word' id='word_1_130' title='bbox 803 2360 1034 2410; x_wconf 78' lang='lat' dir='ltr'>Fa&#39;e&#39;mus.</span> 
     </span>
    </p>

    <p class='ocr_par' dir='ltr' id='par_1_8' title="bbox 502 2435 1578 2962">
     <span class='ocr_line' id='line_1_27' title="bbox 511 2435 1571 2501; baseline -0.001 -15"><span class='ocrx_word' id='word_1_131' title='bbox 511 2470 517 2480; x_wconf 83' lang='grc'><strong><em>.</em></strong></span> <span class='ocrx_word' id='word_1_132' title='bbox 571 2436 751 2486; x_wconf 84' lang='lat' dir='ltr'>Hercle</span> <span class='ocrx_word' id='word_1_133' title='bbox 784 2436 933 2501; x_wconf 81' lang='lat' dir='ltr'>certe]</span> <span class='ocrx_word' id='word_1_134' title='bbox 970 2435 1268 2488; x_wconf 77' lang='lat' dir='ltr'>GemInatio</span> <span class='ocrx_word' id='word_1_135' title='bbox 1307 2448 1571 2485; x_wconf 79' lang='lat' dir='ltr'>assevera-</span> 
     </span>
     <span class='ocr_line' id='line_1_28' title="bbox 506 2510 1575 2576; baseline -0.003 -13"><span class='ocrx_word' id='word_1_136' title='bbox 506 2513 635 2563; x_wconf 89' lang='lat' dir='ltr'>tioui</span> <span class='ocrx_word' id='word_1_137' title='bbox 661 2513 908 2564; x_wconf 81' lang='lat' dir='ltr'>serviens.</span> <span class='ocrx_word' id='word_1_138' title='bbox 978 2513 1062 2562; x_wconf 89' lang='lat' dir='ltr'>Ita</span> <span class='ocrx_word' id='word_1_139' title='bbox 1085 2510 1209 2561; x_wconf 72' lang='grc' dir='ltr'>πάνυ</span> <span class='ocrx_word' id='word_1_140' title='bbox 1229 2511 1410 2576; x_wconf 74' lang='grc' dir='ltr'><strong><em>σφόδρα</em></strong></span> <span class='ocrx_word' id='word_1_141' title='bbox 1430 2511 1575 2575; x_wconf 86' lang='lat' dir='ltr'>apud</span> 
     </span>
     <span class='ocr_line' id='line_1_29' title="bbox 510 2589 1571 2654; baseline -0.001 -15"><span class='ocrx_word' id='word_1_142' title='bbox 510 2590 929 2654; x_wconf 77' lang='lat' dir='ltr'>Aristophanem,</span> <span class='ocrx_word' id='word_1_143' title='bbox 953 2589 1006 2639; x_wconf 89' lang='lat' dir='ltr'>in</span> <span class='ocrx_word' id='word_1_144' title='bbox 1025 2589 1223 2640; x_wconf 82' lang='lat' dir='ltr'>Pluto:</span> <span class='ocrx_word' id='word_1_145' title='bbox 1264 2589 1352 2638; x_wconf 90' lang='lat' dir='ltr'>ubi</span> <span class='ocrx_word' id='word_1_146' title='bbox 1370 2590 1571 2639; x_wconf 87' lang='lat' dir='ltr'>Scholi-</span> 
     </span>
     <span class='ocr_line' id='line_1_30' title="bbox 511 2664 1578 2732; baseline -0.001 -15"><span class='ocrx_word' id='word_1_147' title='bbox 511 2676 654 2717; x_wconf 87' lang='lat' dir='ltr'>astes</span> <span class='ocrx_word' id='word_1_148' title='bbox 703 2670 983 2732; x_wconf 79' lang='lat' dir='ltr'>antiquus:</span> <span class='ocrx_word' id='word_1_149' title='bbox 1034 2666 1110 2717; x_wconf 77' lang='grc' dir='ltr'>ὅτι</span> <span class='ocrx_word' id='word_1_150' title='bbox 1129 2664 1327 2726; x_wconf 73' lang='grc' dir='ltr'><strong><em>σύνηθες</em></strong></span> <span class='ocrx_word' id='word_1_151' title='bbox 1344 2667 1578 2716; x_wconf 71' lang='grc' dir='ltr'>Ἀττικοῖς</span> 
     </span>
     <span class='ocr_line' id='line_1_31' title="bbox 507 2742 1572 2808; baseline -0.002 -14"><span class='ocrx_word' id='word_1_152' title='bbox 507 2742 801 2808; x_wconf 74' lang='grc' dir='ltr'><strong>παράλληλα</strong></span> <span class='ocrx_word' id='word_1_153' title='bbox 864 2742 1039 2794; x_wconf 74' lang='grc' dir='ltr'>τιθέναι</span> <span class='ocrx_word' id='word_1_154' title='bbox 1080 2744 1144 2794; x_wconf 75' lang='grc' dir='ltr'>τὰ</span> <span class='ocrx_word' id='word_1_155' title='bbox 1191 2742 1572 2806; x_wconf 73' lang='grc' dir='ltr'>ἶσοδυναμοῦντα,</span> 
     </span>
     <span class='ocr_line' id='line_1_32' title="bbox 502 2817 1572 2886; baseline 0.003 -17"><span class='ocrx_word' id='word_1_156' title='bbox 502 2822 728 2880; x_wconf 68' lang='grc' dir='ltr'>δηλοῦται</span> <span class='ocrx_word' id='word_1_157' title='bbox 759 2819 811 2870; x_wconf 74' lang='grc' dir='ltr'>δὲ</span> <span class='ocrx_word' id='word_1_158' title='bbox 849 2817 900 2869; x_wconf 82' lang='grc' dir='ltr'>ἕν</span> <span class='ocrx_word' id='word_1_159' title='bbox 932 2839 981 2869; x_wconf 77' lang='grc' dir='ltr'>τι</span> <span class='ocrx_word' id='word_1_160' title='bbox 1011 2821 1060 2883; x_wconf 73' lang='grc' dir='ltr'>ἐξ</span> <span class='ocrx_word' id='word_1_161' title='bbox 1095 2820 1384 2886; x_wconf 74' lang='grc' dir='ltr'><strong><em>ἀμφοτέρων.</em></strong></span> <span class='ocrx_word' id='word_1_162' title='bbox 1423 2819 1572 2872; x_wconf 67' lang='grc' dir='ltr'><strong>οὕτως</strong></span> 
     </span>
     <span class='ocr_line' id='line_1_33' title="bbox 504 2896 1408 2962; baseline -0.002 -14"><span class='ocrx_word' id='word_1_163' title='bbox 504 2898 608 2962; x_wconf 79' lang='grc' dir='ltr'>ἔχει</span> <span class='ocrx_word' id='word_1_164' title='bbox 629 2897 708 2948; x_wconf 76' lang='grc' dir='ltr'>καὶ</span> <span class='ocrx_word' id='word_1_165' title='bbox 723 2896 800 2955; x_wconf 74' lang='grc' dir='ltr'>τὸ,</span> <span class='ocrx_word' id='word_1_166' title='bbox 819 2896 971 2959; x_wconf 75' lang='grc' dir='ltr'>τυχὸν</span> <span class='ocrx_word' id='word_1_167' title='bbox 989 2898 1119 2948; x_wconf 66' lang='grc' dir='ltr'><strong><em>ἴσως.</em></strong></span> <span class='ocrx_word' id='word_1_168' title='bbox 1157 2899 1408 2948; x_wconf 73' lang='grc' dir='ltr'><strong><em>Βαοῑεηιε.</em></strong></span> 
     </span>
    </p>

    <p class='ocr_par' dir='ltr' id='par_1_9' title="bbox 503 2973 1570 3195">
     <span class='ocr_line' id='line_1_34' title="bbox 508 2973 1568 3040; baseline -0.002 -15"><span class='ocrx_word' id='word_1_169' title='bbox 508 3009 511 3012; x_wconf 97' lang='grc'>-</span> <span class='ocrx_word' id='word_1_170' title='bbox 570 2978 633 3026; x_wconf 79' lang='lat' dir='ltr'>Ia</span> <span class='ocrx_word' id='word_1_171' title='bbox 653 2977 794 3027; x_wconf 73' lang='lat' dir='ltr'>dubio</span> <span class='ocrx_word' id='word_1_172' title='bbox 828 2977 929 3026; x_wconf 79' lang='lat' dir='ltr'>vita</span> <span class='ocrx_word' id='word_1_173' title='bbox 967 2976 1060 3040; x_wconf 69' lang='lat' dir='ltr'>est]</span> <span class='ocrx_word' id='word_1_174' title='bbox 1101 2974 1167 3024; x_wconf 87' lang='lat' dir='ltr'>Id</span> <span class='ocrx_word' id='word_1_175' title='bbox 1198 2975 1336 3039; x_wconf 88' lang='lat' dir='ltr'>quod</span> <span class='ocrx_word' id='word_1_176' title='bbox 1371 2973 1568 3024; x_wconf 86' lang='lat' dir='ltr'>dictum</span> 
     </span>
     <span class='ocr_line' id='line_1_35' title="bbox 504 3052 1570 3118; baseline 0 -16"><span class='ocrx_word' id='word_1_177' title='bbox 504 3060 676 3115; x_wconf 87' lang='lat' dir='ltr'>antea,</span> <span class='ocrx_word' id='word_1_178' title='bbox 697 3069 804 3103; x_wconf 75' lang='lat' dir='ltr'>mon</span> <span class='ocrx_word' id='word_1_179' title='bbox 826 3068 978 3118; x_wconf 76' lang='lat' dir='ltr'>repas,</span> <span class='ocrx_word' id='word_1_180' title='bbox 999 3069 1077 3102; x_wconf 83' lang='lat' dir='ltr'>ma</span> <span class='ocrx_word' id='word_1_181' title='bbox 1105 3052 1227 3114; x_wconf 73' lang='lat' dir='ltr'>joie,</span> <span class='ocrx_word' id='word_1_182' title='bbox 1251 3054 1335 3116; x_wconf 59' lang='grc' dir='ltr'>ξε.</span> <span class='ocrx_word' id='word_1_183' title='bbox 1368 3052 1466 3101; x_wconf 86' lang='lat' dir='ltr'>nisi</span> <span class='ocrx_word' id='word_1_184' title='bbox 1500 3053 1570 3102; x_wconf 89' lang='lat' dir='ltr'>sit</span> 
     </span>
     <span class='ocr_line' id='line_1_36' title="bbox 503 3129 1294 3195; baseline 0 -18"><span class='ocrx_word' id='word_1_185' title='bbox 503 3129 789 3195; x_wconf 73' lang='lat' dir='ltr'>hyperbole</span> <span class='ocrx_word' id='word_1_186' title='bbox 815 3130 1083 3179; x_wconf 86' lang='lat' dir='ltr'>amatoria.</span> <span class='ocrx_word' id='word_1_187' title='bbox 1118 3129 1294 3179; x_wconf 78' lang='lat' dir='ltr'>Faber.</span> 
     </span>
    </p>

    <p class='ocr_par' dir='ltr' id='par_1_10' title="bbox 502 3207 1570 3488">
     <span class='ocr_line' id='line_1_37' title="bbox 573 3207 1570 3273; baseline -0.003 -13"><span class='ocrx_word' id='word_1_188' title='bbox 573 3212 639 3260; x_wconf 81' lang='lat' dir='ltr'>Et</span> <span class='ocrx_word' id='word_1_189' title='bbox 660 3215 714 3260; x_wconf 82' lang='lat' dir='ltr'>tu</span> <span class='ocrx_word' id='word_1_190' title='bbox 737 3210 869 3273; x_wconf 78' lang='lat' dir='ltr'>quid,</span> <span class='ocrx_word' id='word_1_191' title='bbox 902 3209 1025 3273; x_wconf 79' lang='lat' dir='ltr'>scio]</span> <span class='ocrx_word' id='word_1_192' title='bbox 1065 3210 1206 3258; x_wconf 87' lang='lat' dir='ltr'>Mira</span> <span class='ocrx_word' id='word_1_193' title='bbox 1239 3207 1570 3272; x_wconf 85' lang='lat' dir='ltr'>compendia,</span> 
     </span>
     <span class='ocr_line' id='line_1_38' title="bbox 502 3285 1565 3352; baseline -0.002 -16"><span class='ocrx_word' id='word_1_194' title='bbox 502 3302 620 3352; x_wconf 78' lang='lat' dir='ltr'>quae</span> <span class='ocrx_word' id='word_1_195' title='bbox 646 3287 909 3338; x_wconf 84' lang='lat' dir='ltr'>contrahit</span> <span class='ocrx_word' id='word_1_196' title='bbox 933 3286 1103 3337; x_wconf 65' lang='lat' dir='ltr'>Poeta</span> <span class='ocrx_word' id='word_1_197' title='bbox 1137 3285 1457 3347; x_wconf 77' lang='lat' dir='ltr'>longitudine</span> <span class='ocrx_word' id='word_1_198' title='bbox 1492 3285 1565 3335; x_wconf 83' lang='lat' dir='ltr'>fa·</span> 
     </span>
     <span class='ocr_line' id='line_1_39' title="bbox 505 3361 1565 3427; baseline 0 -16"><span class='ocrx_word' id='word_1_199' title='bbox 505 3366 668 3413; x_wconf 83' lang='lat' dir='ltr'>bulae:</span> <span class='ocrx_word' id='word_1_200' title='bbox 704 3378 803 3414; x_wconf 88' lang='lat' dir='ltr'>nec</span> <span class='ocrx_word' id='word_1_201' title='bbox 829 3371 997 3412; x_wconf 86' lang='lat' dir='ltr'>tamen</span> <span class='ocrx_word' id='word_1_202' title='bbox 1019 3363 1193 3426; x_wconf 84' lang='lat' dir='ltr'>perdit</span> <span class='ocrx_word' id='word_1_203' title='bbox 1214 3361 1429 3412; x_wconf 76' lang='lat' dir='ltr'>affectus</span> <span class='ocrx_word' id='word_1_204' title='bbox 1448 3377 1565 3427; x_wconf 89' lang='lat' dir='ltr'>per·</span> 
     </span>
     <span class='ocr_line' id='line_1_40' title="bbox 503 3441 1039 3488; baseline -0.004 0"><span class='ocrx_word' id='word_1_205' title='bbox 503 3453 766 3488; x_wconf 85' lang='lat' dir='ltr'>sonarum.</span> <span class='ocrx_word' id='word_1_206' title='bbox 784 3465 789 3470; x_wconf 91' lang='lat'><em>-</em></span> <span class='ocrx_word' id='word_1_207' title='bbox 802 3441 1039 3488; x_wconf 75' lang='lat' dir='ltr'>Donatus.</span> 
     </span>
    </p>

    <p class='ocr_par' dir='ltr' id='par_1_11' title="bbox 574 3514 1473 3579">
     <span class='ocr_line' id='line_1_41' title="bbox 574 3514 1473 3579; baseline 0.002 -16"><span class='ocrx_word' id='word_1_208' title='bbox 574 3516 641 3564; x_wconf 76' lang='lat' dir='ltr'>Et</span> <span class='ocrx_word' id='word_1_209' title='bbox 661 3521 716 3565; x_wconf 82' lang='lat' dir='ltr'>tu</span> <span class='ocrx_word' id='word_1_210' title='bbox 739 3514 876 3579; x_wconf 82' lang='lat' dir='ltr'>quid]</span> <span class='ocrx_word' id='word_1_211' title='bbox 896 3516 1066 3564; x_wconf 85' lang='lat' dir='ltr'>Deest</span> <span class='ocrx_word' id='word_1_212' title='bbox 1088 3514 1273 3563; x_wconf 79' lang='lat' dir='ltr'>timeas.</span> <span class='ocrx_word' id='word_1_213' title='bbox 1311 3514 1473 3567; x_wconf 83' lang='lat' dir='ltr'>Idem.</span> 
     </span>
    </p>

    <p class='ocr_par' dir='ltr' id='par_1_12' title="bbox 503 3590 1564 3736">
     <span class='ocr_line' id='line_1_42' title="bbox 571 3590 1564 3657; baseline 0 -16"><span class='ocrx_word' id='word_1_214' title='bbox 571 3593 638 3641; x_wconf 76' lang='lat' dir='ltr'>Et</span> <span class='ocrx_word' id='word_1_215' title='bbox 661 3596 712 3641; x_wconf 78' lang='lat' dir='ltr'>tu</span> <span class='ocrx_word' id='word_1_216' title='bbox 733 3592 844 3655; x_wconf 74' lang='lat' dir='ltr'>qaid</span> <span class='ocrx_word' id='word_1_217' title='bbox 860 3591 980 3654; x_wconf 79' lang='lat' dir='ltr'>seio]</span> <span class='ocrx_word' id='word_1_218' title='bbox 1004 3590 1173 3641; x_wconf 86' lang='lat' dir='ltr'>Iidem</span> <span class='ocrx_word' id='word_1_219' title='bbox 1203 3590 1342 3654; x_wconf 82' lang='lat' dir='ltr'>libri,</span> <span class='ocrx_word' id='word_1_220' title='bbox 1369 3597 1416 3641; x_wconf 76' lang='lat' dir='ltr'>et</span> <span class='ocrx_word' id='word_1_221' title='bbox 1449 3593 1564 3657; x_wconf 69' lang='lat' dir='ltr'>quid</span> 
     </span>
     <span class='ocr_line' id='line_1_43' title="bbox 503 3667 1489 3736; baseline -0.002 -19"><span class='ocrx_word' id='word_1_222' title='bbox 503 3674 573 3718; x_wconf 75' lang='lat' dir='ltr'>tta.</span> <span class='ocrx_word' id='word_1_223' title='bbox 611 3667 856 3717; x_wconf 65' lang='lat' dir='ltr'>Faernus.</span> <span class='ocrx_word' id='word_1_224' title='bbox 1485 3732 1489 3736; x_wconf 77' lang='lat'>.</span> 
     </span>
    </p>

    <p class='ocr_par' dir='ltr' id='par_1_13' title="bbox 501 3744 1565 3888">
     <span class='ocr_line' id='line_1_44' title="bbox 506 3744 1565 3809; baseline 0.003 -15"><span class='ocrx_word' id='word_1_225' title='bbox 506 3763 510 3769; x_wconf 94' lang='lat'>·</span> <span class='ocrx_word' id='word_1_226' title='bbox 568 3750 627 3795; x_wconf 89' lang='lat'>11</span> <span class='ocrx_word' id='word_1_227' title='bbox 665 3747 738 3794; x_wconf 78' lang='lat' dir='ltr'>Et</span> <span class='ocrx_word' id='word_1_228' title='bbox 773 3746 826 3796; x_wconf 77' lang='lat' dir='ltr'>id</span> <span class='ocrx_word' id='word_1_229' title='bbox 861 3744 980 3809; x_wconf 81' lang='lat' dir='ltr'>scio]</span> <span class='ocrx_word' id='word_1_230' title='bbox 1016 3744 1098 3796; x_wconf 72' lang='grc' dir='ltr'>Ἐν</span> <span class='ocrx_word' id='word_1_231' title='bbox 1130 3744 1396 3809; x_wconf 65' lang='grc' dir='ltr'><strong><em>ὑποκρίσει.</em></strong></span> <span class='ocrx_word' id='word_1_232' title='bbox 1446 3753 1565 3797; x_wconf 86' lang='lat' dir='ltr'>tan·</span> 
     </span>
     <span class='ocr_line' id='line_1_45' title="bbox 501 3821 1367 3888; baseline 0.002 -17"><span class='ocrx_word' id='word_1_233' title='bbox 501 3836 654 3888; x_wconf 88' lang='lat' dir='ltr'>quam</span> <span class='ocrx_word' id='word_1_234' title='bbox 674 3821 834 3884; x_wconf 86' lang='lat' dir='ltr'>dicat,</span> <span class='ocrx_word' id='word_1_235' title='bbox 855 3822 978 3871; x_wconf 86' lang='lat' dir='ltr'>nihil</span> <span class='ocrx_word' id='word_1_236' title='bbox 1001 3827 1097 3872; x_wconf 91' lang='lat' dir='ltr'>est.</span> <span class='ocrx_word' id='word_1_237' title='bbox 1132 3824 1367 3874; x_wconf 65' lang='lat' dir='ltr'>Donatum.</span> 
     </span>
    </p>

    <p class='ocr_par' dir='ltr' id='par_1_14' title="bbox 567 3899 1538 3963">
     <span class='ocr_line' id='line_1_46' title="bbox 567 3899 1538 3963; baseline 0.002 -14"><span class='ocrx_word' id='word_1_238' title='bbox 567 3900 638 3949; x_wconf 82' lang='lat' dir='ltr'>Et</span> <span class='ocrx_word' id='word_1_239' title='bbox 658 3899 712 3948; x_wconf 75' lang='lat' dir='ltr'>id</span> <span class='ocrx_word' id='word_1_240' title='bbox 730 3899 852 3963; x_wconf 74' lang='lat' dir='ltr'>ecio]</span> <span class='ocrx_word' id='word_1_241' title='bbox 891 3899 1104 3962; x_wconf 75' lang='lat' dir='ltr'>Legitur</span> <span class='ocrx_word' id='word_1_242' title='bbox 1123 3901 1214 3950; x_wconf 81' lang='lat' dir='ltr'>etsi</span> <span class='ocrx_word' id='word_1_243' title='bbox 1233 3901 1344 3950; x_wconf 80' lang='lat' dir='ltr'>scio.</span> <span class='ocrx_word' id='word_1_244' title='bbox 1369 3900 1538 3951; x_wconf 84' lang='lat' dir='ltr'>Idem.</span> 
     </span>
    </p>

    <p class='ocr_par' dir='ltr' id='par_1_15' title="bbox 498 3973 1558 4188">
     <span class='ocr_line' id='line_1_47' title="bbox 566 3973 1558 4040; baseline 0.002 -15"><span class='ocrx_word' id='word_1_245' title='bbox 566 3978 636 4026; x_wconf 81' lang='lat' dir='ltr'>Et</span> <span class='ocrx_word' id='word_1_246' title='bbox 656 3976 709 4025; x_wconf 79' lang='lat' dir='ltr'>id</span> <span class='ocrx_word' id='word_1_247' title='bbox 727 3975 846 4040; x_wconf 79' lang='lat' dir='ltr'>seio]</span> <span class='ocrx_word' id='word_1_248' title='bbox 868 3973 1108 4029; x_wconf 81' lang='lat' dir='ltr'>Affirmat</span> <span class='ocrx_word' id='word_1_249' title='bbox 1132 3978 1372 4027; x_wconf 84' lang='lat' dir='ltr'>Donatus</span> <span class='ocrx_word' id='word_1_250' title='bbox 1400 3978 1558 4028; x_wconf 88' lang='lat' dir='ltr'>etiam</span> 
     </span>
     <span class='ocr_line' id='line_1_48' title="bbox 498 4056 1557 4120; baseline 0.001 -16"><span class='ocrx_word' id='word_1_251' title='bbox 498 4056 605 4120; x_wconf 81' lang='lat' dir='ltr'>legi</span> <span class='ocrx_word' id='word_1_252' title='bbox 635 4060 684 4105; x_wconf 80' lang='lat' dir='ltr'>et</span> <span class='ocrx_word' id='word_1_253' title='bbox 717 4056 764 4105; x_wconf 80' lang='lat' dir='ltr'>si</span> <span class='ocrx_word' id='word_1_254' title='bbox 792 4057 923 4114; x_wconf 81' lang='lat' dir='ltr'>seio,·</span> <span class='ocrx_word' id='word_1_255' title='bbox 953 4060 1010 4105; x_wconf 87' lang='lat' dir='ltr'>et</span> <span class='ocrx_word' id='word_1_256' title='bbox 1048 4057 1122 4105; x_wconf 85' lang='lat' dir='ltr'>ita</span> <span class='ocrx_word' id='word_1_257' title='bbox 1158 4056 1355 4106; x_wconf 87' lang='lat' dir='ltr'>habent</span> <span class='ocrx_word' id='word_1_258' title='bbox 1379 4070 1557 4106; x_wconf 90' lang='lat' dir='ltr'>omnes</span> 
     </span>
     <span class='ocr_line' id='line_1_49' title="bbox 501 4133 1240 4188; baseline -0.005 -3"><span class='ocrx_word' id='word_1_259' title='bbox 501 4136 810 4188; x_wconf 85' lang='lat' dir='ltr'>vetustiores</span> <span class='ocrx_word' id='word_1_260' title='bbox 834 4135 972 4184; x_wconf 82' lang='lat' dir='ltr'>libri.</span> <span class='ocrx_word' id='word_1_261' title='bbox 1007 4133 1240 4184; x_wconf 56' lang='lat' dir='ltr'>Faernus.</span> 
     </span>
    </p>

    <p class='ocr_par' dir='ltr' id='par_1_16' title="bbox 503 4209 1557 4341">
     <span class='ocr_line' id='line_1_50' title="bbox 570 4209 1557 4277; baseline -0.001 -16"><span class='ocrx_word' id='word_1_262' title='bbox 570 4212 751 4277; x_wconf 80' lang='lat' dir='ltr'>Hodie]</span> <span class='ocrx_word' id='word_1_263' title='bbox 791 4209 1017 4275; x_wconf 83' lang='lat' dir='ltr'>Tempus</span> <span class='ocrx_word' id='word_1_264' title='bbox 1057 4210 1282 4274; x_wconf 90' lang='lat' dir='ltr'>addidit,</span> <span class='ocrx_word' id='word_1_265' title='bbox 1311 4218 1557 4276; x_wconf 83' lang='lat' dir='ltr'>tanquam</span> 
     </span>
     <span class='ocr_line' id='line_1_51' title="bbox 503 4288 1089 4341; baseline 0 -4"><span class='ocrx_word' id='word_1_266' title='bbox 503 4301 608 4337; x_wconf 87' lang='lat' dir='ltr'>rem</span> <span class='ocrx_word' id='word_1_267' title='bbox 634 4288 817 4338; x_wconf 76' lang='lat' dir='ltr'>sciens.</span> <span class='ocrx_word' id='word_1_268' title='bbox 851 4288 1089 4341; x_wconf 73' lang='lat' dir='ltr'>Donum.</span> 
     </span>
    </p>
   </div>
   <div class='ocr_carea' id='block_1_5' title="bbox 1219 371 2015 422">
    <p class='ocr_par' dir='ltr' id='par_1_17' title="bbox 1219 371 2015 422">
     <span class='ocr_line' id='line_1_52' title="bbox 1219 371 2015 422; baseline 0.001 -1"><span class='ocrx_word' id='word_1_269' title='bbox 1219 371 1435 421; x_wconf 58' lang='lat' dir='ltr'>NOTA</span> <span class='ocrx_word' id='word_1_270' title='bbox 1485 371 1886 422; x_wconf 63' lang='lat' dir='ltr'>vammum</span> <span class='ocrx_word' id='word_1_271' title='bbox 1937 371 2015 422; x_wconf 79' lang='lat' dir='ltr'>IN</span> 
     </span>
    </p>
   </div>
   <div class='ocr_carea' id='block_1_6' title="bbox 1635 511 2732 4347">
    <p class='ocr_par' dir='ltr' id='par_1_18' title="bbox 1649 511 2710 871">
     <span class='ocr_line' id='line_1_53' title="bbox 1717 511 2707 578; baseline 0.001 -16"><span class='ocrx_word' id='word_1_272' title='bbox 1717 512 1978 578; x_wconf 76' lang='lat' dir='ltr'>Obtandis]</span> <span class='ocrx_word' id='word_1_273' title='bbox 2010 514 2161 578; x_wconf 81' lang='lat' dir='ltr'>Saepe</span> <span class='ocrx_word' id='word_1_274' title='bbox 2199 511 2488 578; x_wconf 85' lang='lat' dir='ltr'>repetendo</span> <span class='ocrx_word' id='word_1_275' title='bbox 2510 511 2707 577; x_wconf 80' lang='lat' dir='ltr'>dicere,</span> 
     </span>
     <span class='ocr_line' id='line_1_54' title="bbox 1649 589 2710 654; baseline 0 -15"><span class='ocrx_word' id='word_1_276' title='bbox 1649 590 1904 642; x_wconf 69' lang='lat' dir='ltr'>obtundere</span> <span class='ocrx_word' id='word_1_277' title='bbox 1959 599 2066 641; x_wconf 81' lang='lat' dir='ltr'>est:</span> <span class='ocrx_word' id='word_1_278' title='bbox 2124 590 2399 641; x_wconf 75' lang='lat' dir='ltr'>translatio</span> <span class='ocrx_word' id='word_1_279' title='bbox 2442 605 2474 640; x_wconf 96' lang='lat' dir='ltr'>a</span> <span class='ocrx_word' id='word_1_280' title='bbox 2528 589 2710 654; x_wconf 83' lang='lat' dir='ltr'>fabris,</span> 
     </span>
     <span class='ocr_line' id='line_1_55' title="bbox 1650 666 2708 732; baseline -0.001 -15"><span class='ocrx_word' id='word_1_281' title='bbox 1650 668 1735 731; x_wconf 88' lang='lat' dir='ltr'>qui</span> <span class='ocrx_word' id='word_1_282' title='bbox 1761 683 1904 732; x_wconf 55' lang='lat' dir='ltr'>saepe</span> <span class='ocrx_word' id='word_1_283' title='bbox 1940 675 2187 732; x_wconf 87' lang='lat' dir='ltr'>repetunt</span> <span class='ocrx_word' id='word_1_284' title='bbox 2210 666 2477 718; x_wconf 83' lang='lat' dir='ltr'>tundendo</span> <span class='ocrx_word' id='word_1_285' title='bbox 2510 666 2708 731; x_wconf 84' lang='lat' dir='ltr'>aliquid</span> 
     </span>
     <span class='ocr_line' id='line_1_56' title="bbox 1649 743 2710 806; baseline 0.001 -13"><span class='ocrx_word' id='word_1_286' title='bbox 1649 745 1859 806; x_wconf 84' lang='lat' dir='ltr'>malleo,</span> <span class='ocrx_word' id='word_1_287' title='bbox 1884 756 1938 795; x_wconf 86' lang='lat' dir='ltr'>et</span> <span class='ocrx_word' id='word_1_288' title='bbox 1960 745 2094 795; x_wconf 88' lang='lat' dir='ltr'>idem</span> <span class='ocrx_word' id='word_1_289' title='bbox 2129 744 2429 795; x_wconf 87' lang='lat' dir='ltr'>obtundunt</span> <span class='ocrx_word' id='word_1_290' title='bbox 2461 749 2515 793; x_wconf 86' lang='lat' dir='ltr'>et</span> <span class='ocrx_word' id='word_1_291' title='bbox 2550 743 2710 794; x_wconf 82' lang='lat' dir='ltr'>bebe-</span> 
     </span>
     <span class='ocr_line' id='line_1_57' title="bbox 1651 821 1966 871; baseline 0 0"><span class='ocrx_word' id='word_1_292' title='bbox 1651 827 1782 871; x_wconf 90' lang='lat' dir='ltr'>tant.</span> <span class='ocrx_word' id='word_1_293' title='bbox 1818 821 1966 871; x_wconf 86' lang='lat' dir='ltr'>Idem.</span> 
     </span>
    </p>

    <p class='ocr_par' dir='ltr' id='par_1_19' title="bbox 1648 895 2711 1116">
     <span class='ocr_line' id='line_1_58' title="bbox 1720 895 2711 961; baseline 0 -15"><span class='ocrx_word' id='word_1_294' title='bbox 1720 897 1976 959; x_wconf 78' lang='lat' dir='ltr'>Obtundir,</span> <span class='ocrx_word' id='word_1_295' title='bbox 1990 897 2207 961; x_wconf 79' lang='lat' dir='ltr'>tametsi]</span> <span class='ocrx_word' id='word_1_296' title='bbox 2229 898 2419 948; x_wconf 90' lang='lat' dir='ltr'>Potest</span> <span class='ocrx_word' id='word_1_297' title='bbox 2454 910 2569 946; x_wconf 81' lang='lat' dir='ltr'>esse</span> <span class='ocrx_word' id='word_1_298' title='bbox 2598 895 2711 946; x_wconf 71' lang='lat' dir='ltr'>dua·</span> 
     </span>
     <span class='ocr_line' id='line_1_59' title="bbox 1648 972 2711 1037; baseline -0.001 -14"><span class='ocrx_word' id='word_1_299' title='bbox 1648 973 1865 1037; x_wconf 71' lang='grc' dir='ltr'><strong><em>προφήε</em></strong></span> <span class='ocrx_word' id='word_1_300' title='bbox 1903 974 1997 1024; x_wconf 85' lang='lat' dir='ltr'>sed</span> <span class='ocrx_word' id='word_1_301' title='bbox 2032 974 2282 1025; x_wconf 85' lang='lat' dir='ltr'>sincerius</span> <span class='ocrx_word' id='word_1_302' title='bbox 2318 981 2401 1022; x_wconf 85' lang='lat' dir='ltr'>est</span> <span class='ocrx_word' id='word_1_303' title='bbox 2435 981 2493 1023; x_wconf 87' lang='lat' dir='ltr'>et</span> <span class='ocrx_word' id='word_1_304' title='bbox 2525 972 2711 1024; x_wconf 82' lang='lat' dir='ltr'>melius</span> 
     </span>
     <span class='ocr_line' id='line_1_60' title="bbox 1650 1052 2308 1116; baseline 0.003 -15"><span class='ocrx_word' id='word_1_305' title='bbox 1650 1052 2095 1116; x_wconf 73' lang='lat' dir='ltr'>subdistinguere.</span> <span class='ocrx_word' id='word_1_306' title='bbox 2137 1052 2308 1105; x_wconf 72' lang='lat' dir='ltr'>Idem.⁴</span> 
     </span>
    </p>

    <p class='ocr_par' dir='ltr' id='par_1_20' title="bbox 1646 1126 2713 1659">
     <span class='ocr_line' id='line_1_61' title="bbox 1718 1126 2712 1191; baseline 0.003 -13"><span class='ocrx_word' id='word_1_307' title='bbox 1718 1129 1974 1191; x_wconf 74' lang='lat' dir='ltr'>Obtaadis,</span> <span class='ocrx_word' id='word_1_308' title='bbox 2018 1129 2207 1178; x_wconf 77' lang='lat' dir='ltr'>tametsi</span> <span class='ocrx_word' id='word_1_309' title='bbox 2240 1126 2481 1191; x_wconf 73' lang='lat' dir='ltr'>intelligo]</span> <span class='ocrx_word' id='word_1_310' title='bbox 2510 1127 2712 1181; x_wconf 72' lang='lat' dir='ltr'>Eadem</span> 
     </span>
     <span class='ocr_line' id='line_1_62' title="bbox 1646 1204 2713 1270; baseline -0.002 -14"><span class='ocrx_word' id='word_1_311' title='bbox 1646 1206 1840 1270; x_wconf 66' lang='lat' dir='ltr'>sepius</span> <span class='ocrx_word' id='word_1_312' title='bbox 1864 1206 2157 1269; x_wconf 86' lang='lat' dir='ltr'>repetendo</span> <span class='ocrx_word' id='word_1_313' title='bbox 2188 1204 2312 1254; x_wconf 88' lang='lat' dir='ltr'>mibi</span> <span class='ocrx_word' id='word_1_314' title='bbox 2347 1218 2500 1254; x_wconf 85' lang='lat' dir='ltr'>aures</span> <span class='ocrx_word' id='word_1_315' title='bbox 2524 1204 2713 1257; x_wconf 81' lang='lat' dir='ltr'>obtun-</span> 
     </span>
     <span class='ocr_line' id='line_1_63' title="bbox 1648 1281 2712 1347; baseline 0.001 -15"><span class='ocrx_word' id='word_1_316' title='bbox 1648 1282 1759 1344; x_wconf 78' lang='lat' dir='ltr'>dis3</span> <span class='ocrx_word' id='word_1_317' title='bbox 1799 1282 2107 1347; x_wconf 75' lang='lat' dir='ltr'>metaphora</span> <span class='ocrx_word' id='word_1_318' title='bbox 2128 1296 2159 1332; x_wconf 91' lang='lat' dir='ltr'>a</span> <span class='ocrx_word' id='word_1_319' title='bbox 2179 1281 2441 1347; x_wconf 86' lang='lat' dir='ltr'>pugilibus</span> <span class='ocrx_word' id='word_1_320' title='bbox 2475 1281 2564 1347; x_wconf 87' lang='lat' dir='ltr'>qui</span> <span class='ocrx_word' id='word_1_321' title='bbox 2599 1295 2712 1333; x_wconf 69' lang='lat' dir='ltr'>cre·</span> 
     </span>
     <span class='ocr_line' id='line_1_64' title="bbox 1648 1358 2713 1424; baseline 0.001 -16"><span class='ocrx_word' id='word_1_322' title='bbox 1648 1358 1758 1409; x_wconf 86' lang='lat' dir='ltr'>bris</span> <span class='ocrx_word' id='word_1_323' title='bbox 1781 1365 2015 1409; x_wconf 85' lang='lat' dir='ltr'>cestuum</span> <span class='ocrx_word' id='word_1_324' title='bbox 2035 1359 2225 1409; x_wconf 87' lang='lat' dir='ltr'>ictibus</span> <span class='ocrx_word' id='word_1_325' title='bbox 2246 1358 2713 1424; x_wconf 73' lang='lat' dir='ltr'>Antagonistarnm</span> 
     </span>
     <span class='ocr_line' id='line_1_65' title="bbox 1649 1437 2713 1502; baseline -0.003 -10"><span class='ocrx_word' id='word_1_326' title='bbox 1649 1455 1802 1492; x_wconf 86' lang='lat' dir='ltr'>aures</span> <span class='ocrx_word' id='word_1_327' title='bbox 1821 1438 2137 1502; x_wconf 88' lang='lat' dir='ltr'>obtundunt,</span> <span class='ocrx_word' id='word_1_328' title='bbox 2170 1441 2250 1490; x_wconf 80' lang='lat' dir='ltr'>vel</span> <span class='ocrx_word' id='word_1_329' title='bbox 2284 1441 2445 1490; x_wconf 89' lang='lat' dir='ltr'>etiam</span> <span class='ocrx_word' id='word_1_330' title='bbox 2485 1455 2516 1489; x_wconf 89' lang='lat' dir='ltr'>a</span> <span class='ocrx_word' id='word_1_331' title='bbox 2546 1437 2713 1490; x_wconf 83' lang='lat' dir='ltr'>fabris</span> 
     </span>
     <span class='ocr_line' id='line_1_66' title="bbox 1647 1516 2713 1583; baseline 0 -15"><span class='ocrx_word' id='word_1_332' title='bbox 1647 1518 1734 1583; x_wconf 81' lang='lat' dir='ltr'>qui</span> <span class='ocrx_word' id='word_1_333' title='bbox 1755 1517 1948 1567; x_wconf 83' lang='lat' dir='ltr'>ferrum</span> <span class='ocrx_word' id='word_1_334' title='bbox 1972 1518 2170 1567; x_wconf 87' lang='lat' dir='ltr'>malleis</span> <span class='ocrx_word' id='word_1_335' title='bbox 2187 1517 2417 1568; x_wconf 89' lang='lat' dir='ltr'>tundunt</span> <span class='ocrx_word' id='word_1_336' title='bbox 2435 1516 2713 1568; x_wconf 79' lang='lat' dir='ltr'>hebetant·</span> 
     </span>
     <span class='ocr_line' id='line_1_67' title="bbox 1649 1592 2546 1659; baseline 0 -16"><span class='ocrx_word' id='word_1_337' title='bbox 1649 1607 1767 1659; x_wconf 79' lang='lat' dir='ltr'>que.</span> <span class='ocrx_word' id='word_1_338' title='bbox 1807 1592 2089 1643; x_wconf 56' lang='lat' dir='ltr'>barnabins.</span> <span class='ocrx_word' id='word_1_339' title='bbox 2534 1620 2546 1637; x_wconf 87' lang='lat'>.</span> 
     </span>
    </p>

    <p class='ocr_par' dir='ltr' id='par_1_21' title="bbox 1643 1670 2708 1873">
     <span class='ocr_line' id='line_1_68' title="bbox 1711 1670 2708 1735; baseline 0.001 -15"><span class='ocrx_word' id='word_1_340' title='bbox 1711 1675 1775 1721; x_wconf 75' lang='lat'>12</span> <span class='ocrx_word' id='word_1_341' title='bbox 1807 1671 1870 1720; x_wconf 84' lang='lat' dir='ltr'>Id</span> <span class='ocrx_word' id='word_1_342' title='bbox 1905 1671 2068 1735; x_wconf 75' lang='lat' dir='ltr'>paves]</span> <span class='ocrx_word' id='word_1_343' title='bbox 2103 1672 2272 1720; x_wconf 86' lang='lat' dir='ltr'>Deest</span> <span class='ocrx_word' id='word_1_344' title='bbox 2314 1670 2390 1734; x_wconf 77' lang='lat' dir='ltr'>ob,</span> <span class='ocrx_word' id='word_1_345' title='bbox 2427 1676 2487 1720; x_wconf 90' lang='lat' dir='ltr'>nt</span> <span class='ocrx_word' id='word_1_346' title='bbox 2527 1670 2617 1735; x_wconf 83' lang='lat' dir='ltr'>sit,</span> <span class='ocrx_word' id='word_1_347' title='bbox 2648 1671 2708 1721; x_wconf 75' lang='lat' dir='ltr'>ob</span> 
     </span>
     <span class='ocr_line' id='line_1_69' title="bbox 1643 1746 2708 1813; baseline 0.002 -17"><span class='ocrx_word' id='word_1_348' title='bbox 1643 1747 1696 1796; x_wconf 78' lang='lat' dir='ltr'>id</span> <span class='ocrx_word' id='word_1_349' title='bbox 1713 1763 1729 1796; x_wconf 90' lang='lat'>.·</span> <span class='ocrx_word' id='word_1_350' title='bbox 1747 1747 2037 1813; x_wconf 74' lang='lat' dir='ltr'>hocautem</span> <span class='ocrx_word' id='word_1_351' title='bbox 2064 1747 2335 1811; x_wconf 87' lang='lat' dir='ltr'>Pamphilo</span> <span class='ocrx_word' id='word_1_352' title='bbox 2357 1746 2503 1797; x_wconf 89' lang='lat' dir='ltr'>dicit.</span> <span class='ocrx_word' id='word_1_353' title='bbox 2538 1747 2708 1798; x_wconf 73' lang='lat' dir='ltr'>Dm·</span> 
     </span>
     <span class='ocr_line' id='line_1_70' title="bbox 1646 1828 1741 1873; baseline -0.011 0"><span class='ocrx_word' id='word_1_354' title='bbox 1646 1828 1741 1873; x_wconf 78' lang='lat' dir='ltr'>tus.</span> 
     </span>
    </p>

    <p class='ocr_par' dir='ltr' id='par_1_22' title="bbox 1645 1899 2708 2044">
     <span class='ocr_line' id='line_1_71' title="bbox 1710 1899 2708 1964; baseline 0.001 -15"><span class='ocrx_word' id='word_1_355' title='bbox 1710 1900 1782 1950; x_wconf 78' lang='lat' dir='ltr'>Tu</span> <span class='ocrx_word' id='word_1_356' title='bbox 1803 1905 1979 1961; x_wconf 82' lang='lat' dir='ltr'>autem,</span> <span class='ocrx_word' id='word_1_357' title='bbox 2000 1904 2055 1949; x_wconf 71' lang='lat' dir='ltr'>ut</span> <span class='ocrx_word' id='word_1_358' title='bbox 2073 1899 2240 1964; x_wconf 66' lang='lat' dir='ltr'>duas]</span> <span class='ocrx_word' id='word_1_359' title='bbox 2266 1901 2392 1961; x_wconf 89' lang='lat' dir='ltr'>Pro,</span> <span class='ocrx_word' id='word_1_360' title='bbox 2415 1914 2481 1949; x_wconf 84' lang='lat' dir='ltr'>ne</span> <span class='ocrx_word' id='word_1_361' title='bbox 2504 1914 2629 1964; x_wconf 85' lang='lat' dir='ltr'>non,</span> <span class='ocrx_word' id='word_1_362' title='bbox 2650 1906 2708 1950; x_wconf 75' lang='lat' dir='ltr'>ut</span> 
     </span>
     <span class='ocr_line' id='line_1_72' title="bbox 1645 1979 2474 2044; baseline 0 -16"><span class='ocrx_word' id='word_1_363' title='bbox 1645 1980 1838 2044; x_wconf 88' lang='lat' dir='ltr'>posuit.</span> <span class='ocrx_word' id='word_1_364' title='bbox 1904 1980 2021 2029; x_wconf 85' lang='lat' dir='ltr'>Hoc</span> <span class='ocrx_word' id='word_1_365' title='bbox 2044 1979 2291 2030; x_wconf 82' lang='lat' dir='ltr'>Charino.</span> <span class='ocrx_word' id='word_1_366' title='bbox 2325 1980 2474 2029; x_wconf 77' lang='lat' dir='ltr'>Idm.</span> 
     </span>
    </p>

    <p class='ocr_par' dir='ltr' id='par_1_23' title="bbox 1644 2054 2712 2339">
     <span class='ocr_line' id='line_1_73' title="bbox 1712 2054 2705 2121; baseline 0.001 -16"><span class='ocrx_word' id='word_1_367' title='bbox 1712 2059 1773 2105; x_wconf 74' lang='lat'>13</span> <span class='ocrx_word' id='word_1_368' title='bbox 1809 2055 1966 2119; x_wconf 69' lang='lat' dir='ltr'>Atque</span> <span class='ocrx_word' id='word_1_369' title='bbox 2000 2055 2124 2104; x_wconf 75' lang='lat' dir='ltr'>istuc</span> <span class='ocrx_word' id='word_1_370' title='bbox 2139 2056 2317 2120; x_wconf 78' lang='lat' dir='ltr'>ipsum]</span> <span class='ocrx_word' id='word_1_371' title='bbox 2356 2056 2435 2105; x_wconf 79' lang='grc' dir='ltr'>Ἐν</span> <span class='ocrx_word' id='word_1_372' title='bbox 2450 2054 2705 2121; x_wconf 72' lang='grc' dir='ltr'><strong><em>ὑποκρίσει.</em></strong></span> 
     </span>
     <span class='ocr_line' id='line_1_74' title="bbox 1647 2130 2710 2203; baseline 0.002 -23"><span class='ocrx_word' id='word_1_373' title='bbox 1647 2130 1744 2181; x_wconf 81' lang='lat' dir='ltr'>Ille</span> <span class='ocrx_word' id='word_1_374' title='bbox 1766 2132 1900 2182; x_wconf 90' lang='lat' dir='ltr'>enim</span> <span class='ocrx_word' id='word_1_375' title='bbox 1927 2133 2021 2181; x_wconf 86' lang='lat' dir='ltr'>hoc</span> <span class='ocrx_word' id='word_1_376' title='bbox 2059 2133 2197 2203; x_wconf 81' lang='lat' dir='ltr'>idem</span> <span class='ocrx_word' id='word_1_377' title='bbox 2239 2132 2444 2183; x_wconf 82' lang='lat' dir='ltr'>dixerat</span> <span class='ocrx_word' id='word_1_378' title='bbox 2477 2145 2593 2182; x_wconf 88' lang='lat' dir='ltr'>cum</span> <span class='ocrx_word' id='word_1_379' title='bbox 2619 2147 2710 2182; x_wconf 81' lang='lat' dir='ltr'>ex·</span> 
     </span>
     <span class='ocr_line' id='line_1_75' title="bbox 1644 2210 2712 2276; baseline 0.001 -17"><span class='ocrx_word' id='word_1_380' title='bbox 1644 2210 1982 2260; x_wconf 86' lang='lat' dir='ltr'>clamatione:</span> <span class='ocrx_word' id='word_1_381' title='bbox 2024 2211 2162 2276; x_wconf 84' lang='lat' dir='ltr'>quod</span> <span class='ocrx_word' id='word_1_382' title='bbox 2198 2211 2342 2276; x_wconf 83' lang='lat' dir='ltr'>quasi</span> <span class='ocrx_word' id='word_1_383' title='bbox 2380 2225 2570 2261; x_wconf 89' lang='lat' dir='ltr'>vanum</span> <span class='ocrx_word' id='word_1_384' title='bbox 2588 2225 2712 2260; x_wconf 79' lang='lat' dir='ltr'>corr-</span> 
     </span>
     <span class='ocr_line' id='line_1_76' title="bbox 1649 2290 2032 2339; baseline -0.003 -1"><span class='ocrx_word' id='word_1_385' title='bbox 1649 2290 1849 2339; x_wconf 87' lang='lat' dir='ltr'>temnit.</span> <span class='ocrx_word' id='word_1_386' title='bbox 1883 2290 2032 2339; x_wconf 83' lang='lat' dir='ltr'>Idem.</span> 
     </span>
    </p>

    <p class='ocr_par' dir='ltr' id='par_1_24' title="bbox 1644 2365 2714 2584">
     <span class='ocr_line' id='line_1_77' title="bbox 1710 2365 2714 2430; baseline 0.001 -17"><span class='ocrx_word' id='word_1_387' title='bbox 1710 2366 1798 2415; x_wconf 88' lang='lat' dir='ltr'>Me</span> <span class='ocrx_word' id='word_1_388' title='bbox 1840 2366 1969 2430; x_wconf 80' lang='lat' dir='ltr'>vide]</span> <span class='ocrx_word' id='word_1_389' title='bbox 2004 2367 2212 2426; x_wconf 88' lang='lat' dir='ltr'>Utrum,</span> <span class='ocrx_word' id='word_1_390' title='bbox 2247 2365 2402 2415; x_wconf 78' lang='lat' dir='ltr'>laetus</span> <span class='ocrx_word' id='word_1_391' title='bbox 2439 2365 2589 2414; x_wconf 79' lang='lat' dir='ltr'>sum?</span> <span class='ocrx_word' id='word_1_392' title='bbox 2624 2378 2714 2429; x_wconf 85' lang='lat' dir='ltr'>an,</span> 
     </span>
     <span class='ocr_line' id='line_1_78' title="bbox 1644 2441 2710 2507; baseline 0.002 -16"><span class='ocrx_word' id='word_1_393' title='bbox 1644 2455 1728 2491; x_wconf 86' lang='lat' dir='ltr'>me</span> <span class='ocrx_word' id='word_1_394' title='bbox 1752 2450 1938 2507; x_wconf 86' lang='lat' dir='ltr'>specta</span> <span class='ocrx_word' id='word_1_395' title='bbox 1959 2441 2080 2492; x_wconf 85' lang='lat' dir='ltr'>tidei</span> <span class='ocrx_word' id='word_1_396' title='bbox 2115 2442 2387 2493; x_wconf 84' lang='lat' dir='ltr'>datorem?</span> <span class='ocrx_word' id='word_1_397' title='bbox 2423 2451 2485 2493; x_wconf 90' lang='lat' dir='ltr'>ut</span> <span class='ocrx_word' id='word_1_398' title='bbox 2501 2441 2605 2493; x_wconf 87' lang='lat' dir='ltr'>dici</span> <span class='ocrx_word' id='word_1_399' title='bbox 2629 2455 2710 2492; x_wconf 85' lang='lat' dir='ltr'>so·</span> 
     </span>
     <span class='ocr_line' id='line_1_79' title="bbox 1646 2519 2600 2584; baseline 0 -17"><span class='ocrx_word' id='word_1_400' title='bbox 1646 2519 1737 2580; x_wconf 87' lang='lat' dir='ltr'>let,</span> <span class='ocrx_word' id='word_1_401' title='bbox 1755 2534 1828 2568; x_wconf 85' lang='lat' dir='ltr'>me</span> <span class='ocrx_word' id='word_1_402' title='bbox 1848 2519 1983 2580; x_wconf 73' lang='lat' dir='ltr'>habe,</span> <span class='ocrx_word' id='word_1_403' title='bbox 2004 2535 2077 2569; x_wconf 86' lang='lat' dir='ltr'>me</span> <span class='ocrx_word' id='word_1_404' title='bbox 2096 2521 2289 2583; x_wconf 79' lang='lat' dir='ltr'>respice.</span> <span class='ocrx_word' id='word_1_405' title='bbox 2323 2519 2491 2569; x_wconf 88' lang='lat' dir='ltr'>Idem.</span> <span class='ocrx_word' id='word_1_406' title='bbox 2526 2559 2529 2566; x_wconf 84' lang='lat'>.</span> <span class='ocrx_word' id='word_1_407' title='bbox 2595 2580 2600 2584; x_wconf 24' lang='lat'>⁸</span> 
     </span>
    </p>

    <p class='ocr_par' dir='ltr' id='par_1_25' title="bbox 1643 2594 2710 2739">
     <span class='ocr_line' id='line_1_80' title="bbox 1708 2594 2710 2660; baseline 0.003 -16"><span class='ocrx_word' id='word_1_408' title='bbox 1708 2597 1796 2645; x_wconf 89' lang='lat' dir='ltr'>Me</span> <span class='ocrx_word' id='word_1_409' title='bbox 1814 2596 1947 2660; x_wconf 79' lang='lat' dir='ltr'>vide]</span> <span class='ocrx_word' id='word_1_410' title='bbox 1970 2598 2060 2647; x_wconf 87' lang='lat' dir='ltr'>Me</span> <span class='ocrx_word' id='word_1_411' title='bbox 2084 2597 2308 2660; x_wconf 83' lang='lat' dir='ltr'>respice,</span> <span class='ocrx_word' id='word_1_412' title='bbox 2328 2611 2360 2645; x_wconf 89' lang='lat' dir='ltr'>a</span> <span class='ocrx_word' id='word_1_413' title='bbox 2378 2610 2460 2645; x_wconf 87' lang='lat' dir='ltr'>me</span> <span class='ocrx_word' id='word_1_414' title='bbox 2482 2594 2710 2647; x_wconf 81' lang='lat' dir='ltr'>salutem</span> 
     </span>
     <span class='ocr_line' id='line_1_81' title="bbox 1643 2666 2236 2739; baseline -0.002 -16"><span class='ocrx_word' id='word_1_415' title='bbox 1643 2666 1911 2739; x_wconf 75' lang='lat' dir='ltr'>exspecta.</span> <span class='ocrx_word' id='word_1_416' title='bbox 1947 2674 2236 2726; x_wconf 64' lang='lat' dir='ltr'>Farnobium.</span> 
     </span>
    </p>

    <p class='ocr_par' dir='ltr' id='par_1_26' title="bbox 1642 2747 2711 2967">
     <span class='ocr_line' id='line_1_82' title="bbox 1710 2747 2710 2815; baseline -0.003 -14"><span class='ocrx_word' id='word_1_417' title='bbox 1710 2755 1768 2801; x_wconf 89' lang='lat'>11</span> <span class='ocrx_word' id='word_1_418' title='bbox 1826 2752 2027 2801; x_wconf 82' lang='lat' dir='ltr'>Obsecro</span> <span class='ocrx_word' id='word_1_419' title='bbox 2065 2757 2133 2811; x_wconf 84' lang='lat' dir='ltr'>te,</span> <span class='ocrx_word' id='word_1_420' title='bbox 2168 2747 2511 2815; x_wconf 73' lang='lat' dir='ltr'>quamprimum</span> <span class='ocrx_word' id='word_1_421' title='bbox 2540 2762 2615 2798; x_wconf 80' lang='lat' dir='ltr'>me</span> <span class='ocrx_word' id='word_1_422' title='bbox 2647 2748 2710 2798; x_wconf 74' lang='lat' dir='ltr'>lt·-</span> 
     </span>
     <span class='ocr_line' id='line_1_83' title="bbox 1642 2824 2711 2888; baseline -0.002 -12"><span class='ocrx_word' id='word_1_423' title='bbox 1642 2824 1753 2876; x_wconf 76' lang='lat' dir='ltr'>bera</span> <span class='ocrx_word' id='word_1_424' title='bbox 1777 2826 1999 2876; x_wconf 65' lang='lat' dir='ltr'>miserum</span> <span class='ocrx_word' id='word_1_425' title='bbox 2029 2824 2179 2888; x_wconf 70' lang='lat' dir='ltr'>vieta]</span> <span class='ocrx_word' id='word_1_426' title='bbox 2228 2825 2357 2875; x_wconf 85' lang='lat' dir='ltr'>Cum</span> <span class='ocrx_word' id='word_1_427' title='bbox 2383 2824 2629 2888; x_wconf 88' lang='lat' dir='ltr'>precibus</span> <span class='ocrx_word' id='word_1_428' title='bbox 2651 2829 2711 2874; x_wconf 88' lang='lat' dir='ltr'>et</span> 
     </span>
     <span class='ocr_line' id='line_1_84' title="bbox 1642 2899 2711 2967; baseline -0.004 -14"><span class='ocrx_word' id='word_1_429' title='bbox 1642 2910 1848 2967; x_wconf 90' lang='lat' dir='ltr'>tempus</span> <span class='ocrx_word' id='word_1_430' title='bbox 1889 2903 2183 2952; x_wconf 86' lang='lat' dir='ltr'>admiscuit.</span> <span class='ocrx_word' id='word_1_431' title='bbox 2250 2902 2322 2950; x_wconf 87' lang='lat' dir='ltr'>Et</span> <span class='ocrx_word' id='word_1_432' title='bbox 2363 2900 2497 2948; x_wconf 87' lang='lat' dir='ltr'>bene</span> <span class='ocrx_word' id='word_1_433' title='bbox 2540 2899 2711 2963; x_wconf 75' lang='lat' dir='ltr'>libera,</span> 
     </span>
    </p>

    <p class='ocr_par' dir='ltr' id='par_1_27' title="bbox 1647 2975 2710 3108">
     <span class='ocr_line' id='line_1_85' title="bbox 1664 2975 2710 3043; baseline -0.001 -16"><span class='ocrx_word' id='word_1_434' title='bbox 1664 2976 1906 3043; x_wconf 84' lang='lat' dir='ltr'>perfecta</span> <span class='ocrx_word' id='word_1_435' title='bbox 1937 2979 2073 3027; x_wconf 88' lang='lat' dir='ltr'>enim</span> <span class='ocrx_word' id='word_1_436' title='bbox 2109 2976 2362 3026; x_wconf 85' lang='lat' dir='ltr'>securitas</span> <span class='ocrx_word' id='word_1_437' title='bbox 2382 2975 2600 3025; x_wconf 73' lang='lat' dir='ltr'>liberatio</span> <span class='ocrx_word' id='word_1_438' title='bbox 2622 2990 2710 3026; x_wconf 86' lang='lat' dir='ltr'>no·</span> 
     </span>
     <span class='ocr_line' id='line_1_86' title="bbox 1647 3057 2548 3108; baseline -0.004 -2"><span class='ocrx_word' id='word_1_439' title='bbox 1647 3058 1888 3108; x_wconf 86' lang='lat' dir='ltr'>minatur.</span> <span class='ocrx_word' id='word_1_440' title='bbox 1925 3057 2162 3106; x_wconf 75' lang='lat' dir='ltr'>Donatus.</span> <span class='ocrx_word' id='word_1_441' title='bbox 2547 3071 2548 3074; x_wconf 45' lang='lat'>¹</span> 
     </span>
    </p>

    <p class='ocr_par' dir='ltr' id='par_1_28' title="bbox 1642 3130 2710 3260">
     <span class='ocr_line' id='line_1_87' title="bbox 1714 3130 2710 3196; baseline -0.001 -14"><span class='ocrx_word' id='word_1_442' title='bbox 1714 3133 1864 3196; x_wconf 84' lang='lat' dir='ltr'>Hem]</span> <span class='ocrx_word' id='word_1_443' title='bbox 1889 3135 2066 3183; x_wconf 83' lang='lat' dir='ltr'>Ecce:</span> <span class='ocrx_word' id='word_1_444' title='bbox 2100 3130 2479 3185; x_wconf 80' lang='lat' dir='ltr'>demonstratio</span> <span class='ocrx_word' id='word_1_445' title='bbox 2497 3138 2580 3181; x_wconf 85' lang='lat' dir='ltr'>est</span> <span class='ocrx_word' id='word_1_446' title='bbox 2601 3130 2710 3182; x_wconf 83' lang='lat' dir='ltr'>fac·</span> 
     </span>
     <span class='ocr_line' id='line_1_88' title="bbox 1642 3209 1894 3260; baseline 0.004 -1"><span class='ocrx_word' id='word_1_447' title='bbox 1642 3209 1702 3259; x_wconf 80' lang='lat' dir='ltr'>ti.</span> <span class='ocrx_word' id='word_1_448' title='bbox 1739 3211 1894 3260; x_wconf 82' lang='lat' dir='ltr'>Idem.</span> 
     </span>
    </p>

    <p class='ocr_par' dir='ltr' id='par_1_29' title="bbox 1641 3284 2712 3500">
     <span class='ocr_line' id='line_1_89' title="bbox 1711 3284 2712 3350; baseline -0.002 -14"><span class='ocrx_word' id='word_1_449' title='bbox 1711 3291 1771 3336; x_wconf 83' lang='lat'>15</span> <span class='ocrx_word' id='word_1_450' title='bbox 1802 3288 2010 3336; x_wconf 74' lang='lat' dir='ltr'>Uxorem</span> <span class='ocrx_word' id='word_1_451' title='bbox 2032 3284 2125 3335; x_wconf 67' lang='lat' dir='ltr'>tibi</span> <span class='ocrx_word' id='word_1_452' title='bbox 2139 3301 2232 3335; x_wconf 75' lang='lat' dir='ltr'>aon</span> <span class='ocrx_word' id='word_1_453' title='bbox 2250 3285 2446 3346; x_wconf 75' lang='lat' dir='ltr'>datjum</span> <span class='ocrx_word' id='word_1_454' title='bbox 2465 3284 2712 3350; x_wconf 69' lang='lat' dir='ltr'>Chremes]</span> 
     </span>
     <span class='ocr_line' id='line_1_90' title="bbox 1645 3362 2711 3427; baseline 0.001 -16"><span class='ocrx_word' id='word_1_455' title='bbox 1645 3362 1896 3412; x_wconf 82' lang='lat' dir='ltr'>oratorie</span> <span class='ocrx_word' id='word_1_456' title='bbox 1921 3378 1951 3411; x_wconf 89' lang='lat' dir='ltr'>a</span> <span class='ocrx_word' id='word_1_457' title='bbox 1970 3377 2169 3412; x_wconf 90' lang='lat' dir='ltr'>summa</span> <span class='ocrx_word' id='word_1_458' title='bbox 2189 3363 2379 3426; x_wconf 84' lang='lat' dir='ltr'>coepit:</span> <span class='ocrx_word' id='word_1_459' title='bbox 2416 3363 2570 3426; x_wconf 81' lang='lat' dir='ltr'>cujus</span> <span class='ocrx_word' id='word_1_460' title='bbox 2591 3376 2711 3427; x_wconf 85' lang='lat' dir='ltr'>par·</span> 
     </span>
     <span class='ocr_line' id='line_1_91' title="bbox 1641 3437 2406 3500; baseline -0.001 -13"><span class='ocrx_word' id='word_1_461' title='bbox 1641 3444 1742 3500; x_wconf 87' lang='lat' dir='ltr'>tes,</span> <span class='ocrx_word' id='word_1_462' title='bbox 1768 3438 1940 3487; x_wconf 85' lang='lat' dir='ltr'>multis</span> <span class='ocrx_word' id='word_1_463' title='bbox 1963 3437 2220 3487; x_wconf 85' lang='lat' dir='ltr'>dicentur.</span> <span class='ocrx_word' id='word_1_464' title='bbox 2257 3438 2406 3486; x_wconf 83' lang='lat' dir='ltr'>Idem.</span> 
     </span>
    </p>

    <p class='ocr_par' dir='ltr' id='par_1_30' title="bbox 1637 3514 2732 3963">
     <span class='ocr_line' id='line_1_92' title="bbox 1703 3514 2711 3579; baseline 0.003 -17"><span class='ocrx_word' id='word_1_465' title='bbox 1703 3515 1821 3563; x_wconf 84' lang='lat' dir='ltr'>Jam</span> <span class='ocrx_word' id='word_1_466' title='bbox 1857 3530 1951 3564; x_wconf 73' lang='lat' dir='ltr'>aon</span> <span class='ocrx_word' id='word_1_467' title='bbox 1988 3514 2095 3578; x_wconf 81' lang='lat' dir='ltr'>dat]</span> <span class='ocrx_word' id='word_1_468' title='bbox 2134 3516 2282 3564; x_wconf 88' lang='lat' dir='ltr'>Bene</span> <span class='ocrx_word' id='word_1_469' title='bbox 2310 3514 2448 3576; x_wconf 74' lang='lat' dir='ltr'>jum.-</span> <span class='ocrx_word' id='word_1_470' title='bbox 2485 3515 2625 3579; x_wconf 89' lang='lat' dir='ltr'>quod</span> <span class='ocrx_word' id='word_1_471' title='bbox 2664 3514 2711 3565; x_wconf 87' lang='lat' dir='ltr'>si</span> 
     </span>
     <span class='ocr_line' id='line_1_93' title="bbox 1640 3592 2713 3659; baseline 0.004 -19"><span class='ocrx_word' id='word_1_472' title='bbox 1640 3605 1740 3641; x_wconf 91' lang='lat' dir='ltr'>nou</span> <span class='ocrx_word' id='word_1_473' title='bbox 1778 3592 2017 3653; x_wconf 77' lang='lat' dir='ltr'>dixisset,</span> <span class='ocrx_word' id='word_1_474' title='bbox 2039 3592 2359 3655; x_wconf 75' lang='lat' dir='ltr'>intelligeret</span> <span class='ocrx_word' id='word_1_475' title='bbox 2390 3592 2713 3659; x_wconf 81' lang='lat' dir='ltr'>Pamphilus,</span> 
     </span>
     <span class='ocr_line' id='line_1_94' title="bbox 1643 3667 2712 3730; baseline 0.003 -13"><span class='ocrx_word' id='word_1_476' title='bbox 1643 3668 1726 3717; x_wconf 84' lang='lat' dir='ltr'>vel</span> <span class='ocrx_word' id='word_1_477' title='bbox 1751 3676 1932 3730; x_wconf 85' lang='lat' dir='ltr'>postea</span> <span class='ocrx_word' id='word_1_478' title='bbox 1955 3668 2284 3718; x_wconf 84' lang='lat' dir='ltr'>Chremetem</span> <span class='ocrx_word' id='word_1_479' title='bbox 2303 3667 2462 3718; x_wconf 79' lang='lat' dir='ltr'>tiliam</span> <span class='ocrx_word' id='word_1_480' title='bbox 2480 3683 2597 3720; x_wconf 83' lang='lat' dir='ltr'>esse</span> <span class='ocrx_word' id='word_1_481' title='bbox 2620 3669 2712 3721; x_wconf 87' lang='lat' dir='ltr'>da·</span> 
     </span>
     <span class='ocr_line' id='line_1_95' title="bbox 1644 3744 2732 3811; baseline 0.006 -18"><span class='ocrx_word' id='word_1_482' title='bbox 1644 3751 1837 3794; x_wconf 87' lang='lat' dir='ltr'>turum.</span> <span class='ocrx_word' id='word_1_483' title='bbox 1903 3744 2008 3795; x_wconf 83' lang='lat' dir='ltr'>Sed</span> <span class='ocrx_word' id='word_1_484' title='bbox 2032 3744 2213 3794; x_wconf 86' lang='lat' dir='ltr'>addito</span> <span class='ocrx_word' id='word_1_485' title='bbox 2224 3745 2351 3810; x_wconf 73' lang='lat' dir='ltr'>jum,</span> <span class='ocrx_word' id='word_1_486' title='bbox 2375 3746 2529 3811; x_wconf 87' lang='lat' dir='ltr'>plena</span> <span class='ocrx_word' id='word_1_487' title='bbox 2560 3748 2732 3799; x_wconf 83' lang='lat' dir='ltr'>secn·&#39;</span> 
     </span>
     <span class='ocr_line' id='line_1_96' title="bbox 1638 3821 2713 3883; baseline 0.005 -13"><span class='ocrx_word' id='word_1_488' title='bbox 1638 3823 1768 3871; x_wconf 87' lang='lat' dir='ltr'>ritas</span> <span class='ocrx_word' id='word_1_489' title='bbox 1807 3821 2062 3883; x_wconf 75' lang='lat' dir='ltr'>estzjum</span> <span class='ocrx_word' id='word_1_490' title='bbox 2098 3822 2233 3871; x_wconf 89' lang='lat' dir='ltr'>enim</span> <span class='ocrx_word' id='word_1_491' title='bbox 2275 3823 2597 3874; x_wconf 85' lang='lat' dir='ltr'>renuntiatio</span> <span class='ocrx_word' id='word_1_492' title='bbox 2629 3831 2713 3875; x_wconf 83' lang='lat' dir='ltr'>est</span> 
     </span>
     <span class='ocr_line' id='line_1_97' title="bbox 1637 3898 2219 3963; baseline 0.002 -16"><span class='ocrx_word' id='word_1_493' title='bbox 1637 3898 2029 3963; x_wconf 86' lang='lat' dir='ltr'>perpetuitatis.</span> <span class='ocrx_word' id='word_1_494' title='bbox 2065 3898 2219 3948; x_wconf 70' lang='lat' dir='ltr'>laem.</span> 
     </span>
    </p>

    <p class='ocr_par' dir='ltr' id='par_1_31' title="bbox 1635 3974 2710 4254">
     <span class='ocr_line' id='line_1_98' title="bbox 1707 3974 2700 4039; baseline 0.001 -15"><span class='ocrx_word' id='word_1_495' title='bbox 1707 3975 1914 4024; x_wconf 70' lang='lat' dir='ltr'>Uxorem</span> <span class='ocrx_word' id='word_1_496' title='bbox 1935 3974 2025 4024; x_wconf 81' lang='lat' dir='ltr'>tibi</span> <span class='ocrx_word' id='word_1_497' title='bbox 2045 3974 2153 4036; x_wconf 71' lang='lat' dir='ltr'>jam</span> <span class='ocrx_word' id='word_1_498' title='bbox 2175 3990 2268 4024; x_wconf 72' lang='lat' dir='ltr'>aaa</span> <span class='ocrx_word' id='word_1_499' title='bbox 2299 3974 2408 4039; x_wconf 71' lang='lat' dir='ltr'>dat]</span> <span class='ocrx_word' id='word_1_500' title='bbox 2448 3974 2618 4025; x_wconf 85' lang='lat' dir='ltr'>Iidem</span> <span class='ocrx_word' id='word_1_501' title='bbox 2639 3976 2700 4025; x_wconf 89' lang='lat' dir='ltr'>li-</span> 
     </span>
     <span class='ocr_line' id='line_1_99' title="bbox 1637 4050 2709 4117; baseline 0.005 -19"><span class='ocrx_word' id='word_1_502' title='bbox 1637 4050 1717 4099; x_wconf 88' lang='lat' dir='ltr'>bri</span> <span class='ocrx_word' id='word_1_503' title='bbox 1743 4052 2055 4100; x_wconf 83' lang='lat' dir='ltr'>vetustiores</span> <span class='ocrx_word' id='word_1_504' title='bbox 2075 4057 2131 4100; x_wconf 89' lang='lat' dir='ltr'>et</span> <span class='ocrx_word' id='word_1_505' title='bbox 2146 4051 2305 4115; x_wconf 87' lang='lat' dir='ltr'>aliqui</span> <span class='ocrx_word' id='word_1_506' title='bbox 2327 4051 2437 4117; x_wconf 87' lang='lat' dir='ltr'>alii,</span> <span class='ocrx_word' id='word_1_507' title='bbox 2456 4061 2513 4102; x_wconf 85' lang='lat' dir='ltr'>et</span> <span class='ocrx_word' id='word_1_508' title='bbox 2531 4054 2709 4103; x_wconf 87' lang='lat' dir='ltr'>Dona·</span> 
     </span>
     <span class='ocr_line' id='line_1_100' title="bbox 1636 4126 2710 4191; baseline 0.005 -15"><span class='ocrx_word' id='word_1_509' title='bbox 1636 4134 1740 4188; x_wconf 89' lang='lat' dir='ltr'>tus,</span> <span class='ocrx_word' id='word_1_510' title='bbox 1771 4126 1848 4175; x_wconf 89' lang='lat' dir='ltr'>ita</span> <span class='ocrx_word' id='word_1_511' title='bbox 1887 4126 2166 4191; x_wconf 88' lang='lat' dir='ltr'>collocant,</span> <span class='ocrx_word' id='word_1_512' title='bbox 2210 4128 2302 4183; x_wconf 73' lang='lat' dir='ltr'>tibi</span> <span class='ocrx_word' id='word_1_513' title='bbox 2332 4145 2427 4180; x_wconf 71' lang='lat' dir='ltr'>noa</span> <span class='ocrx_word' id='word_1_514' title='bbox 2466 4131 2554 4180; x_wconf 74' lang='lat' dir='ltr'>dat</span> <span class='ocrx_word' id='word_1_515' title='bbox 2580 4129 2710 4190; x_wconf 73' lang='lat' dir='ltr'>jam.</span> 
     </span>
     <span class='ocr_line' id='line_1_101' title="bbox 1635 4203 1888 4254; baseline 0 0"><span class='ocrx_word' id='word_1_516' title='bbox 1635 4203 1888 4254; x_wconf 63' lang='lat' dir='ltr'>Faernus·</span> 
     </span>
    </p>

    <p class='ocr_par' dir='ltr' id='par_1_32' title="bbox 1703 4280 2703 4347">
     <span class='ocr_line' id='line_1_102' title="bbox 1703 4280 2703 4347; baseline 0.005 -17"><span class='ocrx_word' id='word_1_517' title='bbox 1703 4280 2188 4347; x_wconf 73' lang='lat' dir='ltr'>scio]Pr,aepa1-atio</span> <span class='ocrx_word' id='word_1_518' title='bbox 2222 4291 2305 4338; x_wconf 83' lang='lat' dir='ltr'>est</span> <span class='ocrx_word' id='word_1_519' title='bbox 2340 4284 2597 4334; x_wconf 86' lang='lat' dir='ltr'>auditoris</span> <span class='ocrx_word' id='word_1_520' title='bbox 2635 4283 2703 4335; x_wconf 87' lang='lat' dir='ltr'>ad</span> 
     </span>
    </p>
   </div>
  </div>
 </body>
</html>
