3035 4941
782 395 1149 445 TERRH'ru
1195 395 1434 445 ANnR.
1478 394 1644 444 ACT-
1690 393 1741 443 1.
1788 394 1892 444 Sc.
1940 394 2038 442 lv.

2325 378 2499 451 1068

372 545 436 595 31
468 540 581 600 &a
607 539 791 607 Mysis]
841 540 1119 607 Παρασιωὴ
1151 540 1366 593 alterius
1435 540 1747 604 πέπρακας.
1779 538 1947 591 Idem.

311 631 499 667 scenae.
532 617 688 667 Idem.

375 693 554 759 Mysis]
585 694 806 759 Semper
839 701 1011 746 autem
1046 694 1251 755 nomina
1283 708 1367 745 co·

310 770 561 821 micorum
586 785 870 834 servorum,
896 778 988 822 aut
1023 786 1054 820 a
1077 770 1369 821 nationibus

308 857 427 896 sunt
475 847 663 908 indita,
697 853 758 896 ut
799 848 984 913 Mysis,
1024 848 1221 913 Syru-z
1279 852 1372 897 aut

309 936 375 974 ex
437 923 813 987 accidentibus,
867 932 925 973 ut
976 924 1182 988 Lesbia,
1227 925 1370 979 velut

308 999 534 1063 ebriosa,
570 1015 600 1050 a
624 1000 1008 1066 Lesboinsula,
1033 1018 1148 1066 quae
1175 1013 1258 1052 est
1290 1001 1369 1053 fe·

308 1090 400 1129 tax
439 1077 727 1129 suavissimi
751 1077 1205 1143 candidissimique
1230 1078 1366 1130 viniz

309 1159 402 1203 aut
427 1169 460 1203 a
480 1153 707 1204 moribus
724 1162 779 1204 et
797 1155 1110 1218 vernilitate,
1127 1162 1185 1205 nt
1203 1156 1369 1207 Pseu-

308 1230 485 1283 dolus:
520 1239 616 1280 aut
639 1246 704 1281 ex
726 1232 958 1295 negotio,
979 1240 1039 1282 ut
1062 1232 1370 1297 Chrysalum

307 1315 401 1357 aut
432 1322 500 1356 ex
533 1307 790 1373 qualitate
813 1309 1061 1372 corporis,
1095 1316 1154 1359 ut
1182 1308 1371 1373 Thyla-

309 1399 400 1444 cus
416 1384 510 1451 (an
533 1383 817 1450 Chylacus)
850 1391 942 1434 ant
979 1398 1045 1434 ex
1069 1385 1243 1450 specie
1265 1383 1371 1436 for·

310 1477 430 1520 mae,
454 1468 513 1511 ut
539 1461 830 1512 PInacium.
864 1462 1017 1511 Idem.

374 1536 487 1604 Ego
518 1539 639 1603 ,ltine
680 1553 752 1593 me
791 1541 855 1588 ad
896 1537 1088 1601 sorum]
1119 1538 1371 1589 Vultuosa

308 1617 410 1667 boc
447 1616 851 1681 pronuntiatur:
886 1623 943 1666 ut
966 1614 1122 1679 desit,
1142 1629 1374 1679 pergam,

312 1702 402 1747 aut
425 1692 611 1743 ducam
635 1707 738 1757 me.
774 1693 928 1742 Idem.

375 1773 443 1819 22
497 1769 586 1833 [ln
625 1768 819 1818 nostris
851 1768 967 1818 VV.
1003 1768 1107 1818 LL.
1142 1767 1372 1818 attribue

306 1847 450 1895 illam
476 1846 603 1894 lect.
627 1846 708 1894 Ne
733 1851 837 1910 pat.
861 1847 918 1894 de
939 1845 1026 1894 hac
1051 1844 1374 1909 imprudenter

300 1939 418 1988 opp.
439 1923 669 1972 secundo
686 1920 890 1985 Guelf.]

372 1997 560 2049 Sonus
577 2011 658 2048 ιν.
702 1998 835 2047 Haee
851 2012 1007 2047 scena
1025 2004 1232 2048 constat
1247 1999 1374 2049 Tro·

311 2076 511 2141 cimicis
546 2074 815 2141 quadratis
837 2075 1182 2138 catalecticis,
1204 2082 1259 2125 et
1280 2075 1375 2125 du·

309 2150 441 2201 obus
475 2150 755 2214 postremis
798 2150 1075 2200 octonariis
1115 2150 1376 2215 Iambicis,

310 2243 343 2278 e
364 2227 499 2277 Mss.
533 2230 752 2288 unus,3.
779 2241 983 2291 quoque
1021 2225 1151 2277 facit
1182 2226 1374 2277 lambi·

307 2318 429 2354 cum
451 2303 797 2364 octonarium,
820 2303 920 2353 ita:
956 2303 971 2330 ‘
992 2303 1109 2354 Nec
1133 2311 1215 2352 est
1250 2302 1375 2353 satis

311 2382 492 2446 digna,
535 2381 620 2431 cui
671 2379 964 2431 committas
1009 2379 1179 2444 primo
1220 2385 1376 2444 partu

311 2459 585 2511 mulierem
613 2457 648 2508 ε’
693 2474 742 2509 v.
781 2458 965 2509 ultimo
1007 2457 1204 2509 habent
1235 2474 1375 2523 nuuc,

310 2553 408 2606 pro
432 2552 571 2587 num.
596 2536 885 2586 Boeclerus.
1336 2589 1343 2602 .

380 2622 409 2667 l
457 2614 664 2676 Audivi,
706 2613 942 2678 Aramis]
996 2615 1121 2666 Hoec
1156 2619 1266 2666 suat
1307 2615 1379 2664 in·

313 2692 555 2746 mentionis
616 2691 847 2762 Pok'tiooe,
901 2699 955 2742 ut
1010 2695 1075 2742 ad
1119 2690 1381 2752 οἰκονομίαν

301 2771 505 2831 facetia
539 2771 722 2835 aliquid
752 2773 930 2821 addant
946 2787 963 2822 .·
1006 2786 1118 2821 uuus
1146 2770 1383 2833 οἰκονομία

311 2854 386 2902 est
418 2853 474 2898 ut
509 2853 783 2898 accersatur
801 2847 1051 2912 obstetrix,
1087 2854 1135 2898 et
1165 2850 1381 2900 conveni-

315 2931 430 2976 atur
468 2926 785 2990 Pamphilus:
821 2924 1008 2984 facetia
1046 2926 1298 2980 scribentis
1330 2927 1383 2979 in

310 3003 392 3060 Itis
413 3002 574 3052 verbis
595 3006 698 3065 pst,
729 3003 853 3065 quod
887 3001 1100 3052 Arm-hilis
1133 3005 1385 3067 compotri-

307 3096 417 3136 cem
434 3079 739 3143 potissimum
757 3078 1090 3139 adduci-jubet.
1123 3081 1383 3130 Donatus.

314 3214 321 3218 .
377 3156 641 3221 Archiuis]
693 3155 756 3204 In
795 3155 1032 3206 omnibus
1069 3157 1218 3207 libris
1256 3158 1387 3209 Mas.

314 3235 514 3289 Faerni
555 3236 870 3289 bocfnomen
892 3234 1144 3299 scriptum
1167 3233 1272 3286 fuit
1296 3249 1389 3299 per

314 3314 533 3361 unicum
570 3311 620 3371 ¹3
654 3309 827 3375 idque,
865 3325 982 3360 meo
1006 3311 1227 3375 judicio,
1251 3312 1387 3376 opti-

311 3403 437 3449 me3
469 3394 528 3437 et
563 3388 639 3437 ita
675 3388 814 3452 apud
846 3387 1091 3442 Plautum
1115 3388 1166 3438 iu
1189 3389 1387 3439 Trucu-

316 3465 466 3513 lento
503 3470 612 3512 act.
631 3476 697 3513 11.
735 3477 809 3514 sc.
847 3469 897 3514 5.
934 3464 990 3515 in
1028 3463 1132 3513 fine
1167 3465 1386 3516 Iambici

311 3542 626 3608 septenarii.
657 3541 833 3610 Faber.

310 3661 320 3668 .
383 3618 591 3681 Audivi,
629 3616 866 3680 Arc-hilis]
920 3619 1246 3683 Frequenter
1284 3619 1386 3669 hoc

245 3732 251 3742 ,
312 3696 476 3754 modo
513 3694 792 3746 Terentius
838 3695 1199 3758 compendium
1241 3693 1390 3757 facit,

312 3781 377 3826 nt
400 3770 683 3835 egrediens
715 3769 958 3833 loquatur
977 3783 1198 3834 persona
1222 3770 1286 3820 de
1308 3786 1390 3832 eo,

314 3849 464 3914 quod
497 3853 581 3902 est.
619 3851 865 3909 gestura:
898 3852 955 3900 et
990 3845 1139 3894 simul
1178 3848 1388 3909 doceat,

316 3925 444 3991 quid
466 3923 534 3973 ab
560 3924 726 3978 altera
750 3929 957 3985 gestum
980 3922 1069 3973 sit.
1104 3922 1340 3978 Donatus.

313 4043 323 4049 .
385 3999 592 4060 Audivi,
611 3996 842 4060 Archilis,
852 3997 1145 4060 jamdudum,
1169 4001 1391 4050 Lesbiam

314 4077 495 4131 adduci
504 4075 669 4139 jubes]
706 4075 751 4126 U
761 4081 895 4124 trum
905 4075 1191 4135 jamdudum
1209 4077 1392 4141 audivi,

317 4157 687 4222 anjamdudum
708 4153 870 4215 jubes,
891 4155 1099 4205 incerta
1122 4156 1391 4208 distinctio

316 4242 424 4297 est,
457 4242 514 4290 et
548 4239 674 4282 sunt
714 4230 803 4295 qui
826 4229 1135 4293 jamdudum,
1150 4233 1263 4295 jam
1288 4236 1392 4298 prir

315 4325 469 4372 mum
506 4308 839 4378 intelligantz
871 4313 950 4371 ut,
985 4309 1291 4363 damdudm,
1311 4326 1390 4364 ῃ..

1502 615 1744 678 Archilis]
1794 616 1903 665 Per
1939 627 2093 665 unum
2113 615 2146 662 ·1
2177 612 2230 662 in
2263 613 2500 665 omnibus

1441 692 1475 745 l.
1496 707 1540 742 s.
1559 699 1669 743 est:
1709 697 1783 755 ct,
1805 707 1901 756 per
1933 691 1954 741 i
1993 691 2045 740 in
2067 690 2369 755 penultima.
2404 692 2501 742 Fa·

1441 784 1598 820 erutus.

1504 846 1707 908 Audivi,
1730 847 1965 911 Archilis]
2009 846 2229 896 Videtur
2267 845 2378 894 haec
2403 843 2502 894 Ar-

1442 925 1588 975 chilis
1614 924 1868 974 obstetrix
1888 922 2062 985 fnisse,
2095 937 2250 988 quam
2288 936 2379 971 nos
2414 936 2501 970 vtu-

1441 1003 1606 1051 tricem
1626 1003 1798 1051 siccam
1822 1016 2079 1064 vocamus,
2104 1000 2249 1065 cujus
2279 997 2500 1049 officium

1442 1086 1578 1140 erat,
1614 1085 1672 1128 ut
1707 1093 1774 1128 ex
1810 1077 2113 1143 Hieronymi
2136 1078 2374 1141 Epistola
2410 1076 2503 1126 Se·

1443 1156 1572 1205 lect.
1608 1159 1659 1205 9.
1698 1154 1789 1206 lib.
1830 1168 1897 1204 u.
1931 1155 2180 1205 discimus
2220 1155 2235 1182 ‘
2271 1154 2503 1205 assidere

1443 1232 1658 1295 lectulo,
1719 1231 2030 1281 obstetrices
2085 1230 2330 1281 adbibere
2396 1231 2507 1280 lan·

1445 1307 1665 1372 guenti,’
1699 1311 1798 1358 διο.
1830 1308 2117 1359 Εοηιοὸἰιω.

1508 1390 1542 1435 2
1574 1384 1700 1434 Saue
1733 1383 1836 1449 pol]
1888 1384 2037 1448 Saue,
2068 1385 2322 1445 multum;
2357 1383 2504 1443 alias,

1444 1477 1542 1526 pro
1566 1461 1769 1512 valide:
1804 1476 2025 1526 namque
2049 1461 2245 1510 validus
2282 1467 2383 1521 est,
2421 1461 2506 1525 qui

1445 1541 1663 1601 multum
1702 1554 1874 1589 rernm
1913 1539 2318 1590 necessariarum
2349 1539 2508 1591 babet

1447 1616 1513 1666 ad
1538 1619 1774 1667 salutem.
1813 1616 2053 1666 Donatus.

1510 1693 1640 1747 Sane
1665 1695 1742 1757 pol
1758 1694 1844 1743 illa
1868 1695 2120 1744 temulenta
2140 1699 2210 1743 est
2232 1693 2424 1754 mulier,
2461 1698 2509 1742 et

1445 1771 1722 1835 temeraria]
1754 1773 1949 1822 Versus
1975 1779 2056 1821 est
2086 1771 2418 1832 Trochaicus,
2454 1770 2508 1818 in

1445 1863 1546 1915 quo
1565 1851 1643 1913 pol
1663 1851 1765 1913 illa,
1780 1849 2071 1900 tribrachus
2092 1860 2193 1911 est,
2210 1848 2336 1897 eliso
2353 1863 2456 1897 uno
2474 1848 2511 1908 l,

1446 1939 1514 1976 ex
1537 1927 1551 1954 ‘
1579 1924 1697 1988 illa,'
1725 1928 1804 1990 pol
1841 1935 2013 1976 autem
2038 1926 2316 1989 corripitur
2338 1939 2511 1974 exem·

1448 2003 1538 2066 plo
1559 2002 1748 2053 Ennii:
1780 2004 1795 2031 ‘
1817 2004 1932 2053 Nec
1953 2004 2042 2066 pol
2065 2003 2217 2052 bomo
2238 2000 2510 2066 quisquam

1447 2077 1613 2128 faciet
1631 2079 1839 2142 impune
1860 2077 2147 2128 animatus!
2180 2077 2414 2126 Faernus.

1517 2154 1812 2218 Temulenta]
1847 2154 2102 2206 Producit
2127 2153 2343 2217 primam
2359 2153 2510 2216 sylla-¹

1452 2231 1569 2283 bam
1590 2238 1656 2289 ts.
1693 2234 1888 2283 Donat.

1523 2306 1822 2371 Temulenta]
1841 2307 2140 2369 vinolenta,
2153 2307 2252 2357 hoc
2270 2311 2367 2367 est,
2378 2305 2514 2357 chri-¹

1451 2400 1580 2437 osa=
1636 2386 1757 2451 quia
1796 2389 2024 2441 temetum
2065 2384 2242 2434 vinum
2285 2383 2513 2433 dicitur=

1451 2462 1593 2513 unde
1612 2462 1866 2514 abstemius
1888 2462 2110 2513 sobrius.
2175 2461 2392 2512 Dictum
2427 2475 2518 2510 au·

1454 2549 1561 2590 tem
1583 2545 1806 2590 temetum
1829 2541 1895 2590 ab
1918 2555 2000 2603 eo,
2033 2540 2157 2605 qnia
2179 2543 2354 2589 tentet
2377 2549 2517 2588 men-

1455 2623 1581 2668 tem.
1673 2617 1964 2681 Temulenta,
2013 2616 2166 2666 vinoz
2228 2614 2514 2678 Temeraria,

1452 2701 1658 2744 natura.
1689 2692 1837 2744 Idem.

1521 2778 1551 2824 3
1577 2776 1681 2825 Nee
1699 2774 1820 2824 satis
1840 2774 1989 2836 digna
2008 2773 2087 2822 cui
2102 2772 2391 2837 committas]
2417 2773 2518 2821 Be·

1454 2866 1524 2901 ne
1544 2852 1593 2900 in
1613 2851 1946 2900 conclusione
1970 2850 2060 2898 illa
2076 2849 2377 2914 specialiter
2400 2862 2518 2912 pro·

1456 2928 1625 2990 bavit,
1686 2926 1909 2977 dicendo
1964 2940 2068 2975 non
2121 2926 2378 2987 idoneam,
2431 2925 2516 2974 cui

1458 3006 1819 3060 committatur
1852 3004 2045 3067 primus
2074 3010 2250 3066 partus
2272 3002 2519 3052 mulieris.

1458 3082 1561 3136 Sed
1591 3082 1723 3133 mire
1748 3081 2053 3145 signateque
2073 3078 2522 3144 dixitxcousmittas:

1459 3158 1652 3208 etenim
1676 3155 2043 3207 committimus
2073 3167 2279 3216 magna,
2311 3161 2368 3201 et
2403 3165 2520 3213 quae

1457 3236 1678 3288 ,salutern
1703 3234 1754 3280 in
1776 3231 1934 3281 dubio
1957 3229 2170 3279 habent.
2203 3229 2355 3279 Idem.

1527 3311 1635 3360 Nec
1654 3307 1771 3358 satis
1789 3306 1962 3371 digua]
1997 3307 2138 3355 Duas
2169 3320 2273 3368 res,
2305 3319 2401 3354 nec
2431 3318 2518 3368 pa·

1460 3386 1705 3446 rientem,
1735 3398 1835 3436 nec
1875 3384 2040 3445 primo
2081 3389 2246 3445 partu.
2329 3380 2523 3445 Figura

1457 3460 1543 3513 δύο
1577 3460 1637 3512 δι’
1680 3459 1795 3510 ἑνός·
1834 3468 1891 3509 ut
1934 3459 2213 3522 Virgilius:
2250 3464 2263 3486 ⁸
2287 3457 2403 3506 Non
2439 3471 2521 3507 me

1461 3542 1557 3592 tibi
1574 3539 1736 3602 TroJa
1748 3539 2035 3590 Externum
2050 3534 2206 3585 tulit:
2240 3536 2326 3597 Et,
2347 3537 2364 3563 ‘
2382 3535 2520 3583 Dum

1460 3617 1640 3666 domus
1650 3615 1823 3663 AEneae
1837 3613 2061 3677 Capitoli
2072 3611 2331 3662 irnmobile
2341 3624 2523 3659 saxum

1461 3692 1715 3760 Accolet?
1747 3683 1898 3741 Idem.

1526 3774 1559 3819 4
1598 3770 1772 3818 Tamen
1805 3781 1910 3816 eam
1948 3764 2200 3828 adducam]
2258 3762 2418 3819 Redit
2454 3762 2521 3813 ad

1463 3845 1612 3907 illud,
1644 3844 1782 3911 quod
1804 3844 1852 3892 vi
1876 3848 2078 3892 coacta.
2110 3843 2349 3892 Donatus.

1534 3924 1708 3974 Tamen
1730 3936 1830 3972 eant
1853 3922 2095 3981 adducam,
2114 3919 2220 3981 ξω]
2243 3919 2328 3966 Fr.
2349 3917 2523 3979 Guye.

1465 4010 1551 4054 tus
1574 4002 1687 4051 vult
1708 3998 1928 4050 Archilin
1949 3997 2063 4048 haec
2086 3996 2246 4060 loqui,
2271 4003 2328 4044 ut
2348 3999 2486 4043 esset
2510 4010 2525 4042 a

1462 4093 1642 4137 tamen
1664 4096 1775 4131 eam
1798 4080 1985 4130 adduci
2010 4079 2155 4127 volo:
2192 4074 2325 4123 unde
2341 4073 2528 4136 ·Mysis

1462 4161 1739 4225 exciperet
1766 4175 1780 4205 ι
1855 4155 2259 4219 importunitatem
2320 4154 2530 4213 spectate

1466 4238 1682 4298 aniculae,
1717 4236 1797 4297 ᾂτ.
1879 4231 1983 4281 Sed
2022 4226 2433 4292 egredientibus,
2471 4230 2527 4273 et

1464 4318 1604 4367 intro
1656 4308 1988 4378 loquentibus
2035 4303 2269 4371 personis
2287 4363 2292 4368 ¹
2311 4302 2378 4353 ad
2424 4313 2525 4352 non
