3035 4941
741 390 1106 440 TERENTH
1156 394 1441 443 PHORM.
1488 397 1657 446 Ac'l’.
1705 401 1753 447 1.
1801 402 1903 451 SC.
1951 363 2053 454 DV.

285 533 457 592 verte,
474 528 613 595 quod
633 536 834 581 amator
866 532 1011 596 prius
1041 534 1190 597 ponit
1211 536 1344 586 Pha-

283 608 444 668 nium,
465 622 613 671 quam
632 608 787 657 vitam
812 624 974 659 suam.
992 611 1246 668 ,Donatum

352 686 417 732 42
453 684 599 744 Geta,
621 685 733 747 quid
763 684 1050 753 nuncflet22]
1084 687 1342 752 Apparet,

282 757 399 807 haec
437 758 511 808 sic
538 753 946 824 pronuntianda,
987 764 1132 828 quasi
1174 765 1341 815 adhuc

284 840 401 883 tuto
420 833 679 887 dicantur.
718 839 866 888 Idem.

356 911 543 973 Tujam
564 914 673 964 lites
694 916 883 966 audies.-
915 932 1004 978 ego
1027 920 1209 980 plectar
1228 934 1342 982 pen-

282 986 423 1050 dens]
459 989 580 1038 Non
604 992 780 1042 intulit
803 994 938 1057 quod
973 997 1339 1058 quaerebatur.

283 1064 377 1112 sed
403 1051 559 1115 verba
581 1076 700 1118 sunt
727 1071 947 1158 hominis
966 1074 1135 1121 omnia
1156 1074 1341 1138 despe—

285 1141 470 1192 rantis,
502 1142 653 1193 Idem.

355 1216 540 1277 Tujam
563 1220 674 1270 lites
691 1222 882 1271 audies.-
916 1237 1002 1285 ego
1031 1226 1214 1287 plectar
1229 1241 1342 1290 pen·

279 1292 420 1356 dens]
455 1295 539 1343 Tu
572 1297 772 1361 audies,
794 1314 893 1364 ego
919 1301 1248 1351 verberabor.
1284 1310 1343 1353 ut

264 1369 428 1433 alibi,
448 1369 463 1397 ⁴
486 1371 603 1420 Tibi
635 1380 790 1424 erunt
822 1383 1007 1440 parata
1030 1379 1202 1440 verba,
1224 1380 1344 1429 huic

283 1446 491 1497 demum
512 1451 762 1500 verbera.'
809 1453 961 1505 Quod
986 1454 1154 1518 ipsum
1178 1458 1342 1510 mire:

283 1524 572 1586 non‚facies
592 1527 718 1590 lites,
737 1528 828 1578 sed
851 1530 1024 1581 audies.
1059 1532 1226 1581 Idem.

350 1603 434 1650 42.
457 1604 521 1649 43
538 1602 746 1664 ,Tujam
767 1606 874 1654 lites
888 1606 1082 1657 audies.-
1115 1624 1201 1670 ego
1219 1612 1344 1673 plec-

280 1675 384 1740 tar]
413 1678 578 1727 ‘Bene
615 1681 852 1731 Donatus
884 1684 985 1734 huc
1019 1683 1346 1749 comparavit

280 1754 452 1803 locum
476 1755 670 1807 Heaut.
692 1772 754 1807 11.
777 1764 823 1809 3.
851 1765 994 1810 115..
980 1776 994 1790 ·
1019 1761 1169 1811 ‘Tibi
1192 1771 1345 1813 erunt

279 1838 470 1892 parata
490 1832 668 1894 verba,
705 1835 823 1884 huic
861 1836 1052 1885 homini
1087 1839 1347 1889 verbera!

281 1907 338 1955 ἐκ
377 1906 688 1973 παραλλήλου
731 1911 866 1961 enim
909 1913 1025 1962 haec
1080 1913 1341 1967 dicuutur.

281 1985 546 2038 Boeclerus.

346 2066 410 2111 43
445 2064 552 2126 Ego
569 2065 753 2126 plectar
771 2067 1000 2131 pendens]
1034 2068 1251 2127 Plectar,
1271 2069 1344 2121 fe·

282 2140 417 2188 riar:
456 2140 594 2190 unde
613 2148 669 2192 et
684 2143 936 2207 plectrum,
958 2152 1013 2194 et
1039 2146 1200 2208 plagoe
1232 2147 1342 2197 dic-

282 2223 372 2266 tae.
407 2218 648 2269 Donatus.

347 2298 411 2344 44
442 2294 540 2345 Sed
560 2298 682 2360 quod
702 2298 834 2346 modo
854 2298 932 2347 hic
950 2299 1060 2363 nos]
1079 2300 1248 2351 Deest
1269 2308 1342 2352 ta-

280 2388 412 2423 men.-
445 2381 506 2424 ut
527 2374 614 2430 sit,
633 2377 717 2423 sed
739 2381 912 2425 tamen.
947 2377 1116 2428 Idem.

348 2452 446 2502 Sed
479 2454 600 2517 quod
635 2455 769 2502 modo
804 2454 881 2504 hic
913 2470 1000 2505 nos
1028 2455 1344 2519 Antiphonem

281 2530 560 2593 monuimus,
589 2531 642 2579 id
676 2537 856 2581 nosmet
882 2532 1010 2596 ipsos
1014 2534 1182 2594 facere
1205 2550 1340 2597 opor-

280 2612 370 2669 tet,
394 2607 648 2671 Phoedria]
701 2608 959 2672 Sulpicius
995 2610 1049 2660 iu
1086 2617 1342 2674 praestau·

283 2685 486 2734 tissima
519 2685 584 2735 ad
633 2685 801 2736 Cicer.
848 2687 1017 2750 Epist.
1067 2690 1082 2717 ‘
1103 2688 1342 2752 Denique

283 2763 392 2812 noli
427 2760 480 2813 'te
519 2762 756 2813 oblivisci
793 2763 1099 2834 Ciceronem
1130 2779 1262 2827 esse,
1289 2771 1345 2815 et

283 2856 399 2889 eum
423 2840 508 2905 qui
532 2841 644 2889 aliis
675 2841 1006 2890 consueveris
1036 2842 1346 2906 praecipere,

280 2922 336 2967 et
359 2917 484 2967 dare
507 2916 802 2978 consilium;
827 2931 994 2981 neque
1014 2916 1218 2967 imitare
1237 2934 1344 2966 ma·

283 2995 361 3043 los
401 2994 653 3056 medicos,
697 2994 784 3059 qui
820 2994 872 3042 in
927 2995 1108 3043 alienis
1151 2996 1343 3065 morbis

283 3071 593 3136 profitentur
609 3086 664 3121 se
683 3077 862 3121 tenere
880 3071 1152 3121 medicinae
1177 3073 1344 3123 scien·

283 3148 427 3212 tiam,
448 3146 544 3213 ipsi
569 3162 622 3197 se
647 3162 830 3197 curare
852 3161 952 3196 non
980 3155 1226 3210 possunt:
1252 3151 1342 3199 sed

284 3225 459 3289 potius
484 3224 736 3289 quie-aliis
761 3230 870 3273 tute
890 3222 1345 3297 praeeiperesoles²

285 3317 349 3352 ea
374 3308 484 3352 tute
510 3301 606 3352 tibi
630 3301 854 3365 subjice,
891 3307 1045 3365 atque
1075 3301 1214 3365 apud
1239 3301 1344 3350 ani·

280 3394 421 3428 mum
457 3378 723 3444 propone!
768 3378 960 3428 Heaut.
983 3385 1084 3428 act.
1112 3393 1164 3427 v.
1199 3394 1270 3429 sc.
1298 3384 1344 3430 1.

280 3458 298 3486 ‘
319 3457 508 3506 Nonne
531 3456 582 3505 id
606 3453 859 3520 flagitium
883 3462 983 3517 est,
1013 3461 1064 3504 te
1089 3454 1200 3505 aliis
1221 3471 1344 3505 eon-

253 3587 261 3596 ,
282 3534 456 3583 silium
478 3532 640 3595 dare,'
661 3537 761 3583 ὅτε.
795 3533 923 3582 Mer.
950 3532 1267 3583 casaubonus.

350 3614 414 3659 45
472 3609 534 3659 Id
571 3614 754 3660 nosmet
788 3609 914 3674 ipsos
940 3611 1108 3671 facere
1143 3612 1348 3676 oportet]

286 3686 423 3740 Quia
443 3701 529 3735 nos
556 3700 715 3748 supra
738 3686 871 3737 dixit
892 3687 943 3735 in
965 3685 1344 3752 significatione

286 3772 434 3815 actus
457 3763 677 3828 proprii,
698 3764 821 3827 ipsos
843 3764 1006 3814 addit.
1041 3766 1279 3815 Donatus.

290 3880 295 3881 γ
350 3845 417 3891 46
447 3840 602 3900 Auser
623 3841 740 3889 mihi
752 3857 773 3900 ,·
802 3841 1005 3904 oportet]
1044 3843 1119 3906 Τῷ
1138 3842 1345 3892 ἀττικισ-

283 3919 356 3980 μῷ
379 3917 580 3966 addidit
609 3917 744 3966 mihi.
775 3916 883 3965 sine
907 3918 1006 3968 hoc
1028 3919 1165 3967 enim
1193 3921 1347 3984 plena

287 3992 544 4044 sententia
567 4000 666 4043 est.
703 3994 854 4042 Idem.

347 4068 508 4129 Aufer
525 4068 668 4133 mihi]
723 4067 1007 4118 Reduudat
1027 4068 1083 4118 τὸ
1105 4071 1223 4120 mihi
1239 4085 1256 4118 .·
1289 4079 1348 4122 ut

285 4152 343 4196 et
363 4144 519 4203 infra,
542 4156 646 4196 act.
670 4160 726 4196 ν.
750 4161 823 4196 sc.
844 4151 892 4195 6.
931 4147 946 4175 ‘
965 4147 1065 4196 Sed
1090 4160 1347 4210 ego‘nunc

288 4223 411 4272 mihi
435 4220 618 4272 cesso!
681 4222 769 4271 Ita
802 4221 912 4284 tibi,
937 4229 992 4272 et
1015 4222 1178 4272 nobis.-
1209 4223 1347 4273 haud

290 4300 424 4351 raro.
460 4299 592 4349 Mer.
623 4297 939 4350 Casaubonus.

2364 286 2375 317 ›

2315 393 2485 460 1631

1440 575 1445 578 -
1488 540 1618 595 Quin
1639 547 1698 591 tu
1719 546 1840 606 quod
1847 543 2055 609 faciam,
2087 547 2290 613 impera]
2345 553 2482 603 Mire

1419 614 1485 663 ad
1502 617 1670 666 omnia
1693 625 1930 681 paratum
1954 635 2010 669 se
2042 622 2262 689 indicat,
2286 629 2368 691 qui
2393 630 2481 677 im·

1410 708 1528 755 pera
1552 693 1692 743 dicat
1710 711 1877 746 servo.
1910 698 2147 750 Donatus,

1486 773 1618 826 Quin
1639 779 1711 835 tu,
1733 774 1849 837 quid
1869 775 2073 835 faciam,
2102 778 2305 845 impera]
2357 782 2484 833 Om-

1417 862 1532 897 nem
1559 850 1623 899 ab
1647 849 1835 913 officia,
1869 860 1960 902 aut
1989 857 2306 907 necessitate
2335 874 2485 923 argu-

1416 928 1794 977 mentationem
1828 930 2033 980 missam
2079 930 2181 995 fac,
2222 950 2337 999 quae
2380 951 2482 986 non

1415 1016 1547 1065 opus
1590 1012 1692 1067 est,
1734 1019 1852 1054 cum
1899 1007 2121 1056 libenter
2166 1023 2227 1058 ac
2272 1019 2478 1076 sponte,

1416 1079 1662 1144 quicquid
1687 1081 1981 1133 faciendum
2011 1089 2345 1150 suggesseri3‚
2370 1089 2481 1139 obi·

1417 1171 1473 1205 re
1499 1155 1709 1219 paratus
1734 1160 1844 1209 sim.
1880 1162 1956 1211 M.
1985 1164 2300 1213 casaubonus.

1477 1238 1543 1283 47
1578 1237 1894 1300 Meministin'
1930 1240 2041 1287 olim
2075 1241 2299 1306 abfuerit
2321 1247 2482 1291 vestra

1416 1309 1592 1376 oratio]
1633 1307 1767 1362 Mire
1808 1321 1864 1363 et
1902 1316 2115 1365 consilio
2149 1324 2204 1366 et
2244 1319 2481 1369 oratione

1416 1390 1813 1452 compendiosus
1833 1397 1944 1441 est:
1995 1409 2096 1457 quo
2129 1395 2291 1459 magis
2326 1397 2479 1446 Phae-

1416 1464 1583 1515 driam
1607 1468 1829 1530 propriis
1854 1469 2079 1519 consiliis
2100 1485 2159 1519 ac
2184 1471 2482 1522 domesticis

1418 1537 1767 1604 permoveret.
1802 1544 2037 1594 Donatus.

1490 1618 1729 1676 Utsuerit
1748 1623 1905 1668 vestra
1921 1620 2097 1684 oratio]
2117 1620 2190 1670 Ut
2212 1623 2372 1687 magis
2393 1640 2482 1674 ex·

1417 1692 1627 1756 citaret,
1654 1708 1756 1744 non
1794 1701 1959 1745 nostra
1996 1695 2147 1757 dixit,
2171 1700 2262 1747 sed
2302 1706 2480 1751 vestra.

1418 1769 1588 1818 Idem.

1481 1850 1546 1895 48
1581 1846 1641 1896 In
1661 1863 1714 1897 re
1734 1847 2033 1912 incipiunda]
2056 1850 2338 1915 Incipiunda
2362 1868 2481 1916 pro-

1417 1922 1552 1986 prie,
1575 1925 1722 1988 quasi
1758 1925 1823 1973 de
1854 1940 1910 1974 re
1947 1942 2148 1990 magna,
2184 1928 2329 1979 dicit.
2392 1932 2481 1981 Sic

1418 1999 1565 2061 alibi,
1596 2001 1612 2029 ‘
1632 2001 1769 2050 Vide
1804 2003 1938 2067 quod
1973 2004 2211 2069 inceptet
2244 2006 2463 2058 facinus.
2467 2009 2482 2031 ’

1420 2075 1569 2126 Idm.

1481 2153 1562 2202 Aa
1604 2154 1943 2214 defendendam
1986 2159 2202 2222 noxiam]
2261 2143 2483 2209 Noxiam

1417 2242 1556 2278 nunc
1574 2230 1815 2292 culpam:
1866 2231 1992 2281 alias
2022 2245 2243 2294 poenam.
2313 2237 2381 2285 Et
2404 2243 2486 2286 est

1418 2303 1671 2366 ἐπένθεσις,
1696 2307 1763 2355 ab
1798 2323 1862 2356 eo
1899 2309 2034 2372 quod
2071 2317 2149 2360 est
2186 2326 2391 2362 noxam:
2426 2321 2482 2364 et

1416 2384 1512 2433 hoc
1530 2383 1724 2433 factum
1745 2389 1827 2433 est
1841 2393 2058 2449 propter
2075 2387 2316 2437 iambum.
2332 2389 2484 2441 Idem.

1480 2465 1546 2512 49
1577 2462 1770 2511 Justam
1789 2461 1921 2511 illam
1937 2479 2139 2523 causam,
2147 2464 2362 2528 facilem,
2379 2467 2482 2516 vin·

1415 2538 1617 2599 cibilem,
1646 2537 1906 2600 optumam]
1956 2539 2238 2589 Considera
2260 2542 2482 2605 singula,

1417 2622 1473 2664 et
1495 2615 1727 2663 invenies
1763 2620 1818 2664 et
1840 2617 2059 2666 naturali
2087 2619 2287 2678 ordine,
2309 2629 2363 2668 et
2387 2635 2485 2683 per

1417 2691 1610 2754 αὔξησιν
1630 2691 1786 2740 dicta.
1860 2693 2063 2741 Causam
2094 2708 2188 2756 pro
2219 2694 2482 2745 defensio-

1415 2783 1484 2817 ne
1521 2767 1711 2833 posuit,
1752 2774 1808 2817 et
1847 2769 2134 2834 vincibilem,
2172 2787 2285 2835 quae
2325 2772 2484 2824 facile

1416 2845 1609 2894 vincat.
1644 2844 1792 2893 Idem.

1482 2927 1547 2971 50
1582 2921 1727 2970 Nunc
1766 2922 1873 2986 ipsa
1915 2926 1988 2971 est
2024 2937 2139 2984 opus
2174 2923 2255 2987 ea]
2311 2924 2483 2975 Causa

1416 2998 1528 3048 scil.
1562 2997 1712 3047 Idem.

1482 3077 1546 3121 51
1581 3073 1785 3123 Meliore
1806 3077 1856 3121 et
1888 3072 2157 3135 callidiore]
2204 3075 2349 3124 Bene
2386 3091 2482 3126 me-

1417 3149 1535 3198 liore
1557 3156 1606 3199 et
1623 3150 1863 3200 callidiore
1882 3164 1899 3198 .·
1951 3149 2071 3213 quia
2097 3146 2220 3198 tunc
2255 3153 2482 3212 prolusio

1416 3223 1535 3282 fuit,
1557 3241 1692 3275 nunc
1713 3226 1881 3288 ipsum
1907 3223 2159 3288 praelium.
2195 3226 2343 3276 Idem.

1484 3303 1599 3353 Fiet
1634 3302 1817 3366 sedulo]
1869 3300 2113 3366 Παρέλκον
2147 3304 2327 3352 sedulo.
2364 3319 2482 3355 nam

1417 3377 1836 3443 suffecerat3fiet.
1862 3378 2026 3428 Idem.

1482 3461 1550 3505 52
1583 3457 1727 3505 Nunc
1742 3456 1879 3518 prior
1897 3455 2029 3504 adito
2054 3455 2130 3519 tu]
2166 3456 2334 3513 Adito,
2356 3472 2481 3522 qua-

1419 3532 1462 3580 si
1488 3531 1551 3580 ad
1576 3532 1827 3595 praelium.
1857 3531 2125 3593 Virgilius,
2158 3533 2174 3559 ‘
2198 3532 2310 3582 Nec
2346 3535 2485 3596 quis-

1419 3623 1569 3674 quam
1611 3623 1677 3658 ex
1714 3610 1915 3672 agmine
1953 3615 2098 3658 tauto
2122 3608 2300 3695 Audet
2339 3611 2484 3661 adire

1419 3686 1606 3735 virum.
1610 3683 1811 3734 '.Idem
2016 3694 2022 3699 '

1489 3764 1595 3824 Ego
1618 3763 1669 3811 in
1699 3761 1889 3813 insidiis
1909 3761 1986 3810 hic
2021 3761 2125 3824 ero]
2177 3763 2309 3812 Tota
2342 3779 2486 3823 μετα·
2526 3793 2534 3800 -

1420 3836 1541 3902 φορὰ
1562 3837 1628 3887 de
1651 3853 1706 3888 re
1730 3838 1936 3888 militari
1958 3844 2057 3886 est.
2094 3838 2244 3888 Idem.

1484 3917 1548 3965 In
1570 3915 1785 3978 insidiis]
1830 3914 1892 3963 In
1911 3913 2152 3977 subsidiis,
2175 3913 2309 3977 apud
2343 3914 2487 3963 Pris-

1422 3994 1558 4044 cian.
1594 3993 1722 4042 Mer.
1750 3991 2068 4040 Casaubonus.

1486 4070 1550 4119 In
1604 4067 1854 4129 subsidiis]
1912 4066 2067 4115 Hanc
2111 4064 2389 4113 lectionem
2433 4061 2486 4109 in

1426 4150 1626 4196 textum
1649 4145 1914 4206 recepi-ex
1938 4142 2230 4191 Prisciano.
2282 4140 2383 4189 Illa
2416 4139 2488 4187 al·

1424 4229 1560 4283 tera,
1580 4224 1632 4270 in
1653 4220 1863 4281 insidiis,
1885 4217 2074 4267 vitiosa
2096 4223 2197 4266 est.
2231 4215 2405 4265 Faber.

1489 4303 1552 4348 53
1587 4295 1991 4361 Succenturiatus]
2034 4291 2389 4343 Succenturiati
2410 4289 2490 4341 dia
