3035 4941
500 332 674 397 1244

529 527 536 536 .
575 492 777 552 Vestem,
806 488 913 554 esa]
947 488 1077 538 Cum
1102 486 1247 552 virgo
1269 488 1552 537 reluctare-

506 578 609 630 tur,
628 575 717 617 aut
741 568 931 630 potius,
957 565 1070 629 ipsa
1085 564 1410 628 devirginata
1442 578 1551 627 prae

502 646 683 694 dolore
717 642 813 692 sibi
847 649 1037 694 vestem
1071 647 1126 689 et
1145 654 1319 690 comas
1342 637 1556 689 discidit

503 730 559 771 et
580 720 809 769 laniavit.
844 717 1129 769 Farnobius.

572 798 688 846 Tum
716 796 868 859 ipsam
897 795 1065 859 capillo
1099 791 1351 855 conscidit]
1386 792 1558 842 Multo

502 874 703 935 melius,
738 887 887 937 quam
924 872 966 920 si
1008 871 1225 934 diceret,
1267 870 1558 933 ‘Capillum

500 952 576 1001 ini
599 947 890 1001 conscidit!
921 948 1158 996 Donatus.

566 1034 600 1077 6
639 1028 726 1077 Uti
737 1041 823 1088 ego
838 1023 1230 1086 unguibmsaet'le
1251 1023 1327 1073 illi
1342 1023 1560 1071 inoculoo

504 1103 727 1165 incolens]
767 1102 955 1151 Nonne
991 1100 1161 1151 credis
1206 1099 1451 1163 Pythiam
1504 1099 1560 1148 id

508 1179 831 1239 comminari,
877 1177 1014 1243 quod
1060 1189 1118 1225 a··
1137 1176 1336 1239 virgine
1392 1175 1559 1225 minus

511 1255 710 1305 factum
748 1255 851 1304 sit?
883 1253 1039 1318 quod,
1075 1253 1195 1318 quia
1229 1253 1419 1317 puella,
1455 1265 1561 1301 non

512 1332 701 1394 potuit.
733 1331 884 1379 Idem.

576 1406 846 1470 Unguibus]
866 1405 1065 1456 Quibus
1090 1410 1321 1453 armatur
1342 1403 1425 1452 hic
1444 1416 1563 1452 sex-

509 1497 585 1534 us.
620 1483 768 1531 Idem.

577 1560 635 1607 In
649 1557 825 1621 oculos]
857 1558 1018 1610 Quasi
1041 1514 1277 1606 amatori.
1313 1556 1465 1606 Idem.

583 1636 816 1702 Venefico]
864 1637 1094 1686 Mutanti
1115 1629 1373 1692 homines,
1408 1644 1463 1685 et
1497 1650 1564 1684 ex

513 1713 795 1778 virginibus
855 1714 1099 1764 mulieres
1157 1712 1388 1763 facienti.
1478 1713 1563 1763 An

509 1792 734 1856 venefico,
764 1791 976 1840 amatori
1001 1791 1020 1838 ?
1059 1790 1199 1854 quia
1234 1805 1384 1839 amor·
1412 1784 1565 1839 vene·

512 1886 632 1920 num
656 1871 880 1920 ocultum
901 1878 1004 1919 est.
1027 1877 1085 1919 ut
1100 1869 1285 1933 virgil.
1325 1871 1341 1898 ‘
1368 1870 1563 1920 Occul-

511 1959 617 1997 tum
640 1948 861 2011 inspires
895 1948 1085 2012 ignem,
1125 1945 1378 2013 fallasque
1412 1962 1566 1998 vene-

510 2023 611 2073 no.'
672 2025 760 2080 Et,
778 2024 1149 2090 ‘Longumque
1181 2025 1394 2075 bibebat
1433 2040 1565 2075 amo·

512 2115 640 2150 rem.
644 2100 845 2151 ’.Idem

582 2178 648 2226 Ut
680 2193 768 2238 ego
805 2179 1042 2240 unguibus
1065 2179 1220 2239 focile
1241 2179 1354 2229 ἰαῦ·
1334 2195 1399 2228 m
1410 2180 1566 2229 oeulos

509 2255 734 2317 involem]
768 2257 839 2305 Et
873 2256 1120 2317 foeminae,
1157 2262 1213 2305 et
1248 2256 1470 2317 ancillae,
1508 2263 1565 2305 et

510 2331 661 2380 iratae
679 2331 903 2381 moribus
918 2331 1251 2381 convenithic
1272 2346 1437 2380 sermo
1455 2346 1568 2394 ges-

515 2414 717 2470 tusque.
782 2406 799 2434 ⁴
822 2406 1100 2469 Involare,'
1129 2405 1310 2470 ‘inquit
1351 2407 1568 2469 Nonius,

512 2491 527 2515 ‘
547 2491 630 2533 est
652 2485 871 2548 irruere,
892 2486 1101 2543 insilire,
1124 2493 1216 2535 aut
1236 2501 1267 2535 a
1285 2487 1454 2535 volatu
1479 2491 1571 2535 aut

516 2575 554 2609 a
575 2560 746 2608 media
771 2561 885 2609 vola
931 2559 1169 2610 dictum!
1209 2561 1351 2625 prius
1392 2575 1568 2610 verum

515 2644 611 2685 est.
644 2635 903 2686 Boeclertae.
1436 2652 1442 2660 .

519 2710 819 2777 „VeneficoJ
863 2712 1132 2760 Donatus:
1174 2712 1191 2740 ‘
1213 2712 1445 2763 Mutanti
1481 2714 1569 2764 ho·

1198 346 1411 393 No'rAE

516 2788 700 2850 mines,
736 2794 790 2837 et
824 2803 890 2837 ex
930 2788 1212 2852 virginibus
1235 2791 1476 2840 mulieres
1497 2789 1587 2840 fa-

517 2863 696 2915 cienti.
748 2878 815 2913 an
859 2863 1111 2928 venefico,
1153 2867 1409 2916 amatori?
1449 2869 1573 2934 quia

507 2952 665 2992 ‘amor
680 2955 933 2993 venenum
952 2942 1210 2992 occultum
1230 2943 1344 2995 est.'
1363 2944 1441 2994 En
1453 2960 1575 2996 acu·

520 3032 639 3067 men
664 3016 1100 3068 Grammaticale!
1136 3017 1186 3067 id
1210 3027 1311 3083 est,
1331 3021 1575 3086 ineptias.

521 3109 648 3159 quas
670 3094 917 3144 aDonato
931 3108 1062 3158 esse,
1077 3096 1189 3160 quis
1211 3096 1426 3147 credat?
1470 3099 1576 3147 No-

519 3178 630 3222 tum
648 3171 1000 3235 esssmajorum
1016 3170 1287 3220 criminum
1310 3172 1576 3233 vocabula,

520 3247 821 3309 sacrilegus,
834 3243 1116 3308 veneficus,
1132 3244 1381 3311 impurus,
1396 3248 1576 3310 αὐξητι-

520 3325 611 3372 κῶς
634 3323 939 3382 adminora,
963 3319 1157 3371 affectu
1180 3325 1576 3374 convitiantium

522 3395 812 3447 transferri.
871 3397 1039 3445 Recte
1074 3410 1200 3461 ergo
1229 3399 1576 3464 Eugraphius,

518 3472 721 3537 venefico
738 3487 757 3528 ,·
779 3473 1044 3529 sceler-uim
1075 3473 1215 3522 malo.
1253 3473 1419 3525 Idem.

549 3570 552 3573 ·
585 3551 615 3595 7
649 3544 857 3595 Abseute
891 3545 1026 3595 nobis
1053 3547 1294 3596 turbatum
1321 3554 1395 3598 est
1422 3551 1573 3616 domi]

521 3621 632 3671 Aut
652 3620 1172 3684 subdistinguendum
1191 3631 1290 3686 est,
1311 3633 1365 3674 et
1386 3627 1573 3676 subau-

521 3696 787 3759 diendum,
825 3711 917 3755 me,
960 3704 1050 3746 aut
1093 3695 1357 3761 ἄρχαϊσμὸς
1408 3699 1577 3760 figura

523 3784 624 3834 est,
653 3773 848 3824 absente
880 3774 1035 3837 uobis,
1069 3788 1164 3838 pro
1187 3776 1333 3826 nobis
1350 3777 1576 3828 absenti·

523 3852 636 3903 bus.
691 3851 1028 3916 Pomponius,
1058 3852 1216 3901 ‘Siue
1257 3868 1380 3916 ergo
1420 3855 1578 3917 istuc,

524 3940 785 3999 praesente
804 3933 981 3982 amicis
1001 3933 1137 3982 inter
1157 3934 1388 3987 coenam.'
1410 3937 1579 3988 Varro

524 4012 578 4061 in
603 4009 931 4071 Marcellum,
968 4008 1069 4062 ‘Id
1108 4021 1371 4074 praesente
1392 4012 1580 4075 legatis

525 4085 779 4148 omnibus,
817 4084 1071 4149 exercitu,
1104 4087 1438 4194 pronuntiat?
1452 4089 1579 4137 ··Do

524 4169 681 4213 notus.

589 4238 801 4289 Absente
835 4237 995 4302 uobis]
1039 4238 1172 4290 Cum
1208 4240 1282 4291 sic
1314 4242 1463 4306 dicit,
1484 4257 1581 4307 pro

1466 344 1859 395 VARIORUM
1912 348 1991 394 ΙΝ

1607 487 1997 551 ·praepositione
2053 487 2200 552 pouit
2244 487 2487 537 Absente:
2534 500 2595 535 ac
2631 483 2675 535 si

1628 564 1848 621 diceret,
1869 557 2055 615 ‘Coram
2081 564 2274 614 amicis.
2308 565 2461 614 Idem.

1693 641 1904 690 Absente
1925 641 2082 704 uobis]
2114 641 2286 705 Hujus
2308 640 2575 706 ἀρχαῒσμοῦ
2595 633 2683 689 εκὲ

1629 717 1799 780 empla
1822 717 2054 767 Donatus
2070 718 2322 781 congerit.
2386 717 2536 768 Idem
2559 716 2691 765 facit

1631 793 1832 843 Nonius
1858 794 2134 843 Marcellus
2156 808 2270 857 cap.
2292 809 2355 844 ιι.
2374 799 2493 846 660.
2531 795 2685 843 Plau-

1632 875 1714 919 tus
1761 869 2145 933 Amphitruone
2187 885 2248 921 ιι.
2291 874 2342 920 2.
2379 873 2496 921 194.
2529 874 2545 897 ·
2573 870 2687 919 Nec
2762 895 2765 896 ν

1633 945 1782 995 nobis
1839 954 2097 1009 praesente
2141 947 2324 1011 aliquis
2365 947 2465 995 nisi
2511 959 2690 995 servus

1632 1022 1777 1073 Sosia
1800 1020 2005 1072 adfuit:
2044 1022 2349 1085 Importune
2377 1030 2547 1072 tamen
2571 1036 2688 1086 ege-

1636 1100 1724 1160 rit,
1769 1101 1865 1164 qui,
1896 1100 2199 1150 adverbium
2234 1101 2353 1150 ideo
2397 1099 2604 1162 fecerit,
2632 1097 2689 1147 τὸ

1630 1181 1885 1240 prasente,
1904 1192 2019 1227 eum
2043 1179 2363 1228 Becmanno.
2397 1177 2658 1225 Boeclerus.
2730 1171 2733 1174 ’

1662 1285 1665 1290 -
1700 1253 1911 1302 Absente
1964 1252 2528 1315 uobis]·Archaismus,
2571 1251 2698 1299 vide

1637 1327 2039 1379 Grammaticam
2078 1335 2326 1392 nostram,
2363 1329 2414 1378 in
2449 1326 2694 1436 synthesi

1638 1420 1754 1469 pag.
1771 1411 1853 1456 58.
1891 1406 2175 1457 Farnobius.
2586 1427 2589 1430 ·

1701 1485 1732 1529 8
1754 1482 2128 1546 Quidsestinas]
2150 1483 2427 1545 Properas,
2444 1480 2692 1543 turbaris,

1638 1564 1696 1607 et
1736 1558 2003 1622 trepidas?
2050 1559 2345 1620 Sallustius,
2380 1560 2396 1587 ‘
2421 1559 2691 1607 Festinan-

1638 1634 1813 1683 tibus
1800 1649 1851 1704 ¹⁸2
1873 1649 2070 1683 summa
2091 1635 2267 1699 inopia
2289 1632 2559 1698 patribus!
2596 1634 2692 1682 Do·

1637 1715 1796 1761 natus.

1701 1792 1734 1835 9
1774 1788 1922 1850 Egon'
1942 1802 2088 1852 quem
2095 1787 2326 1852 quaram]
2357 1788 2522 1837 Deest
2535 1801 2694 1850 rogas.

1639 1863 1805 1914 Idem.
1867 1886 1879 1897 ·
2696 1891 2699 1894 -

1705 1944 1763 1989 11
1800 1942 2081 1991 Eunuchum
2100 1957 2236 2005 quem
2245 1939 2696 2004 dedistinobisquus

1636 2019 1800 2068 turbas
1819 2020 1974 2083 dedit]
2008 2014 2117 2070 Aut
2135 2019 2414 2070 amcam-ms
2427 2036 2453 2069 ε’
2466 2028 2545 2080 ut,
2562 2022 2578 2046 ‘
2598 2019 2697 2067 Ur·⁴

1639 2093 1757 2143 b‘em
1796 2110 1950 2158 quam
1987 2103 2185 2158 statuo,
2207 2103 2386 2146 vestra
2408 2093 2522 2144 est.'
2590 2094 2699 2143 Aut

1638 2184 1907 2233 quemcum
1930 2163 2704 2235 interrogatione‘pronuntianss'
2778 2185 2784 2192 ·

1642 2246 1780 2310 dum,
1801 2255 1857 2296 ut
1880 2249 1969 2310 sit,
1990 2251 2190 2312 qualem.
2224 2249 2394 2299 Idem.

1706 2326 1986 2375 Eunuchum
2034 2341 2171 2390 quem
2193 2341 2196 2346 ·
2221 2327 2422 2391 dedisti]
2475 2325 2702 2378 Quidam

1642 2402 1823 2452 volunt
1842 2417 1978 2467 quem
1999 2403 2317 2468 distinguere
2339 2423 2352 2453 ι
2395 2403 2539 2469 quasi
2563 2403 2721 2452 dicat

1641 2481 1853 2542 qualem.-
1874 2480 1964 2530 sed
1989 2482 2244 2542 nesciunt,
2269 2483 2364 2532 hae
2385 2481 2551 2544 figura
2574 2481 2702 2530 mui-

1644 2562 1754 2605 tum
1780 2564 2003 2608 .veteres
2044 2573 2163 2608 usos
2207 2574 2341 2609 esse.
2424 2559 2705 2609 Eunuchum

1564 2656 1569 2663 ·
1641 2633 1777 2683 enim
1802 2636 1867 2684 ad
1889 2636 2064 2686 dedisti
2084 2636 2305 2686 verbum
2321 2637 2521 2688 retulit.
2554 2637 2707 2687 Nunc

1643 2726 1773 2775 ergo
1793 2713 1939 2763 addit
1952 2714 2175 2778 ‘propter
2201 2710 2342 2764 aliud
2363 2713 2550 2777 ,ὰξίωμα
2571 2727 2707 2762 assu·

1644 2790 1885 2840 mendum
1941 2793 2287 2856 extrinsecus,
2310 2802 2313 2807 '
2340 2794 2384 2842 is
2432 2792 2707 2842 Eunuchus.

1650 2867 1786 2916 Nam
1808 2869 2011 2931 quoties
2032 2884 2136 2919 uno
2158 2869 2383 2933 nomine,
2405 2877 2495 2919 aut
2516 2876 2713 2933 prono-‘

1647 2943 1786 2993 mine
1821 2943 2040 2994 diversae
2079 2945 2442 2995 declinationis
2471 2945 2706 2994 enuntia·

1650 3018 1818 3068 tiones
1837 3019 2367 3084 comprehenduntur,
2383 3034 2603 3070 neeesse
2627 3025 2708 3068 est

1653 3096 1786 3159 quod
1836 3097 1989 3146 alteri
2032 3098 2482 3148 accommodatum
2526 3095 2706 3161 fuerit,

1652 3173 1718 3222 ab
1737 3174 1904 3222 altero
1926 3172 2240 3238 discrepare.
2273 3174 2426 3223 Idem.
2512 3186 2516 3191 ·

1665 3278 1669 3283 <
1718 3250 1872 3306 Quem
1890 3251 2086 3308 dedisti,
2106 3266 2221 3314 quos
2245 3251 2431 3314 turbas]
2479 3252 2551 3300 Et
2570 3248 2707 3315 quein

1649 3333 1705 3376 et
1725 3342 1842 3390 quus
1860 3326 1935 3374 sic
1958 3326 2160 3389 accipe,
2180 3328 2324 3392 quasi
2357 3327 2574 3388 dixerit,
2595 3342 2709 3392 quu-

1649 3406 1741 3452 lem
1762 3402 2058 3463 Eunuchum,
2079 3410 2135 3452 et
2154 3404 2515 3467 qualesturbas.
2539 3403 2707 3454 Idem.

1712 3478 2009 3541 Eunuchum,
2050 3478 2155 3542 &cd
2212 3479 2273 3528 In
2300 3479 2494 3529 Gram.
2530 3486 2711 3530 nostra

1647 3555 1767 3604 vide
1804 3554 2020 3619 Ellipsin
2056 3554 2441 3619 Relativipag.
2470 3560 2555 3607 ⁶0.
2587 3555 2709 3605 For·

1643 3630 1828 3681 nobius.

1715 3712 1777 3758 12
1827 3708 1960 3765 Quid
1990 3708 2086 3772 uis]
2132 3709 2253 3759 Hoc
2292 3708 2609 3759 admirantis
2632 3714 2713 3759 est

1652 3787 1830 3849 magis,
1845 3800 1998 3850 quam
2021 3785 2412 3849 interrogantis.
2449 3788 2689 3837 Donatus.
2708 3808 2713 3811 ¹

1726 3861 1991 3924 Virginem,
2035 3877 2175 3925 quam
2218 3877 2313 3911 era
2352 3863 2550 3912 dederat
2587 3863 2711 3913 'dono

1651 3937 1802 3999 miles,
1823 3938 2041 3987 vitiavit.'
2084 3939 2188 3988 Ριῐ.
2214 3939 2440 4002 quiduis]
2476 3936 2710 3989 Donodc-

1652 4017 1808 4074 derat,
1829 4024 1911 4065 est
1941 4014 1994 4063 in
2018 4014 2152 4064 libro
2183 4015 2457 4077 Bembino,
2481 4024 2547 4065 et·
2570 4016 2713 4065 Basts

1653 4091 1852 4140 licanoz
1905 4105 2080 4139 versus
2104 4098 2278 4140 autem
2313 4099 2397 4140 est
2419 4092 2708 4141 trochaicus

1655 4173 1961 4216 tetrameter
1994 4167 2382 4216 acatalecticus.
2405 4168 2644 4217 Fa‘e‘ruus.

1661 4277 1667 4281 -
1723 4246 1784 4295 13
1822 4242 2094 4294 Temulenta
2123 4241 2196 4307 es]
2243 4241 2424 4295 Ebria.
2457 4257 2489 4293 a
2522 4248 2708 4302 temeto,
