3035 4941
520 341 692 409 1270

518 517 629 565 pro,
667 499 796 552 Num
832 501 954 551 istuc
991 499 1081 550 tibi
1116 500 1399 552 comminata
1442 506 1581 556 sum?

516 578 686 628 Idem.

583 653 815 703 Istuccine
835 653 1138 703 interminata
1158 669 1264 703 sum
1283 654 1394 704 hinc
1416 655 1579 705 abiens

518 730 633 794 tibi]
669 731 906 795 Apparet
929 732 1040 782 haec
1073 740 1188 796 post
1222 747 1427 781 scenam
1461 748 1577 783 esse

517 806 779 856 mandata.
816 821 933 856 nam
967 823 1118 871 supra
1157 823 1257 858 non
1303 811 1576 861 meminit.

516 882 608 932 sed
635 883 861 945 dixerat,
898 871 1125 933 ‘Tamen
1148 885 1239 934 bos
1254 887 1396 949 prius
1419 888 1579 937 intro-

517 958 724 1019 ducam,
744 967 801 1008 et
822 975 938 1023 quae
961 961 1077 1009 volo
1100 962 1248 1010 simul
1275 963 1575 1027 imperabo·

516 1044 701 1099 postea
721 1035 967 1084 continuo
987 1036 1152 1085 exeo!
1185 1039 1338 1088 Idem.

511 1151 526 1157 -
579 1112 761 1161 Abienus
780 1111 895 1174 tibi]
924 1112 1123 1175 Supra,⁸
1151 1120 1256 1162 act.
1294 1129 1384 1164 ιιι.
1416 1131 1488 1167 sc.
1528 1121 1577 1166 2.

509 1188 532 1242 .‘
561 1188 702 1241 Quid
726 1188 866 1238 aliud
903 1189 1041 1238 volui
1064 1190 1277 1240 dicere?
1309 1192 1466 1255 Hem,
1488 1208 1578 1242 cu·

515 1275 632 1316 rate
665 1266 817 1316 istam
840 1265 1115 1330 diligenter
1139 1267 1579 1330 virginem.’·.Far-

511 1342 702 1394 stabius.

584 1424 643 1468 16
681 1419 762 1469 Ita
792 1426 845 1469 ut
867 1425 920 1469 tu
950 1421 1096 1484 justi,
1137 1423 1227 1471 soli
1267 1422 1448 1472 credita
1481 1424 1581 1488 est]

516 1495 739 1545 Dixerat
761 1497 896 1546 enim
924 1499 1064 1562 prius
1087 1498 1322 1562 Chaerea,
1360 1501 1375 1527 ‘
1403 1501 1581 1551 Edicit

516 1585 584 1620 ne
617 1572 692 1620 vir
732 1573 1000 1637 quisquam
1041 1573 1107 1623 ad
1147 1589 1260 1623 eam
1312 1575 1485 1638 adeat,
1526 1587 1580 1629 et

464 1659 468 1663 ·
517 1649 639 1697 milii
656 1663 720 1697 ne
743 1650 1038 1714 abscedam,
1059 1651 1318 1714 imperat.’
1341 1653 1579 1705 Donatus.

582 1726 740 1789 Justi]
762 1727 984 1788 Σνγκοπὴ
1009 1725 1088 1777 καὶ
1102 1728 1459 1794 perarmatos,
1481 1745 1578 1795 pro

504 1804 715 1865 jussisti.
735 1804 901 1858 Idem.

580 1880 681 1931 Soli
696 1882 874 1931 credita
894 1883 987 1947 est]
1024 1881 1145 1933 Act.
1168 1897 1252 1934 11¹.
1273 1898 1346 1933 sc.
1364 1890 1412 1935 6.
1466 1884 1575 1935 An-

519 1958 716 2022 tiphoni
748 1968 927 2009 narrat
965 1960 1181 2010 Chaerea
1219 1960 1318 2011 sibi
1355 1976 1576 2012 commo·

517 2035 695 2086 datam
720 2052 751 2086 a
769 2037 964 2087 Thaide
987 2038 1253 2102 virginem.
1323 2039 1340 2068 ‘
1363 2038 1575 2103 Edicit:

514 2111 906 2177 inquiens,=‘ne
947 2114 1025 2163 vir
1059 2117 1323 2180 quisquam
1356 2115 1422 2164 ad
1460 2131 1573 2166 earn

511 2190 688 2253 adeat,
711 2199 768 2240 et
796 2191 917 2254 mihi
950 2206 1017 2240 ne
1048 2192 1314 2255 abcedam,
1335 2192 1575 2256 imperat.

511 2266 575 2316 In
602 2269 849 2319 interiore
875 2277 1022 2331 parte
1068 2278 1124 2319 ut
1161 2286 1395 2322 maneam
1417 2273 1576 2321 —solus

515 2358 630 2392 cnm
657 2346 799 2393 sola.'
833 2345 1117 2396 Fan-nabius.

574 2423 636 2468 16
689 2420 919 2483 Scelesta,
958 2436 1089 2470 orem
1132 2423 1241 2486 lupo
1273 2423 1576 2489 commisisti]

514 2496 659 2545 Bene
690 2494 907 2545 dilatum
948 2503 1030 2546 tot
1070 2500 1423 2550 occasionibus
1458 2517 1577 2565 pro-

512 2571 765 2632 verbium,
780 2587 1018 2635 personae
1038 2574 1249 2623 Thaidis
1265 2577 1574 2641 asscriptum

511 2654 613 2697 est.
651 2649 886 2698 continet
926 2649 1062 2698 enim
1101 2649 1391 2701 foemineam
1432 2668 1579 2704 reve·

512 2724 735 2773 rentiam
775 2731 829 2773 et
866 2727 1214 2777 meretricium
1250 2744 1471 2793 sensum,
1492 2747 1573 2781 re·
1618 2774 1623 2781 .

516 2799 698 2865 ditque
732 2816 909 2850 rursus
951 2803 1016 2851 ad
1067 2803 1270 2853 minora
1311 2807 1571 2871 convitia;

513 2877 635 2942 quia
649 2877 792 2938 videt
816 2893 871 2927 se
895 2893 1008 2928 esse
1026 2881 1332 2931 convictam.
1399 2885 1469 2933 Et
1491 2893 1574 2936 est

513 2955 758 3018 proverb.
799 2996 800 2999 ,
836 2955 1041 3019 ‘Ovem
1082 2958 1204 3023 lupo
1235 2963 1571 3015 commisisti?

518 3031 758 3082 Donatus.
1292 3084 1304 3093 Q

582 3108 732 3158 Ovem
796 3110 903 3174 lupo
927 3134 935 3158 ;
966 3112 1262 3163 commisisti.
1328 3116 1570 3182 dispudet]

511 3183 688 3234 Plaut.
705 3186 949 3237 Pseudol.
968 3199 1071 3238 act.
1088 3203 1125 3237 1.
1143 3203 1213 3239 sc.
1225 3195 1275 3240 2.
1295 3192 1571 3243 ‘Utinam-

509 3262 576 3311 lis
599 3264 748 3327 lupos
773 3265 910 3328 apud
929 3280 1053 3316 oves
1075 3268 1386 3335 relinquere,
1419 3288 1572 3337 quam

508 3339 603 3390 hos
617 3340 755 3390 domi
772 3341 1047 3392 custodes!
1068 3343 1325 3395 Antonius
1338 3348 1388 3396 in
1400 3351 1572 3399 conci-

511 3429 611 3466 one
657 3415 883 3480 dixerat,
929 3416 1159 3470 futurum
1185 3437 1274 3471 se·
1303 3426 1572 3477 custodem

510 3491 676 3552 urbis,
691 3506 855 3556 usque
879 3492 945 3541 ad
963 3494 1216 3546 Calendas
1227 3499 1418 3551 Maias.
1485 3504 1501 3531 ‘
1521 3502 1569 3553 Ο

511 3567 859 3631 praeclarum,’
877 3569 1043 3633 inquit
1056 3572 1257 3630 Cicero,
1269 3575 1285 3602 ‘
1299 3577 1570 3628 custodem

514 3644 706 3709 ovium,
737 3652 796 3694 ut
813 3645 978 3707 aiunt,
993 3647 1188 3711 lupum.
1193 3649 1207 3671 ’
1229 3664 1316 3701 ιη’.
1341 3652 1571 3717 Philipp.

510 3721 527 3748 ‘
545 3720 651 3770 Sed
675 3722 787 3786 quis
810 3721 1108 3773 custodiet
1094 3740 1230 3787 ipsos
1263 3727 1572 3780 Custodes?

509 3799 633 3851 δην.
650 3812 727 3848 vr.
750 3800 858 3849 Sat.
896 3800 1182 3852 Famabias.

577 3879 635 3924 17
672 3874 756 3924 Sic
781 3877 900 3926 mihi
935 3879 1049 3927 data
1082 3893 1178 3928 esse
1210 3880 1374 3945 verba]
1409 3842 1568 3933 Vide·

509 3959 597 4001 tur
619 3952 765 4015 plura
786 3951 940 4002 fuisse
964 3954 1187 4019 dictura,
1209 3958 1301 4006 nisi
1302 3974 1569 4026 superve-

506 4028 670 4077 nisset
688 4028 921 4078 Chaerea.
957 4030 1193 4084 Donatus.

576 4104 706 4159 Quid
748 4105 950 4155 hominis
988 4107 1091 4156 illic
1124 4109 1220 4171 est]
1251 4110 1359 4159 Per
1381 4112 1566 4174 geniti-

399 4198 407 4222 ·
508 4192 636 4229 vum
651 4194 822 4230 casum
846 4182 1096 4247 injuriose
1102 4184 1327 4236 dicitur:
1362 4203 1457 4253 per
1481 4204 1569 4239 no·

1548 4282 1553 4287 ·
1632 4267 1776 4328 sero.
1761 4262 1787 4300 7
1818 4259 2091 4328 prasertim
2127 4273 2232 4309 cum
2266 4272 2337 4322 se,
2372 4259 2469 4306 dcc.
2521 4268 2592 4304 vs.
2610 4253 2687 4300 32-

508 4253 1154 4322 minativum,honorifiee.
1190 4262 1341 4314 Idem.

1209 356 1428 406 NOTAE
1477 357 1887 408 VARIORUM
1937 359 2018 409 ΙΝ

1720 504 1852 560 Quid
1874 504 2076 553 hominis
2095 504 2193 553 illic
2215 502 2322 566 est]
2338 502 2387 552 N
2391 517 2455 553 on
2470 503 2706 553 continuo

1653 581 1890 642 agnoscit
1933 582 2067 631 hunc
2128 580 2383 629 homiuem
2443 581 2725 629 Meretrix..

1652 656 1786 706 Quia
1812 657 1917 705 ’etsi
1952 657 2117 706 adhuc
2140 657 2377 706 Eunuchi
2400 665 2549 706 veste
2572 657 2709 705 indu·

1652 738 1734 780 tus
1773 741 1872 794 est,
1907 739 2136 781 attamen
2179 734 2322 781 exuit
2368 729 2613 795 spadonis
2637 733 2706 780 iu-

1653 822 1887 858 cessum:
1925 810 2143 869 vultum,
2167 808 2506 873 habitumque
2547 818 2707 858 muta·

1652 884 1759 933 vit:
1796 892 1851 934 et
1870 893 2064 948 proeter
2087 891 2302 948 vestem,
2327 893 2471 935 totus
2494 887 2562 935 in
2571 885 2710 935 Cllae·

1652 975 1792 1009 ream
1816 962 1989 1011 rediit.
2025 963 2175 1012 Idem·

1718 1041 1780 1086 18
1836 1038 1974 1088 Hera
2016 1054 2118 1089 mea
2159 1044 2297 1097 tace,-
2318 1043 2474 1094 tace,
2509 1036 2710 1099 obsecro]

1651 1113 1854 1163 Blande
1876 1130 1939 1165 ac
1961 1115 2266 1179 puellariter
2289 1116 2508 1165 arridet.
2546 1115 2687 1165 Iden.

1699 1189 1864 1254 Tace]
1899 1192 2022 1241 Non
2045 1192 2304 1241 silentium
2321 1191 2601 1241 indicentis
2617 1196 2708 1252 est,

1651 1268 1742 1317 sed
1788 1283 2020 1319 securam
2064 1268 2333 1319 facientis:
2387 1256 2469 1330 iit,
2512 1269 2530 1296 ‘
2553 1268 2707 1323 Tace,

1650 1353 1856 1409 egomet
1882 1346 2180 1396 conveniam
2203 1344 2409 1409 ipsum!
2450 1346 2600 1394 Idem.
2726 1364 2749 1378 ··

1721 1426 1783 1472 19
1816 1422 2060 1473 Habemus
2090 1421 2342 1485 lwntinem]
2391 1422 2532 1471 Mire
2570 1418 2710 1469 homii-

1650 1514 1756 1550 nem
1777 1499 1930 1557 dixit,
1950 1507 2008 1549 ut
2032 1509 2194 1549 reum.
2236 1500 2384 1549 Idem.

1722 1575 1961 1626 Habemus
1974 1577 2205 1625 homiaem
2220 1575 2396 1639 ipsum]
2425 1575 2585 1626 Hunc
2604 1589 2710 1626 ver-

1652 1666 1762 1700 sum
1785 1658 1841 1701 et
1855 1660 2155 1717 sequentem
2178 1652 2264 1700 alii
2280 1652 2434 1700 aliter
2453 1651 2708 1701 ordinant.

1648 1742 1742 1777 nos
1766 1728 1842 1778 sic
1881 1743 1948 1778 ex
1982 1729 2116 1778 libro
2144 1729 2430 1777 Bembino:
2469 1728 2709 1778 Habemus

1648 1805 1881 1854 hominem
1911 1805 2081 1869 ipsum.
2130 1806 2243 1854 ΤΗ.
2272 1804 2416 1854 abiis
2436 1802 2552 1855 est?
2606 1805 2705 1854 ΡΥ.

1649 1881 1754 1930 Item
1774 1884 1837 1931 ad
1855 1882 2118 1932 sinistrant.
2182 1881 2325 1931 Vides
2355 1886 2445 1930 ue?
2511 1882 2620 1931 ΤΗ.
2639 1879 2706 1929 oi·

1647 1961 1747 2010 deo.
1776 1960 1882 2011 PY.
1898 1958 2285 2024 comprendijabe
2302 1964 2532 2021 quantum
2546 1961 2708 2020 potest.

1647 2037 1722 2085 Ut
1742 2037 1895 2087 ambo
1913 2037 2017 2086 sint
2037 2036 2258 2086 trimetri
2280 2034 2540 2095 Iambic13
2573 2033 2707 2097 prior

1648 2111 1858 2175 quidem
1895 2112 2252 2173 catalecticus,
2286 2124 2508 2174 sequens
2543 2113 2708 2158 acata-

1647 2187 1879 2245 lecticus,
1915 2187 1969 2235 id
2003 2194 2087 2237 est
2121 2187 2375 2250 senarius,
2409 2186 2462 2235 in
2504 2200 2607 2250 quo
2641 2183 2708 2231 sit

1649 2265 2140 2327 proceleusmaticus
2183 2264 2236 2313 in
2282 2262 2516 2313 secunda
2553 2267 2610 2311 et
2649 2260 2697 2309 ia

1650 2350 1832 2406 quarta
1846 2341 2102 2405 dactylus,
2120 2348 2365 2403 correpta
2385 2339 2436 2387 in
2467 2336 2587 2398 ,iube
2604 2350 2707 2444 pos·

1649 2418 1840 2466 tei-iore
1860 2416 2076 2482 syllaba.
2110 2416 2343 2465 Faernus·

1713 2499 1778 2545 20
1809 2497 1936 2546 Jube
1956 2493 2306 2558 comprehendi]
2354 2494 2467 2542 Pro
2504 2505 2703 2556 eompre-

1648 2572 1816 2622 hende.
1857 2572 1980 2622 Jabe
2002 2572 2135 2621 enim
2156 2572 2277 2621 velle
2296 2568 2574 2634 significat.
2605 2568 2703 2618 Do·

1648 2655 1807 2700 natus.

1713 2724 1775 2776 2'1
1815 2727 1944 2782 Quia
1980 2726 2056 2776 illi
2079 2725 2337 2785 faciemus,
2355 2723 2533 2787 stulta]
2582 2721 2704 2773 Sub-

1649 2802 1856 2851 auditur
1876 2803 2219 2865 comprehenso.
2253 2801 2421 2851 Idem.

1715 2879 1846 2935 Quid
1879 2878 2056 2941 facias,
2089 2878 2255 2941 rogas]
2312 2879 2587 2927 Moraliter
2619 2890 2701 2924 ex-

1646 2956 1837 3018 pressit
1860 2955 2046 3018 puellae
2064 2956 2325 3018 stupentis
2341 2956 2522 3011 verba,
2540 2963 2592 3002 et
2608 2964 2702 3000 non

1645 3032 1881 3082 habentis
1918 3032 2040 3096 quid
2081 3031 2394 3096 respondeat
2416 3031 2484 3080 ad
2507 3046 2569 3081 ea
2590 3042 2698 3094 quae

1649 3108 1788 3159 dicta
1812 3115 1950 3158 sunt.
1985 3110 2136 3158 Idem.
2690 3134 2693 3137 -

1710 3191 1774 3236 22
1819 3187 1939 3236 Vide
1959 3187 2141 3244 amabo,
2162 3186 2206 3234 si
2225 3201 2338 3247 non,
2359 3201 2466 3242 cum
2487 3182 2700 3248 aspicias,

1646 3279 1699 3313 os
1715 3264 1959 3327 impudens
1977 3262 2189 3326 videtur]
2234 3261 2372 3311 Mire
2396 3261 2462 3310 ab
2485 3274 2546 3310 eo
2568 3256 2696 3323 quod

1649 3341 1965 3406 respondere
1985 3337 2320 3403 coeperat,.ad
2342 3337 2484 3387 aliud
2509 3334 2701 3394 transit,

1646 3420 1835 3468 mirata
1863 3417 2231 3467 confidentiam
2270 3416 2519 3464 Cliaereae.
2572 3411 2695 3461 Non

1648 3503 1730 3544 est
1762 3493 2055 3558 impudens,
2076 3493 2264 3557 inquit,
2286 3505 2391 3540 non
2414 3498 2496 3538 est
2518 3488 2612 3538 nisi
2635 3485 2695 3534 si-'

1645 3573 1780 3622 milis
1804 3570 2158 3636 impudenti
2154 3569 2279 3618 Sic
2301 3567 2479 3631 alibi,‘
2503 3561 2696 3615 Severi-

1648 3655 1727 3699 tas
1750 3651 1887 3698 inest
1910 3648 1961 3696 in
1984 3645 2151 3709 vultu,
2174 3652 2333 3710 atque
2363 3643 2416 3691 in
2456 3639 2622 3690 verbis
2641 3635 2694 3685 fi-

1646 3725 1775 3775 des.’
1809 3727 2046 3776 Donatus.

1710 3805 1894 3853 Sonus
1918 3800 2005 3863 11.]
2054 3799 2253 3849 Iterum
2289 3793 2506 3845 Senarii.
2555 3802 2625 3841 vs.
2647 3793 2690 3836 5.

1643 3882 1776 3931 Mss.
1807 3879 1973 3929 nostri
2003 3890 2210 3927 omnes:
2245 3878 2427 3936 egomet
2460 3872 2511 3920 in
2543 3869 2692 3933 peaes.-

1646 3973 1723 4007 vs.
1747 3963 1797 4007 9.
1839 3970 1933 4020 pro
1961 3955 2132 4016 hoereo,
2155 3953 2256 4000 duo
2293 3948 2503 4006 liabent,
2520 3947 2691 3995 horreo.

1648 4052 1722 4086 vs.
1750 4040 1830 4084 13.
1845 4046 2061 4082 omnes:
2096 4030 2355 4079 abiturum.
2392 4040 2492 4075 vss.
2513 4029 2594 4074 22.
2613 4022 2688 4069 28.

1645 4126 1853 4163 omnes.
1907 4110 2021 4173 quid
2055 4122 2164 4156 vero
2201 4106 2381 4171 (unus
2399 4098 2688 4165 interponit,

1643 4187 1743 4252 ita)
1761 4188 1950 4238 abeam.
1935 4184 1961 4222 ‘1
1982 4182 2165 4234 credon’
2186 4181 2275 4232 isti
2293 4181 2536 4247 quicquam
2544 4173 2690 4238 surci-
