3035 4941
670 406 1031 462 TEREN'rn
1089 405 1431 466 Annum-1.-
1464 405 1628 453 AG'r.
1678 407 1728 454 Ι.
1774 403 1880 454 SC.
1930 407 1974 452 1.

248 568 303 603 ne
333 551 526 603 Circusz
561 559 617 603 et
646 553 1008 604 item·similia.
1072 551 1275 617 Inoni-1

250 630 333 679 bus
363 645 599 680 summum
647 632 828 682 Poe‘tae
872 631 1050 681 vitium
1089 636 1186 692 est,

249 706 355 771 qnid
391 720 418 755 e
460 708 717 757 contrario·
751 720 1035 772 repugnans
1068 712 1271 754 contra·

248 783 360 832 rium
382 783 729 849 diversumque
751 783 1041 847 protulerit,
1058 782 1156 832 nisi
1177 796 1274 852 per

223 905 230 911 .
247 856 494 922 ἀντίφρασιν
509 875 690 909 nomen
708 861 1013 926 imposuerit
1023 859 1270 924 joculari·
1288 900 1292 904 4

248 940 331 996 ter,
362 941 416 983 ut
443 935 811 1000 Misargyrides
851 936 902 984 in
938 935 1127 985 Plauto
1150 933 1277 995 diciq

248 1017 322 1059 tur
359 1013 635 1074 trapezita.
696 1014 764 1063 Et
819 1012 930 1063 fere
981 1013 1091 1078 hoc·
1122 1011 1272 1061 modo

156 1145 159 1156 .
247 1089 365 1151 apud
387 1090 505 1137 alios
544 1105 574 1139 a
614 1089 1273 1152 Poetisnominacompo-

247 1171 416 1215 nnntur
455 1164 794 1215 describendo
840 1180 935 1229 per
981 1163 1273 1229 ἀντίφρασιν,

250 1240 368 1304 quod
398 1241 633 1306 designat
663 1242 873 1292 Storax.
940 1242 1132 1292 Primae
1157 1257 1275 1305 par·

250 1323 333 1373 tes,
368 1317 493 1367 sicut
529 1318 579 1367 in
626 1319 839 1382 prologo
875 1319 987 1383 ipse
1022 1319 1278 1384 promisit,

247 1408 273 1441 a
301 1395 491 1444 senibus
528 1403 780 1460 aguntur:
818 1409 1033 1461 quornm
1065 1401 1279 1446 conten-

248 1469 372 1519 tione
392 1471 453 1521 ad
478 1479 834 1536 argumentum
859 1472 1043 1534 relata,
1068 1472 1175 1520 vita
1201 1486 1279 1519 as-

248 1562 359 1611 pera
397 1564 510 1599 cum
549 1549 675 1610 leni,
713 1556 770 1599 et
807 1554 956 1613 pater
981 1549 1140 1600 comis
1162 1562 1279 1598 cum

248 1627 546 1675 severissimo
569 1632 922 1690 comparatur.
960 1625 1194 1674 Donatus.

254 1757 259 1762 ¹
312 1702 496 1760 Storax,
545 1719 642 1753 ιιοιι
675 1703 820 1752 redi&
855 1719 886 1752 a
902 1718 1032 1753 eoena
1065 1703 1152 1751 hac
1170 1717 1282 1751 noc·

247 1783 287 1829 te
323 1781 583 1842 AEschinus,
637 1779 801 1843 Neque
837 1780 1126 1828 servulorum
1158 1777 1282 1841 quia-

247 1871 385 1919 quam,
420 1856 524 1920 Qu]
580 1855 742 1906 Hunc
773 1857 938 1906 locum
962 1856 1166 1906 Gallice
1191 1869 1286 1919 per

250 1928 695 1998 interrogationem
730 1939 904 1982 vertas
949 1947 1094 1994 cave,
1147 1931 1283 1995 quod

248 2004 425 2072 factum
448 2009 573 2059 scio.
621 2011 890 2059 storacem
914 2008 1161 2057 inclamat
1183 2007 1286 2056 Mi·

249 2083 336 2146 cio,
374 2086 456 2150 qui
512 2087 751 2135 servulus
798 2099 900 2134 non
958 2084 1184 2133 redierat
1225 2098 1287 2131 ea

249 2170 383 2211 nocte
406 2163 633 2213 domum.
701 2163 830 2214 Quae
870 2162 998 2211 dicit
1034 2161 1195 2210 Micio
1222 2160 1286 2210 ad

248 2234 384 2287 finem
408 2255 563 2304 usque
589 2255 785 2303 scenae,
809 2254 873 2289 ea
894 2239 990 2289 sibi
1014 2238 1163 2303 dicit,
1186 2254 1288 2290 non

251 2313 453 2366 Stoi-aci.
488 2318 668 2367 Faber.

303 2391 494 2458 Stoi-ax]
516 2396 789 2444 Storacem
816 2393 1037 2457 vocavit,
1056 2408 1157 2443 non
1183 2393 1292 2443 AEs·

251 2466 464 2520 chinum.
451 2488 464 2501 ·
494 2488 597 2537 quo
624 2479 833 2522 tacente
860 2487 1093 2537 puerum,
1115 2470 1167 2521 id
1191 2479 1291 2528 est,

251 2538 524 2598 AEschinum
570 2550 844 2599 absentem
896 2551 1110 2599 credit·
1171 2548 1293 2614 quia

252 2625 423 2673 servuli
457 2612 883 2676 adolescentibus
906 2627 1295 2690 praestolantur.

251 2697 317 2748 Ut
354 2700 404 2749 in
443 2701 671 2763 Andria,
715 2703 1111 2753 ‘Observabam
1143 2715 1294 2750 mane

251 2772 432 2826 illorum
468 2780 705 2828 servulos
740 2780 1029 2841 venientes,
1063 2785 1154 2828 aut
1179 2779 1296 2829 abe-

253 2854 421 2904 untes.'
499 2857 608 2905 Sed
657 2856 776 2919 quia
810 2855 922 2905 fieri
968 2864 1194 2919 poterat,
1238 2862 1298 2905 ut

253 2926 442 2981 domino
461 2933 681 2982 absente
701 2933 904 2982 adesset
921 2933 1133 2994 storax,
1163 2947 1298 2982 com·

255 3004 530 3059 'modissime
555 3009 786 3073 adjecit:
821 3011 836 3038 ‘
857 3004 1043 3074 Neque
1073 3010 1298 3059 servulo·

254 3094 353 3153 rum
388 3085 656 3150 quisquam
691 3085 778 3149 qui
802 3084 1074 3152 adversum
1098 3083 1302 3134 ierant.’

255 3157 477 3212 Donatus.

312 3236 490 3288 Storna:
530 3254 627 3289 ιιοιι
671 3239 817 3293 rediit
861 3239 949 3288 Ιιασ
984 3238 1143 3302 nocte]
1184 3235 1303 3289 Hoc

255 3313 334 3363 alii
369 3316 766 3381 interrogative,
801 3317 887 3366 alii
912 3316 1303 3381 pronuntiative

257 3392 547 3453 proferunt:
584 3396 675 3445 sed
718 3395 882 3461 magis
917 3393 1304 3460 pronuntiative

261 3466 544 3523 dicendum.
582 3473 734 3539 Idem.

316 3545 508 3605 storax,
552 3548 662 3612 qua]
712 3538 1185 3610 Interrogatiouem
1221 3547 1305 3598 hic

261 3620 403 3686 vulgo
428 3630 648 3687 ponunt.
717 3625 816 3674 Sed
843 3624 1005 3685 magis
1025 3624 1201 3686 placet
1225 3623 1309 3672 Fr.

2223 388 2399 490 1³⁰³

1341 551 1742 611 tenstoracem,
1778 564 1930 616 quem
1963 548 2145 599 abesse
2176 564 2281 602 non
2317 565 2397 601 re-

1226 629 1270 678 si
1342 627 1644 692 spondendo
1666 626 2027 682 intelleximus.
2059 627 2299 677 Donatus.

1360 747 1363 748 ι
1409 704 1506 759 Qui
1525 702 1812 765 adversum]
1828 703 2050 766 Proprie
2073 704 2278 754 locutus
2301 713 2401 756 est.

1343 780 1479 830 Nam
1496 773 1812 829 advorsitores
1833 778 2092 829 dicuntur.
2128 780 2278 830 Idm.

1409 857 1600 921 lerant]
1631 857 1896 908 Producte
1928 857 1963 907 Ι
1983 858 2399 919 pronuntiando:

1345 936 1481 999 qnod
1506 949 1618 997 nos,
1658 933 1838 984 addita
1868 951 1919 997 v,
1953 934 2148 985 Iverant
2165 934 2401 985 dicimus.

1343 1011 1473 1061 Tale
1495 1018 1579 1062 est
1608 1011 1737 1059 illud
1760 1011 1995 1074 Virgilii:
2029 1012 2045 1038 ‘
2069 1011 2183 1061 Nos
2213 1011 2414 1075 abiisse·
2449 1017 2452 1020 '

1347 1090 1467 1147 rati,
1489 1096 1545 1138 et
1569 1095 1737 1154 *vento
1761 1088 1975 1151 petiisse
1999 1087 2286 1152 Mycenas!
2325 1090 2410 1137 ld.
2450 1121 2458 1131 -

1410 1165 1733 1227 Seu-aularum,
1745 1164 1829 1228 qai
1843 1157 2087 1214 adversum
2102 1165 2281 1228 ierant]
2298 1164 2406 1214 Ad-

1347 1241 1670 1302 versitorum,
1691 1241 1777 1305 qni
1794 1241 2005 1290 domino
2019 1240 2144 1291 foris
2163 1242 2410 1303 coenanti,

1348 1318 1504 1370 officii
1529 1326 1584 1370 et
1598 1320 1796 1379 tutelae,
1826 1320 2014 1384 gratia,
2043 1328 2410 1418 processerunt

1349 1397 1571 1447 obviam.
1587 1397 1892 1449 Faraubs‘us.

1414 1477 1444 1523 3
1479 1473 1704 1532 Profecto
1736 1475 1819 1524 hoc
1861 1490 1969 1524 vere
2010 1476 2196 1539 dicunt]
2243 1475 2410 1526 Abso-

1350 1551 1494 1601 lutet
1516 1566 1620 1601 non
1643 1551 1847 1601 addidit
1874 1527 1990 1614 ῥιὶ.
2022 1553 2276 1602 Donatus.

1417 1628 1477 1678 Si
1514 1628 1640 1677 absis
1679 1628 1882 1692 uspiam]
1922 1626 2174 1677 Abundat
2212 1629 2413 1693 uspiam,

1354 1710 1445 1753 aut
1489 1704 1641 1754 deest
1680 1705 1940 1768 profectus,
1981 1713 2071 1754 aut
2116 1706 2235 1770 qnid
2288 1707 2412 1755 tale.

1358 1782 1464 1832 Aut
1488 1783 1569 1833 ubi
1590 1783 1805 1846 uspiam.-
1843 1782 2098 1848 significat
2122 1785 2255 1833 enim
2281 1785 2416 1833 scili-

1358 1866 1446 1908 cet
1483 1860 1667 1923 uspiam
1703 1868 1759 1909 et
1798 1859 1852 1908 in
1886 1861 2021 1922 loco,
2052 1869 2109 1934 et
2136 1861 2198 1909 ad
2225 1862 2414 1910 locum.

1345 1923 1508 1985 'Idem

1421 2012 1480 2062 Si
1500 2013 1628 2062 absis
1646 2012 1849 2076 uspiam,
1872 2011 1973 2061 Aut
1995 2013 2074 2061 ubi
2093 2013 2136 2062 si
2158 2013 2326 2076 cesses]
2360 2012 2420 2074 Si

1359 2087 1501 2145 absis,
1526 2088 1590 2137 ad
1626 2096 1868 2152 parentes
1908 2089 2194 2153 propitios:
2235 2089 2294 2138 Si
2321 2103 2417 2136 ces-

1360 2180 1451 2226 ses,
1475 2166 1539 2215 ad
1581 2180 1791 2215 uxorem
1832 2165 2018 2228 iratam
2060 2163 2220 2213 refert
2252 2165 2305 2213 in
2332 2164 2422 2228 deff

1364 2247 1635 2290 sertorem.
1672 2242 1823 2289 Idem.

1435 2316 1554 2379 Ubi]
1586 2316 2142 2381 Sicubi.Anast1-opl=e.
2183 2315 2391 2382 Farnob.

1429 2399 1459 2443 5
1501 2392 1659 2455 Uxor]
1714 2393 2137 2444 subaudiendum
2161 2401 2257 2457 est,
2284 2394 2423 2444 Dicit

1365 2472 1493 2522 irata
1512 2486 1650 2520 uxor.
1691 2472 1951 2523 Donatus.
2241 2465 2244 2468 ¹

1435 2550 1557 2605 Quae
1593 2549 1644 2597 in
1679 2548 1858 2612 auimo]
1915 2550 2086 2599 Omne
2116 2549 2251 2614 quod
2271 2550 2428 2598 senti-

1368 2641 1496 2688 mus,
1532 2632 1622 2675 aut
1652 2627 1955 2689 cogitamus,
1978 2634 2069 2677 aut
2090 2628 2335 2677 dicimus:
2373 2635 2429 2676 et

1370 2711 1646 2767 utrumque
1673 2717 1765 2765 pro
1787 2705 2021 2767 oratione
2050 2712 2149 2753 est.
2210 2703 2316 2754 Sed
2340 2704 2432 2752 illa

1371 2779 1747 2841 ἐνθυμηματικὸς,
1772 2796 1886 2845 quae
1907 2782 1957 2829 in
1982 2781 2299 2845 cogitatione
2321 2788 2429 2830 esti

1372 2859 1484 2908 haec
1504 2857 1783 2922 προφορικὸς
1821 2856 1968 2918 λόγος
1995 2858 2209 2921 dicitur,
2240 2857 2433 2922 quaessin

1378 2935 1554 2983 verbis
1579 2944 1660 2983 est
1684 2934 1985 2987 constituta.
2031 2935 2307 2996 Virgilins3
2330 2937 2345 2962 ‘
2367 2935 2436 2983 Et

1375 3011 1496 3059 mihi
1510 3011 1620 3074 jam
1645 3011 1794 3060 multi
1816 3011 2029 3061 crudele
2052 3011 2311 3059 canebant
2334 3008 2434 3058 Ar-

1377 3086 1532 3136 tificis
1557 3087 1744 3148 scelus,
1775 3092 1830 3135 et
1867 3086 2016 3136 taciti
2050 3093 2270 3134 ventura
2293 3085 2436 3134 vide-

1375 3161 1542 3213 bant!
1568 3207 1572 3212 ,
1605 3164 1674 3211 Et
1698 3162 1808 3226 ipse
1842 3162 1999 3212 alibi:
2042 3162 2057 3189 ‘
2078 3162 2232 3210 Nunc
2257 3162 2298 3210 si
2325 3160 2438 3225 quis

1378 3248 1461 3289 est
1500 3240 1585 3305 qui
1633 3240 1728 3288 hoc
1772 3238 1936 3302 dicat,
1980 3248 2071 3288 aut
2105 3239 2178 3288 sic
2209 3236 2440 3343 cogitet?

1380 3316 1530 3366 Idem.

1447 3396 1480 3440 6
1513 3390 1674 3455 Irata]
1712 3391 1986 3456 zelotypa,
2011 3391 2197 3440 rixosa.
2230 3390 2441 3440 Fau—nab.

1460 3469 1617 3524 Quam
1652 3470 1737 3518 illa
1780 3484 1883 3531 quoe
1915 3467 2156 3531 parentes]
2208 3466 2444 3517 Erudite.

1384 3547 1501 3596 Non
1526 3546 1804 3601 addidit-in
1828 3562 1981 3611 quem
2006 3546 2167 3607 dicat,
2186 3546 2307 3611 qnia
2326 3546 2447 3608 scit,

1385 3624 1592 3672 nomina
1619 3625 1792 3673 uxoris
1826 3631 1883 3673 et
1919 3631 2191 3688 parentum
2212 3625 2306 3672 τῶν
2332 3621 2446 3687 πρὸς

259 3697 913 3765 Guyetisententia,quam
933 3700 1064 3750 vide.
1133 3699 1207 3748 Ut
1226 3699 1309 3749 bic
1383 3698 1584 3748 flesse.
1616 3700 1853 3749 Donatus.

260 3773 430 3825 Storax
447 3793 516 3827 ex
543 3778 608 3826 iis
633 3778 795 3826 servis
809 3776 990 3838 fuerit,
1004 3777 1090 3841 qui
1108 3777 1309 3825 obviam

260 3849 473 3915 iverant,
505 3854 732 3902 necdum
768 3853 1050 3902 redierant.
1105 3853 1310 3901 Boecler.

1451 3782 1482 3826 7
1524 3778 1673 3834 Uxor,
1702 3776 1935 3839 sices-ses]
1968 3778 2144 3830 Quare
2167 3776 2446 3839 non,siab-

1387 3854 1488 3902 sis?
1531 3867 1594 3901 an
1632 3855 1751 3917 qnia
1784 3852 1978 3916 justius
2021 3852 2262 3913 cessanti,
2298 3866 2449 3913 qnam

321 3928 520 3994 Storaae]
579 3931 830 3992 Egressus
888 3929 939 3978 in
983 3929 1311 3993 proscenium
1390 3928 1593 3977 absenti
1635 3929 2036 3978 succensemus?
2077 3943 2144 3977 an
2176 3926 2452 3993 quiairata

262 4002 536 4130 allaquitur
565 4006 834 4055 storacem
870 4006 959 4070 qui
993 4006 1151 4056 intus.
1188 4006 1311 4055 Far·

262 4093 320 4128 ιιιι

308 4097 436 4207 Nx
457 4159 627 4222 rediit]
685 4160 821 4208 Haec
843 4150 1074 4208 nonnulli
1097 4158 1318 4208 interro·

267 4237 460 4297 gatorie
486 4236 928 4299 pronunciandum
956 4242 1185 4287 censent.
1237 4235 1315 4287 Id.

326 4315 358 4361 2
391 4312 561 4374 Neque
572 4314 857 4363 servolorum
869 4313 1136 4379 quisquam]
1145 4310 1254 4365 Pro
1260 4328 1316 4385 p

387 4393 566 4457 Delph.
578 4394 780 4459 thVur.
807 4396 935 4446 Clas.

1275 4393 1465 4444 Terent.

1392 4018 1540 4067 uxor,
1558 4003 1601 4053 si
1620 4018 1820 4053 cesses
1809 4004 1827 4040 Ρ
1862 4003 2012 4053 Idem.

1454 4081 1558 4131 Aut
1596 4084 1643 4128 te
1683 4094 1843 4129 amare
1878 4078 2084 4145 cogitat]
2147 4077 2452 4139 Ἐπεξή-γησις

1395 4173 1511 4206 cnm
1555 4155 1819 4221 ἐξεργασίᾳ,
1851 4156 1949 4205 Aut
1978 4161 2025 4205 te
2062 4170 2221 4204 amare
2242 4156 2453 4217 cogitat:

1395 4244 1485 4285 aut
1505 4236 1673 4285 minus
1698 4235 1902 4299 peccati
1938 4242 2035 4293 est,
2060 4236 2217 4289 amori
2242 4235 2454 4299 proprio

1397 4312 1602 4376 cedere,
1626 4327 1775 4376 quam
1814 4312 1981 4362 alieno
2023 4311 2183 4362 amori
2220 4310 2470 4391 obsequi
