3035 4941
515 469 695 538 1⁶:300.-

521 631 760 693 intellige
786 619 1239 684 cumEugrapbiot
1261 618 1414 666 aliter
1438 627 1585 663 acce-

521 710 603 775 pit
624 705 857 767 Scaliger
881 699 1023 765 poet.
1046 711 1124 746 vx.
1145 700 1195 746 3.
1230 694 1488 743 Boeclerus.

591 787 691 834 Cur
713 786 887 847 partes,
912 776 1017 842 ἔχω]
1069 775 1175 823 Cur
1208 770 1332 820 mibi
1366 769 1478 818 seni
1498 781 1592 829 po-

524 864 611 914 eta
630 859 834 911 dederit
857 861 1031 919 partes
1054 849 1273 915 prologi.
1302 845 1589 896 Far-nabitu.

591 944 621 989 3
660 937 847 987 Dei-nde
868 932 989 997 quod
1010 929 1117 978 veni
1138 922 1351 988 eloquar]
1409 921 1594 971 Altera

526 1019 642 1068 haec
664 1027 781 1079 pars
803 1017 904 1070 est,
925 1007 1092 1057 simile
1116 1008 1287 1052 autem
1312 1000 1432 1050 mihi
1453 997 1593 1046 vide-

532 1102 620 1143 tur
631 1091 751 1140 huic
769 1101 884 1137 esse
903 1081 1214 1148 principium
1232 1074 1592 1126 divinationis:

531 1180 755 1232 namque
778 1170 835 1213 et
868 1162 972 1211 illic
1007 1157 1144 1223 quod
1185 1155 1355 1204 subito
1394 1155 1596 1200 mutata

533 1247 801 1297 voluntate
824 1239 890 1287 ad
930 1233 1274 1286 accusandum
1314 1227 1599 1278 descende-

536 1327 676 1380 rant,
697 1320 879 1367 mirum
913 1313 1045 1362 dixit
1080 1310 1264 1371 videri,
1294 1308 1375 1356 vel
1406 1304 1600 1370 judici·

534 1395 746 1461 bus‚vel
767 1387 1251 1444 circumstantibus:
1279 1399 1338 1433 ac
1363 1390 1601 1448 propter-

539 1490 603 1525 ea
632 1488 688 1523 se
709 1471 931 1536 primum
955 1468 1008 1517 id
1032 1466 1168 1513 velle
1191 1463 1516 1511 dissolvere.·
1545 1457 1603 1507 St

540 1551 644 1616 quis
677 1553 909 1607 vestrum,
946 1543 1175 1597 Judices,-
1201 1545 1287 1588 aut
1323 1552 1484 1587 eorum
1523 1535 1604 1598 qni

541 1630 731 1687 adsunt,
787 1624 923 1683 sorte
974 1620 1192 1668 miratur.
1301 1614 1465 1663 Vides
1520 1613 1606 1661 hic

542 1703 759 1752 verbum
791 1698 976 1747 noverit
1017 1707 1224 1757 semper
1256 1690 1480 1753 apponi:
1533 1688 1613 1736 ita

1207 453 1911 520 :No‘rAEWARlortU'M-
1956 456 2059 505 m·
2218 443 2225 456 '
2308 442 2320 452 “

1660 605 1907 668 Denique
1933 600 2054 649 ideo
2076 593 2304 660 adjecit:
2328 590 2345 620 ‘
2362 586 2594 651 Du‘plex,
2614 598 2722 650 quae

1663 697 1731 731 ex
1753 684 2056 743 argumento
2078 672 2220 722 facta
2250 675 2333 718 est
2367 663 2591 729 simplici
2610 662 2640 711 ε’
2674 666 2729 709 ut

1665 757 1885 822 simplex
1908 751 2268 815 argumentum
2308 744 2395 800 sit,
2431 742 2627 805 duplex
2649 752 2736 788 co-

1664 834 1887 883 moedia:
1950 830 2075 878 dum
2121 834 2176 876 et
2222 823 2414 873 Latina
2452 817 2637 869 eadem
2681 820 2737 865 et

1669 911 1858 959 Graeca
1903 911 2005 955 est.
2070 904 2276 952 Novam
2331 910 2447 946 esse
2678 956 2685 962 ἢ

1669 993 1973 1052 propterea,
1996 994 2115 1030 cum
2139 994 2169 1028 a
2192 978 2384 1028 Graeco
2408 977 2612 1022 tantum
2634 965 2746 1017 dic·

1672 1071 1727 1112 ta
1748 1068 1846 1119 est,
1860 1066 1927 1108 >¹et
1948 1057 2135 1107 Latine
2154 1068 2291 1102 nunc
2312 1058 2435 1100 acta
2450 1053 2552 1098 est.
2586 1031 2757 1097 Nunc'

1672 1137 1892 1202 primum
1928 1134 1982 1182 in
2008 1146 2218 1182 scenam
2244 1125 2506 1192 procedit,
2544 1122 2751 1172 idcirco

1673 1212 1866 1263 dicitur
1879 1225 2030 1270 nova,
2053 1215 2109 1258 et
2133 1221 2248 1269 quae
2269 1211 2429 1264 esset,
2446 1213 2612 1264 supra
2634 1197 2754 1247 dix-

1674 1293 1736 1355 it,
1761 1284 2415 1339 Heautontimorumenon.

1740 1367 1941 1430 Duplex
1995 1379 2100 1428 quoe
2162 1376 2224 1412 ex
2246 1379 2249 1380 ⁷
2277 1360 2585 1421 argumento·
2609 1341 2759 1412 faciti

1676 1450 1748 1494 est
1769 1427 1976 1507 implffi]
2038 1441 2101 1490 In
2129 1440 2265 1488 libro
2302 1438 2370 1485 P:
2395 1431 2610 1493 Bembi,
2654 1435 2765 1495 quo

1677 1519 2098 1577 nultus.melior,
2131 1516 2386 1578 scriptum
2415 1510 2538 1560 olim
2561 1507 2760 1568 fuerat,

1679 1598 1880 1663 duplici,
1911 1611 2013 1646 non
2044 1592 2270 1657 simvlici,
2290 1596 2348 1639 ut
2380 1584 2761 1637 hodie-scribit-

1685 1685 1787 1728 tur.
1859 1675 1934 1725 At
1976 1689 2042 1723 ex
2077 1672 2165 1721 illa
2203 1667 2478 1731 scriptura,
2519 1660 2761 1727 quamvis

546 1781 684 1830 enim
721 1785 774 1826 et
801 1776 884 1825 hic
921 1773 1073 1834 dixit,
1093 1786 1154 1820 ne
1190 1769 1267 1818 cui
1304 1768 1369 1815 sit
1403 1769 1613 1815 vestrum
1684 1745 2284 1816 depravata,aliqnando
2308 1740 2568 1807 probabo,
2588 1739 2761 1786 locum

546 1858 735 1907 mirum.
789 1853 945 1903 Hanc
967 1849 1129 1913 igitur
1152 1844 1486 1911 partitionem
1512 1841 1614 1889 sol·
1685 1832 1824 1880 hunc
1850 1836 2151 1889 corruptum
2179 1836 2313 1882 esse,
2335 1827 2391 1869 et
2418 1817 2523 1880 legi
2548 1814 2768 1871 debere,

549 1934 644 1995 vit,
669 1931 747 1981 uti
771 1929 916 1978 dicat
952 1939 1048 1976 cur
1082 1920 1259 1988 partes
1297 1920 1408 1969 seni
1447 1916 1616 1966 Poeta
1689 1922 1789 1958 non
1813 1907 1991 1971 duplex
2009 1919 2132 1967 quoe,
2152 1904 2234 1965 8515.
2276 1899 2369 1948 sed
2405 1895 2625 1958 senpleae
2663 1906 2769 1957 φας

552 2008 783 2068 dederit,
836 2019 954 2069 quae
1012 2008 1135 2051 sunt
1190 1995 1618 2052 adolescentium.
1691 2001 1769 2037 ex·
1789 1986 2072 2045 argumento
2099 1979 2240 2039 sacta
2263 1982 2337 2026 est
2373 1971 2572 2038 duplici.
2639 1970 2768 2019 Om-

1693 2062 1782 2111 nia
1798 2062 1934 2111 enim
1963 2061 2013 2108 in
2036 2059 2134 2107 hac
2151 2054 2330 2105 fabula
2349 2057 2476 2100 sunt
2497 2045 2729 2110 duplicia
2750 2060 2767 2092 τ

1697 2155 1846 2190 senes
1873 2138 1995 2199 duo,
2021 2136 2270 2185 Chremes
2303 2138 2360 2179 et
2392 2124 2773 2181 Menedemum

1698 2226 1953 2268 amatores
1975 2214 2095 2275 dno,
2109 2210 2276 2263 Clinia
2299 2216 2357 2258 et
2378 2202 2629 2265 Clitipho,
2647 2198 2773 2247 ami-

1700 2317 1777 2351 cae
1802 2301 1941 2361 duae,
1961 2293 2186 2346 Bacchis
2208 2283 2576 2347 et-Antiphila,
2593 2291 2776 2327 servu-

554 2084 711 2137 Quod
739 2083 904 2146 primo
936 2081 1307 2144 proposuerat,
1331 2074 1495 2139 primo
1519 2071 1620 2120 sol-

555 2164 649 2212 vit.
713 2168 727 2189 ⁸
749 2162 1029 2211 Oratorem
1052 2170 1135 2204 me
1169 2167 1286 2203 esse
1321 2150 1500 2210 voluit,
1523 2160 1626 2196 non

557 2240 848 2305 prologum.
915 2236 1160 2284 Vestrum
1185 2228 1444 2292 judicium
1475 2225 1625 2282 fecit,

554 2331 641 2367 me
655 2321 880 2365 actorem
899 2309 1079 2360 dedita’
1112 2306 1267 2359 Quod
1284 2312 1457 2353 autem
1473 2303 1626 2364 dixit,

557 2394 680 2457 quod
703 2390 847 2451 sveni,
876 2388 1083 2450 eloquar,
1123 2383 1247 2432 illud
1288 2389 1399 2430 est:
1450 2381 1626 2429 ‘Nam

560 2468 699 2535 quod
743 2480 972 2516 rumores
1018 2461 1333 2512 distulerunt
1376 2457 1626 2519 malivoli,

562 2547 749 2595 multas
792 2542 1191 2594 contaminasse.
1213 2538 1452 2596 Graecas,
1504 2534 1627 2583 dum

560 2623 695 2674 facit
735 2636 926 2686 paucas
964 2617 1189 2677 Latinas,
1210 2615 1265 2663 id
1289 2629 1405 2663 esse
1427 2610 1630 2660 factum

562 2703 646 2750 hic
669 2715 780 2749 non·
807 2695 1000 2762 negat.'
1068 2695 1207 2756 Ergo
1247 2698 1306 2740 ut
1339 2688 1632 2754 propositio

565 2779 821 2828 collocata
842 2782 942 2836 est,
963 2774 1039 2822 ita
1062 2772 1221 2820 etiam
1245 2768 1520 2817 solutionis
1549 2772 1633 2814 est

568 2855 697 2904 ordo
735 2858 988 2902 servatus,
1044 2847 1148 2897 Sed
1187 2860 1326 2895 nunc
1361 2843 1428 2892 ad
1470 2843 1633 2891 inter-

569 2930 921 2995 pretationem
944 2925 1267 2990 superiorum
1291 2927 1633 2972 revertamur.

568 3007 891 3070 Eugraphinoe.
1602 3054 1609 3061 ο

577 3106 598 3133 ,’
638 3085 710 3132 Id·
721 3084 928 3147 primum
954 3082 1147 3138 dicam5
1179 3077 1349 3127 deinde
1371 3075 1495 3138 quod
1528 3071 1636 3121 veui

568 3161 782 3225 eloquar]
805 3161 889 3210 An
913 3162 1064 3210 aliter
1083 3157 1239 3223 poeta
1254 3156 1338 3203 hic
1358 3157 1638 3218 proponat,

574 3253 727 3303 quam
766 3245 1078 3302 exequatur,
1116 3231 1253 3296 quod
1287 3230 1337 3279 ei
1375 3229 1641 3291 objectum

535 3323 675 3377 ‘est,
735 3314 973 3378 disputat
1010 3311 1265 3375 Scaliger,
1314 3308 1430 3357 loco
1482 3319 1645 3370 quem·

573 3393 700 3442 dixi.
736 3393 977 3455 Guyetus
1008 3388 1297 3452 transponit
1321 3399 1493 3434 voces.
1524 3384 1640 3432 Boe·

573 3474 744 3521 clerus.
1009 3508 1010 3511 ,
1387 3500 1394 3505 ,

641 3554 675 3598 4
709 3550 794 3597 Ex
829 3550 1022 3608 integra
1063 3546 1238 3593 Groecu
1270 3543 1509 3602 integrum
1551 3539 1644 3587 Co-

578 3626 800 3675 moedium
817 3640 921 3673 sum
956 3624 1093 3673 hodie
1127 3617 1341 3681 acturus]
1392 3614 1646 3667 Quoniam

580 3703 784 3753 Andria
817 3717 885 3751 ex
920 3701 1120 3750 duabus
1155 3695 1419 3747 comoediis
1443 3693 1649 3741 videtur

580 3796 697 3830 esse
721 3778 985 3836 confecta,
1008 3776 1206 3842 quippe
1227 3773 1335 3822 illic
1369 3777 1425 3820 et
1464 3769 1650 3818 Periu-

584 3857 711 3918 thia,
749 3863 805 3906 et
848 3854 1046 3904 Andria
1088 3851 1456 3902 continentur:
1511 3845 1667 3911 quod,

582 3933 791 3997 quidem
815 3929 1048 3980 criminis
1071 3929 1190 3978 loco
1211 3922 1539 3980 adversarius
1559 3920 1652 3969 de-

585 4010 755 4059 derat.
822 4006 956 4056 Ideo.
982 4006 1067 4055 hic
1100 4019 1167 4054 ex
1200 4003 1426 4066 integra,
1461 3997 1653 4063 inquit,

587 4086 841 4137 comoedia
873 4086 1135 4148 integram
1159 4079 1481 4131 comoediam
1506 4081 1654 4125 actu-

588 4177 677 4213 rus
700 4175 918 4224 sumsne
942 4161 1181 4209 videatur
1202 4158 1269 4206 ab
1305 4156 1472 4206 altera
1493 4157 1657 4214 tacta,

591 4248 683 4289 aut
716 4240 830 4302 ipse
865 4235 1357 4298 alteramtetigisse,
1380 4231 1475 4282 sed
1500 4243 1656 4280 uuam

593 4317 913 4377 comoediam,
938 4322 995 4363 et
1017 4315 1298 4376 integram,
1321 4310 1385 4359 ad
1411 4308 1658 4357 Datinum

594 4407 883 4445 sermonem
931 4387 1367 4454 interpretatione
1415 4388 1660 4439 mutasse.

1702 2377 1741 2426 li
1765 2388 1971 2440 quoque
2009 2372 2131 2433 duo,
2155 2369 2319 2431 Syrus
2343 2369 2401 2411 et
2421 2361 2775 2413 Dimum-mu·
2867 2412 2871 2416 ,

1701 2455 1932 2506 lierculae
1989 2451 2103 2500 duae
2169 2446 2414 2509 denique,
2480 2436 2665 2488 nutrix
2714 2439 2776 2483 et

1704 2531 1954 2596 Phrygia.
2022 2529 2162 2590 Ergo
2206 2518 2476 2572 Comoedia
2513 2516 2631 2577 ipsa
2650 2511 2781 2560 >sim-

1702 2613 1815 2675 plex
1846 2615 1950 2667 est,
1975 2607 2338 2668 argumentum
2375 2601 2548 2644 autem
2586 2589 2778 2652 duplex.

1703 2689 1828 2740 Scio
1851 2686 1975 2751 quid
1999 2683 2067 2731 ab
2091 2679 2201 2729 aliis
2227 2676 2425 2724 dictum
2449 2670 2552 2730 sit3
2589 2666 2682 2716 sed
2705 2664 2785 2712 nil

1709 2766 1816 2814 tale
1840 2763 1904 2812 ab
1929 2763 1990 2809 iis
2014 2754 2430 2807 animadversum
2453 2746 2638 2803 fuisse,
2656 2757 2781 2807 qua-

1704 2844 1757 2892 le
1781 2857 1813 2890 a
1831 2853 1913 2889 me
1932 2837 2132 2885 dictum
2156 2838 2257 2890 est,
2274 2835 2331 2877 et
2352 2825 2404 2875 id
2430 2823 2560 2872 scio.
2587 2819 2793 2880 Faber.-

1773 2923 1806 2967 4
1839 2919 1922 2966 Ex
1941 2917 2135 2974 integra
2163 2903 2363 2967 Groeca]
2387 2902 2452 2951 In
2468 2899 2607 2948 libro
2628 2896 2784 2947 Bem-

1708 2996 1852 3058 bino,
1887 3000 1946 3042 ut
1977 3005 2091 3055 per,
2112 2998 2293 3037 omues
2330 2979 2456 3030 alias
2480 2973 2782 3030 comoedias,

1711 3070 2072 3136 antiquissima
2096 3084 2099 3087 ·
2123 3075 2280 3112 manu
2347 3056 2787 3119 glossemata-:car

1712 3151 1928 3200 Donato
1963 3145 2016 3194 in
2049 3139 2287 3203 margine
2319 3132 2552 3192 ascripta
2576 3132 2699 3175 sunt
2720 3124 2784 3172 ad

1711 3228 1945 3276 locorum
1969 3235 2085 3284 quae
2106 3215 2341 3266 incidunt
2374 3204 2757 3271 expositionem
2771 3213 2787 3246 ε

1716 3305 1790 3355 ita
1809 3303 1861 3350 in
1883 3301 2014 3348 hanc
2038 3298 2203 3358 ipsam
2239 3274 2789 3338 Heautontimorumess

1716 3394 1820 3429 non
1853 3378 2021 3426 multa
2057 3372 2312 3427 visuntur,
2334 3377 2452 3428 quae
2488 3356 2692 3409 Donati
2724 3354 2791 3402 si·

1719 3456 1918 3506 militer
1949 3457 2195 3516 putamus
2227 3456 2362 3504 esse,
2386 3438 2535 3501 cujus
2574 3435 2627 3483 in
2662 3435 2792 3482 hanc

1721 3530 1950 3585 fabulam
1994 3518 2354 3576 commentarii
2397 3510 2795 3564 interciderunt.

1724 3608 1830 3659 Sed
1853 3608 1963 3656 sive
1989 3599 2187 3653 Donati
2213 3598 2338 3659 sint,
2361 3594 2483 3642 sive
2499 3585 2794 3651 cujuspiam

1727 3686 1879 3747 alius,
1914 3681 2114 3745 optima
2156 3680 2303 3737 certe
2347 3675 2404 3719 et
2446 3662 2793 3717 eruditissima

1727 3768 1866 3812 sunt.
1887 3771 2104 3824 quorum
2135 3752 2531 3814 aliqua.ponere
2556 3755 2658 3790 non
2682 3750 2792 3802 gra-

1726 3838 1989 3896 vabimur,
2013 3837 2071 3880 nt
2092 3830 2144 3878 in
2165 3829 2305 3876 hunc
2328 3824 2533 3872 locum:
2573 3818 2660 3866 Ex
2677 3815 2794 3864 inte·

1723 3931 1820 3980 gra
1845 3915 2047 3963 Groeca:
2070 3907 2117 3956 A
2142 3905 2273 3955 nullo
2296 3904 2444 3952 tacta.
2476 3895 2725 3961 Faernus·
2788 3895 2796 3905 ·

1744 4029 1753 4036 .
1794 3992 2047 4051 Integram
2059 3979 2356 4042 comoediam]
2381 3969 2583 4039 Integri
2603 3967 2799 4016 drama-
2830 3962 2835 3967 ’

1731 4068 1817 4129 tiS,
1838 4066 1987 4116 unius
2009 4058 2259 4120 auctoris,
2283 4070 2314 4105 e
2346 4043 2797 4104 Menandriflroe-

1733 4160 1797 4195 ca
1818 4155 2036 4199 versam,
2058 4151 2160 4186 non
2183 4134 2397 4183 mistam·
2412 4140 2443 4175 e
2465 4122 2682 4173 duabus,
2696 4117 2800 4167 fab.

1734 4222 1811 4272 uti
1849 4217 2106 4269 Andriam
2139 4204 2550 4261 calumniabatur
2586 4195 2799 4248 Luscius

1733 4315 1801 4350 ex
1822 4340 1823 4343 ,
1839 4294 2041 4347 Andria
2082 4297 2138 4340 et
2154 4280 2449 4336 ‚Perinthia
2468 4271 2803 4327 *contamina-

1738 4383 1862 4428 tam.
1881 4371 2005 4425 ,vide
2020 4357 2496 4429 PrologumAndr.
2517 4347 2802 4407 Ferrum
