3035 4941
562 415 740 526 1292
807 387 812 392 ’

635 593 841 652 Quanto,
886 589 995 654 ξω]
1045 588 1222 638 Insani
1265 587 1450 637 militis'
1473 582 1626 636 'amor

566 667 934 716 insanissimus.
1000 663 1163 715 A‘mor
1192 678 1284 727 spe
1319 662 1626 726 intenditur,

565 748 707 792 metu
729 743 920 792 crescit
938 748 992 791 et
1015 739 1221 803 flagrat.
1255 739 1540 790 Famabias.

629 824 695 870 24
732 821 953 882 Obsecro,
992 819 1205 880 Gnatho,
1227 819 1280 867 ιἰι
1314 822 1363 866 te
1392 832 1499 880 spes
1529 815 1624 878 est]

564 897 721 959 Mire,
748 896 893 960 quasi
915 895 1206 958 desperatis
1221 894 1460 944 'omnibus
1482 893 1626 942 auxi-

562 973 667 1035 liis,
701 973 907 1037 abjecta
941 972 1093 1022 nimis
1132 972 1446 1036 supplicatio
1480 969 1627 1020 indu

564 1050 738 1099 citui-u
782 1049 920 1099 Nam
944 1056 999 1098 et
1021 1050 1225 1111 obsecro,
1250 1056 1304 1098 et
1329 1049 1543 1109 Gnatho,
1571 1047 1626 1097 id

565 1124 880 1190 significant,
903 1132 958 1175 et
979 1126 1031 1174 in
1051 1130 1100 1175 te
1115 1140 1225 1189 spes
1244 1132 1334 1175 est.
1365 1126 1627 1174 Donatus,

634 1204 764 1259 Quia
782 1202 1071 1268 vissaciam]
1105 1203 1222 1252 Non
1245 1210 1326 1252 est
1347 1203 1444 1252 hoo
1465 1201 1628 1251 inter·

567 1280 816 1342 rogantis,
833 1279 925 1330 sed
944 1287 1027 1342 est
1048 1279 1368 1330 ostendentis
1386 1294 1491 1330 uon
1508 1293 1626 1328 esse

566 1354 690 1418 quid
712 1354 888 1405 faciat.
921 1354 1094 1405 Idem.‘

631 1434 694 1479 25
732 1432 977 1494 Precibus,
995 1431 1176 1495 pretio]
1199 1431 1343 1482 Nihil
1358 1431 1517 1489 Militi
1543 1446 1628 1482 su·

568 1513 744 1571 pei-est
778 1509 975 1573 praeter
1011 1523 1240 1573 precem,
1276 1517 1336 1559 ut
1367 1508 1535 1559 victo:
1572 1517 1630 1560 et

569 1584 814 1649 pretium,
854 1593 913 1635 ut
950 1585 1120 1637 diviti.
1187 1586 1332 1636 Nihil
1361 1586 1500 1635 aliud
1537 1585 1627 1649 op'·

568 1663 667 1723 tat,
710 1675 862 1726 quam
899 1662 974 1712 sic
1013 1677 1098 1713 res
1127 1670 1268 1725 eant,
1308 1669 1366 1712 ut
1402 1676 1630 1727 persona

565 1737 775 1788 Thaidis
798 1739 1065 1789 conveniri
1084 1740 1267 1803 possit.
1299 1741 1450 1790 Idem.

636 1816 883 1879 Precibus,
915 1815 916 1818 ’
928 1815 1109 1880 prelio]
1157 1814 1432 1879 Ἀσύνδετα,
1484 1816 1629 1865 velut

568 1887 767 1944 afflicta
799 1901 855 1945 et
884 1895 1037 1958 las‘sa,
1071 1893 1456 1959 pronuntianda
1490 1898 1630 1944 suut.

569 1971 722 2022 Idem.

633 2049 827 2114 Pretio]
849 2049 1042 2100 Varie.
1065 2049 1188 2115 qnia
1206 2048 1327 2099 alibi
1348 2047 1499 2110 dixit,
1517 2061 1630 2112 pre·

565 2124 711 2174 cario.
753 2125 919 2176 Idem.

639 2204 708 2253 Ut
723 2203 951 2267 hoeream]
965 2202 1034 2253 Τὸ
1055 2204 1264 2254 hereum
1280 2203 1519 2254 ultimum
1541 2218 1630 2268 ge-

568 2294 663 2329 nus
687 2279 926 2331 beneficii
955 2288 1053 2330 est.
1088 2282 1240 2331 Idem.

633 2358 696 2406 Ιιι
713 2379 716 2388 ·
733 2363 873 2421 parte
910 2356 1093 2422 aliqua]
1138 2358 1258 2407 Non
1300 2356 1438 2407 enim
1480 2357 1632 2406 Parte

569 2432 721 2496 dixit,
751 2441 812 2485 ut
833 2450 985 2502 aequa
1012 2434 1345 2499 intelligatur.
1380 2433 1532 2483 Idem.

638 2511 869 2575 Tandem]
919 2512 989 2561 Et
1046 2511 1373 2576 desperantis
1431 2519 1531 2577 est,
1574 2516 1632 2562 et

568 2585 854 2637 difficulter
903 2589 1181 2639 credentis.
1268 2589 1474 2638 Tandem
1529 2602 1631 2639 non

568 2671 650 2713 est
682 2665 983 2715 adverbium
1019 2666 1299 2731 temporis:
1332 2664 1426 2714 sed
1447 2663 1633 2716 Saltem

568 2739 841 2802 significat.
872 2742 1023 2795 Idem.

565 2846 570 2847 ff
642 2817 712 2866 Ut
742 2817 965 2881 haeream,
997 2820 1205 2884 in'parte
1225 2820 1402 2885 aliqua,
1420 2822 1633 2884 tandem,

566 2897 694 2957 apud
730 2897 983 2962 ΤΙιιιὶἀεηι]
1013 2899 1344 2964 Pei-„singula
1369 2906 1633 2949 momenta

569 2971 798 3035 signavit
820 2974 1080 3039 abjectum
1103 2977 1279 3027 militis
1301 2977 1542 3027 animum.
1564 2976 1631 3026 ad

567 3049 902 3100 minuendum
948 3059 1075 3116 apta
1133 3062 1286 3105 sunt:
1336 3055 1537 3112 harere,
1579 3053 1634 3103 ia

561 3132 705 3191 parte
737 3128 908 3192 ‘aliqua
959 3133 1165 3182 tandem.
1215 3130 1274 3181 τὸ
1316 3133 1505 3181 tandem
1548 3131 1633 3180 hie

570 3201 805 3265 Guyetus
846 3206 1096 3271 explieat,
1138 3212 1246 3270 post
1286 3211 1475 3256 tuntum
1515 3211 1635 3255 tem-

564 3279 717 3341 poris.
753 3282 754 3285 ’
785 3281 1039 3346 Donatus,
1062 3283 1248 3335 saltem.
1271 3297 1374 3332 non
1397 3283 1447 3332 vi
1472 3283 1634 3340 vocis,

569 3354 667 3404 sad
729 3358 1092 3421 supplemento
1157 3374 1375 3409 sensusz
1442 3361 1636 3409 tandem

571 3432 707 3483 enim
728 3440 810 3482 est
831 3433 928 3484 hoe
949 3435 1083 3496 loco,
1101 3432 1187 3485 nbi
1211 3436 1284 3484 nil
1306 3436 1446 3486 aliud
1470 3437 1634 3500 impe·

568 3506 699 3555 trari
721 3509 953 3570 poterit:
978 3510 1224 3574 quiequid
1246 3510 1300 3560 id
1320 3511 1441 3573 erit,
1457 3511 1635 3575 quale-

570 3597 777 3647 cunque
816 3584 869 3632 id
908 3587 1032 3650 erit,
1074 3587 1634 3652 quod-impetrabitur.

572 3661 626 3709 ἐν
643 3658 770 3724 μέρει
788 3658 881 3710 τινὶ
897 3680 998 3712 w.
1023 3664 1282 3717 Boeclem.

635 3741 703 3786 26
724 3737 939 3804 Difficile
957 3739 1053 3803 est]
1072 3741 1231 3791 Vultu
1252 3748 1309 3792 et
1330 3743 1635 3807 pronuntia·

572 3814 730 3880 tione,
763 3817 1150 3868 asseveratione
1184 3817 1494 3871 firmandum
1533 3829 1635 3878 est.

570 3891 811 3944 Donatus.

636 3968 811 4032 Siquid
841 3970 1077 4035 collibuit]
1104 3973 1378 4036 'murales-
1411 3989 1529 4040 pro‚
1551 3974 1635 4026 si-

570 4043 696 4108 quid
717 4047 1005 4098 collibitum
1026 4054 1126 4112 est,
1147 4047 1325 4100 efficis.
1358 4051 1508 4102 Idem.

637 4122 768 4173 Novi
787 4116 864 4188 te]
892 4126 1062 4175 Deest
1083 4126 1304 4190 Pei-ficis.
1327 4126 1419 4177 sed
1442 4128 1632 4194 ubique

571 4197 722 4259 plura
758 4206 911 4263 gestu
948 4198 1205 4263 signifieat
1230 4202 1410 4267 miles3
1447 4210 1630 4295 utpote

572 4273 960 4328 infantissimus.
991 4277 1144 4327 Idem.

638 4354 703 4401 27
740 4354 879 4410 Quod
909 4353 985 4404 vis
1016 4354 1207 4420 donum,
1242 4360 1292 4405 et
1322 4357 1569 4423 preamium
1598 4377 1630 4411 ς

1212 447 1218 456 ”
1263 441 1477 493 No'rAE
1525 441 1924 494 vammum
1974 444 2055 493 IN

1696 601 1770 635 me
1798 585 1980 649 optato]
2014 583 2225 648 Donum,
2260 584 2530 648 praemium
2558 588 2663 631 est:
2697 584 2752 629 et

1696 679 1881 727 munus,
1928 664 2197 727 praemium
2240 669 2336 711 est·
2420 660 2524 709 Sed
2569 660 2751 717 donam,

1698 739 1967 803 praemium
2014 738 2127 787 Diis
2169 738 2354 788 datura
2399 749 2581 793 ηιιιιιιιε,
2628 745 2756 795 prae-

1695 815 1851 864 mium
1894 815 2204 865 hominibus.
2261 828 2379 864 nam
2439 816 2756 874 separatum,

1699 890 1887 941 donum
1912 892 2141 941 Deorum
2178 898 2287 940 est:
2328 888 2600 952 praemium
2630 885 2756 932 viro-

1698 982 1810 1017 rum
1856 976 1940 1017 est
1977 966 2214 1016 fortium:
2253 978 2435 1014 munus
2479 961 2753 1011 homiuum.

1698 1045 1768 1093 Et
1801 1044 1992 1094 donum
2030 1056 2333 1106 munusque,
2377 1048 2483 1090 tam
2509 1046 2645 1090 ante
2657 1034 2758 1083 fac-

1701 1128 1828 1183 tum,
1861 1136 2010 1184 quam
2037 1127 2157 1183 post
2177 1117 2373 1168 factum
2403 1115 2598 1165 datur:
2635 1126 2761 1187 prae·

1698 1198 1854 1247 mium
1878 1212 1980 1247 non
2003 1197 2100 1246 nisi
2126 1202 2246 1260 post
2264 1193 2466 1244 factum
2491 1197 2589 1240 est.
2660 1191 2760 1239 Do-

1700 1290 1839 1340 num,
1878 1276 2249 1326 voluntarium:
2284 1270 2580 1335 praemium,
2612 1266 2763 1316 debe·

1700 1358 1801 1401 tur.
1854 1351 1960 1401 Alii
1982 1365 2105 1415 ergo
2116 1345 2385 1399 ἀσυνδέτους
2408 1343 2764 1409 pronuntiant,

1700 1430 1868 1493 primo
1899 1431 2091 1489 dnum,
2123 1432 2180 1475 et
2211 1426 2284 1475 sie
2316 1421 2591 1487 premium,
2623 1416 2765 1483 quasi

1699 1520 1851 1556 unam
1874 1513 2075 1568 partem
2097 1501 2361 1552 orationis.
2399 1499 2554 1547 [dem.

1770 1583 1979 1639 Quodvis
1998 1583 2172 1631 donum
2192 1584 2240 1628 et
2255 1571 2532 1641 proemiam]
2555 1573 2764 1642 Donum,

1702 1666 1763 1709 ut
1803 1674 1835 1709 a
1872 1659 2019 1722 largo
2054 1656 2297 1706 homine:
2329 1652 2599 1716 proemium,
2636 1656 2693 1698 ut
2735 1661 2766 1695 a

1703 1736 1957 1801 praeclaro
1981 1733 2232 1784 facinore.
2269 1731 2421 1779 Idem.

1770 1812 1984 1870 Quodvis
2003 1813 2175 1861 donum
2199 1813 2248 1858 et
2266 1805 2519 1871 premium
2538 1818 2572 1853 a
2594 1817 2670 1852 me
2689 1815 2764 1863 op·

1701 1894 1822 1952 tato,
1842 1890 1895 1938 id
1912 1894 2124 1952 optatum
2135 1884 2296 1948 feres]
2332 1884 2542 1933 Donum
2565 1887 2769 1943 optato,

1702 1959 1770 2016 ob
1794 1965 1933 2031 quod
1954 1964 2224 2030 praemium
2249 1959 2499 2023 accipias.
2533 1958 2691 2008 Idem.

1770 2043 2030 2093 Proemium
2058 2058 2090 2091 a
2119 2054 2193 2090 me
2212 2036 2396 2104 optato]
2427 2038 2622 2086 ‘lotum
2642 2033 2770 2084 mili·

1706 2121 1919 2171 tariter.
1970 2133 2089 2168 nam
2132 2124 2188 2166 et
2229 2115 2410 2179 optatio
2455 2112 2670 2172 dicitur,
2714 2115 2770 2158 et

1702 2196 1861 2261 optari
1882 2212 1913 2245 a
1933 2193 2201 2245 militibus.
2225 2197 2284 2241 ut
2300 2188 2444 2266 alibi,
2474 2187 2606 2236 ‘Vir
2622 2184 2769 2235 fortis

1704 2279 1856 2338 optet
1876 2271 2014 2337 quod
2040 2269 2183 2319 volet
2205 2261 2492 2332 premium.
2496 2262 2700 2313 ’.Idem

1773 2349 1985 2406 Quodvis
2005 2348 2198 2407 donam,
2215 2341 2466 2407 prmum
2497 2355 2529 2388 a
2557 2355 2633 2390 me
2653 2335 2769 2402 oph]

1707 2428 1932 2492 Copiose
1952 2427 2213 2476 Donatus.
2249 2422 2513 2473 Boeclerns.

1773 2504 2003 2567 Quodvis,
2028 2506 2110 2568 ᾅτ.
2113 2502 2137 2565 ]
2170 2497 2308 2562 Εὖξαι
2331 2496 2381 2547 τὶ
2410 2493 2598 2558 βούλει,
2615 2491 2771 2542 πάντα

1705 2598 1782 2632 σοι
1801 2580 2070 2645 γενήσεται.
2135 2575 2450 2628 Menander.
2486 2571 2772 2623 Farnobium.

1771 2665 1836 2711 28
1869 2661 1928 2710 Si
1947 2659 2034 2709 Ιιοσ
2066 2656 2234 2724 efficio,
2263 2654 2453 2718 postulo·
2471 2655 2530 2700 at
2550 2649 2671 2711 milii
2690 2654 2772 2698 tua

1704 2738 1869 2787 domas
1889 2741 1938 2788 te
1954 2741 2187 2800 presente
2206 2732 2396 2782 absente
2421 2727 2612 2794 puteat]
2644 2726 2771 2777 Pro·

1707 2813 1936 2864 verbiale
1958 2819 2060 2878 est,
2093 2813 2109 2841 ‘
2129 2811 2403 2862 Praesente
2427 2803 2685 2867 absente,'
2717 2808 2771 2852 ut

1707 2891 1725 2919 ‘
1748 2905 1950 2941 sursum
1990 2889 2251 2944 deorsum,
2252 2885 2268 2908 ²
2298 2886 2314 2914 ⁸
2337 2884 2474 2933 ultro
2506 2877 2678 2942 citro,’
2716 2885 2773 2928 et

1709 2973 1889 3018 cetera
1910 2964 2238 3031 hujusmodi.
2275 2964 2291 2991 ‘
2316 2958 2479 3010 fanda
2508 2953 2772 3017 nefanda?

1706 3042 2132 3109 ‘justainjusta,'
2156 3043 2172 3071 ‘
2193 3041 2350 3105 digna
2372 3035 2621 3100 indigna}
2654 3034 2670 3062 ‘
2692 3046 2770 3082 ve·

1707 3120 1773 3171 lit
1793 3120 1956 3171 nolit!
1978 3121 2231 3170 Donatus.

1773 3199 1987 3260 Postulo,
2006 3195 2137 3261 ζα]
2147 3196 2271 3253 Stat
2302 3191 2401 3242 sibi
2423 3195 2480 3242 et
2503 3162 2769 3254 principiis

1708 3274 1816 3324 suis
1856 3273 2148 3339 parasitum
2193 3279 2257 3322 ut
2293 3268 2469 3321 ventri
2507 3267 2578 3318 sit
2623 3266 2772 3325 bene,

1706 3359 1879 3403 cavet.
1912 3349 2202 3404 Farnobium

1770 3432 1838 3478 29
1871 3427 2097 3478 Insecuta
2128 3431 2187 3477 ut
2211 3425 2280 3475 sit
2302 3425 2429 3475 locus
2447 3419 2656 3495 semper]
2689 3418 2770 3468 Ia-

1705 3512 1887 3567 vocato,
1906 3521 2008 3556 non
2033 3510 2217 3555 vocato
2228 3501 2523 3567 signifieat.
2556 3499 2637 3563 ,Ιιι
2664 3505 2771 3548 ete·

1705 3584 1812 3633 nim
1845 3588 2007 3647 auget
2040 3589 2095 3632 et
2124 3580 2312 3631 minuit
2333 3578 2640 3633 dictionem.
2672 3576 2771 3626 Do·

1703 3664 1865 3711 nutas.

1771 3736 2023 3800 luvocata]
2040 3737 2183 3787 Male
2199 3732 2512 3798 intelligitur
2526 3730 2674 3796 preci
2681 3730 2772 3781 bus

1705 3823 1914 3878 vocato,
1956 3829 2117 3880 quum
2143 3813 2231 3863 'sit
2272 3808 2542 3874 αὐτομάτῳ,
2581 3809 2639 3860 id
2678 3814 2772 3864 est,

1706 3896 1864 3946 etiam
1892 3909 1994 3945 non
2015 3891 2307 3955 invitando,
2340 3890 2491 3956 ‘quin'
2512 3888 2654 3939 ultro
2688 3899 2772 3945 ve·

1705 3971 1819 4022 niro
1841 3972 2034 4022 debeat
2052 3970 2196 4020 snam
2220 3967 2450 4017 domum.
2485 3966 2646 4015 Ideni.

1770 4048 1994 4099 Ιιιυοοιιιο
2033 4052 2088 4096 ιιι
2122 4044 2190 4096 sit
2223 4041 2391 4105 locus]
2411 4043 2462 4093 N
2468 4055 2537 4090 on
2570 4043 2772 4099 vocato,

1705 4139 1773 4175 ex
1795 4123 2073 4189 disciplina
2095 4120 2399 4187 parasitica,
2414 4132 2570 4183 quam
2606 4117 2768 4179 signat

1703 4203 1935 4266 ejusdem
1973 4199 2079 4250 loci
2116 4213 2180 4248 ac
2216 4195 2414 4247 ordinis
2449 4194 2603 4245 homo
2633 4185 2765 4253 apud

1703 4279 1951 4329 Plautum
1975 4275 2185 4340 Captiv.
2222 4286 2261 4324 1.
2291 4277 2338 4322 1.
2374 4276 2421 4321 l.
2452 4273 2504 4320 2.
2540 4265 2762 4315 ‘Juven-

1704 4365 1788 4409 tus
1830 4368 2017 4406 nomen
2060 4350 2253 4405 indidit
2292 4353 2466 4400 scotto
2508 4341 2655 4406 mihi,
2685 4339 2759 4390 Eo
