3035 4941
500 429 866 478 Tannum
916 427 1550 478 ιιΕΑυτοΝτιΜοιι.
1594 407 1909 479 Aca-(lv.
1956 432 2060 481 sc,
2108 430 2273 482 vm.
2350 416 2522 483 1:371

320 570 491 620 micea
500 569 725 622 dabitur.
791 570 862 621 Et
893 571 1202 635 interposito
1226 571 1386 622 Chre

322 649 482 698 ruetis
506 659 736 711 assemu,
767 648 877 712 vah,
895 647 1093 709 flustra
1122 647 1388 711 igit-rge-

318 726 459 775 cisas
510 726 667 776 miser.
767 726 854 776 Ita
904 725 1098 791 liquido
1146 729 1387 789 apparet,

320 801 574 866 quidquid
599 807 722 852 ante
742 802 857 852 hac
887 810 987 860 est,
1017 801 1388 852 dissensionem

326 893 452 927 esse
490 878 793 930 Menedemi
834 885 892 929 et
943 879 1249 944 Chremetis,
1290 879 1387 930 hoe

319 955 694 1022 contendente,
708 954 1018 1006 Bacchidem
1035 957 1255 1007 amicam
1271 969 1387 1007 esse

321 1031 531 1093 Cliniae,
571 1033 660 1083 iilo
692 1032 1022 1097 Clitiphonis.
1088 1033 1228 1086 Quid
1263 1047 1386 1097 ergo

319 1123 457 1174 opus
515 1107 619 1159 fuit
662 1108 1032 1159 Menedemum
1058 1109 1167 1159 bic
1206 1109 1386 1161 dicere

319 1187 505 1251 araci,
518 1196 576 1239 et
596 1195 778 1239 cetera
795 1203 911 1253 qum
934 1194 1241 1252 sequuntur,
1257 1201 1385 1252 pan-

318 1266 373 1314 lo
397 1272 521 1330 post
557 1266 739 1316 eadem
772 1265 867 1315 illa
897 1265 1190 1316 dicturum?
1222 1279 1384 1331 qnare

318 1357 440 1392 enm
478 1357 677 1393 versum
709 1342 917 1396 omnino
953 1341 1229 1393 delendum
1248 1342 1384 1394 arbi-

318 1423 540 1469 tramur.
565 1419 803 1470 Fu‘e'r-aws.

389 1500 454 1545 12
488 1494 792 1558 Nempebaec
823 1510 930 1560 qua
963 1496 1090 1560 apud
1119 1495 1382 1559 te]Utfa·

316 1573 424 1624 ciie
460 1575 651 1625 docere
684 1574 850 1638 possit
884 1588 1082 1635 senem,
1114 1589 1217 1624 non
1254 1588 1383 1625 vero

316 1652 386 1700 ad
421 1652 630 1715 nuptias
661 1650 772 1715 peti
792 1648 952 1701 filiam
988 1664 1148 1708 snam,
1185 1649 1280 1700 sed
1304 1650 1383 1700 uti

316 1725 623 1791 nuptiarum
672 1726 841 1789 gratia
896 1725 1216 1777 adolescenti
1269 1726 1381 1777 dari

316 1803 486 1867 possit
521 1809 812 1867 argentum,
845 1808 1219 1853 commemorat
1240 1818 1382 1854 nem-

316 1894 407 1946 pe,
443 1880 568 1930 Hoec
587 1896 692 1945 quoe
723 1881 851 1943 opud
882 1885 936 1929 te
967 1884 1059 1943 est,
1093 1878 1383 1942 Clitiplumis

315 1960 592 2007 eumen.-
624 1957 701 2007 uti
730 1971 797 2006 ex
832 1956 910 2006 his
949 1970 1064 2021 qum
1095 1956 1234 2020 apud
1266 1970 1382 2007 eam

316 2043 474 2099 gesta
516 2043 655 2096 sunt,
704 2034 836 2084 sciat
878 2033 1221 2084 Menedemus
1265 2048 1380 2084 esse

314 2111 598 2162 fallaciam.
638 2111 959 2176 Eup-ophitis.

385 2193 448 2238 1⁸
485 2190 567 2239 Ita
604 2188 765 2252 aiunt]
803 2189 990 2253 Clinia,
1029 2188 1215 2253 Syrus,
1246 2188 1380 2240 Dro-

316 2278 421 2316 mo.
459 2266 747 2315 Far-sabim.

320 2361 327 2366 ·
384 2346 450 2392 14
488 2344 611 2392 Cum
630 2340 957 2406 desponderis]
1007 2341 1142 2391 Vide
1165 2354 1307 2393 scen.
1328 2345 1380 2395 4.

311 2419 332 2452 5
355 2420 476 2472 Nec
500 2420 587 2482 do,
608 2433 703 2469 nec
727 2418 1062 2484 despondeo.'
1099 2419 1250 2469 Idem.

384 2503 450 2548 16
482 2499 594 2548 ΜΒ.
628 2498 690 2547 Id
710 2502 782 2548 est
798 2498 1036 2562 prefecto]
1086 2497 1192 2548 Hie
1214 2497 1382 2562 prime

314 2581 480 2640 negat
516 2575 877 2635 Menedemus,
913 2575 971 2625 id
1017 2574 1158 2641 quod
1196 2576 1384 2627 asserit

312 2654 586 2715 Chremes,
628 2653 832 2703 scilicet
866 2665 961 2717 per
993 2651 1223 2715 speeiem
1244 2651 1382 2719 desi·

314 2729 451 2779 derii
475 2730 768 2793 nuptiarum
796 2727 1056 2778 fallaciam
1071 2729 1125 2778 in
1144 2743 1206 2778 se
1228 2744 1260 2778 a
1275 2729 1382 2778 cu·

316 2808 407 2855 nia
444 2804 554 2855 filie
593 2804 815 2867 intendi,
857 2803 923 2854 ad
967 2806 1381 2869 extorquendum

316 2888 612 2944 argentum,
633 2880 767 2945 quod
792 2880 1044 2931 Bacchidi
1059 2881 1216 2931 detur
1237 2898 1252 2931 ε
1278 2896 1381 2933 non

317 2958 459 3007 enim
482 2959 615 3008 hanc
633 2958 742 3022 ejus
764 2957 981 3006 amicam
1004 2971 1139 3022 esse,
1158 2957 1251 3007 sed
1276 2958 1381 3009 Cli-

316 3035 565 3100 tiphonis.
622 3034 826 3084 Contra
860 3040 1188 3084 asseverante
1219 3035 1380 3085 Chre-

317 3117 464 3163 mete
507 3110 562 3159 id
596 3124 710 3159 esse
731 3109 1071 3173 compositum
1094 3109 1235 3161 inter
1255 3110 1380 3161 ado·

315 3188 604 3250 lescentes,
645 3194 707 3237 ut
762 3187 984 3239 Bacchis
1024 3188 1194 3238 amica
1229 3189 1379 3240 cuti-

316 3265 505 3329 pbonis
526 3278 643 3316 esse
680 3263 905 3328 dicatur,
935 3270 1094 3330 atque
1125 3270 1190 3315 ut
1209 3265 1382 3316 Clinia

317 3354 537 3391 uxorem
572 3341 707 3391 velle
746 3355 804 3391 se
844 3340 1027 3405 fingat,
1056 3346 1117 3392 ut
1147 3356 1243 3407 per
1263 3356 1381 3407 spe·

317 3418 454 3468 ciem
478 3418 658 3471 uxoris
694 3418 956 3482 ornandae,
987 3425 1045 3469 et
1082 3419 1381 3484 nuptiarum

317 3493 757 3558 apparandarum,
772 3502 1044 3560 argentum
1066 3509 1101 3546 a
1120 3502 1275 3562 patre
1297 3511 1383 3547 ac·

316 3570 508 3634 cipiet,
530 3571 666 3637 qnod
689 3571 786 3622 det
810 3571 1080 3623 Bacchidi.
1142 3573 1381 3625 Tandem

315 3646 664 3697 Menedemus
686 3649 738 3698 in
761 3649 1057 3713 opinionem
1086 3651 1382 3702 Chremetis

317 3723 617 3787 inducitnr3
647 3732 821 3776 aetum
843 3727 1048 3779 demum
1071 3727 1220 3792 dicit,
1235 3730 1289 3780 id
1307 3736 1380 3784 est

314 3801 546 3866 profecto,
570 3809 626 3851 et
647 3817 760 3866 quae
778 3812 1080 3869 sequuntur.
1113 3807 1348 3857 Faernus.

322 3912 328 3918 -
385 3880 449 3929 Id
461 3878 630 3928 ansieae
647 3880 864 3945 dabitur]
895 3882 1000 3932 Vel
1022 3882 1380 3936 confirmantis

316 3954 742 4019 pronuntiatione
760 3957 927 4022 accipi
945 3967 1140 4023 potest,
1156 3962 1238 4011 vei
1254 3972 1380 4027 qna·

286 4034 291 4039 ’
317 4031 364 4080 si
386 4046 504 4081 eum
528 4031 869 4085 affirmatione
890 4035 1305 4100 interrogantis„

317 4108 456 4159 Nam
479 4110 820 4174 interrogatio
847 4110 1109 4161 interdum
1131 4112 1197 4162 ad
1221 4128 1381 4180 nega·

317 4186 535 4250 tionem,
577 4186 843 4237 interdum
876 4188 943 4238 ad
980 4185 1379 4285 affirmationem

319 4261 580 4328 dirigitur.
612 4263 987 4339 Empfflg'

385 4341 582 4395 Scilicet
621 4343 866 4409 dam]
935 4343 1098 4395 Licet
1139 4344 1380 4398 damnum

1462 563 1727 635 intelligat
1749 586 1927 637 senex,
1950 573 2005 623 et
2024 572 2281 637 deceptus
2306 574 2371 624 de
2395 589 2524 639 gan·

1464 649 1552 700 dio
1575 650 1661 711 sit,
1693 655 1866 700 tamen
1886 665 2086 704 memor
2098 651 2291 702 doloris
2314 653 2524 717 pristini

1464 733 1522 776 et
1543 727 1874 790 calamitatis,
1910 728 2084 778 omnia
2109 729 2222 778 vnit
2243 730 2527 793 sustinere,

1465 819 1619 868 qnam
1639 804 1692 856 id
1716 805 1862 872 quod·
1876 820 2057 871 passus
2075 813 2178 870 est,
2196 819 2370 857 rursus
2393 809 2526 872 pati.

1465 880 1621 933 Iden.

1472 977 1477 982 ·
1529 956 1593 1006 Id
1635 962 1708 1007 est
1743 959 1981 1023 pmsectot
2011 959 2067 1010 id
2108 961 2274 1010 amica
2304 961 2522 1027 dubiae]

1462 1032 1520 1085 si
1545 1049 1662 1084 enm
1685 1035 2088 1101 interrogatione
2109 1039 2382 1102 accipitur,
2421 1046 2528 1089 tas-⁶

1463 1108 1602 1161 ditas
1645 1113 1949 1164 Menedemi
1981 1114 2149 1177 major
2192 1113 2523 1177 intelligitur.

1461 1186 1517 1235 Si
1560 1187 1754 1253 absque
1798 1189 2227 1253 interrogatione,
2254 1190 2368 1254 jam
2404 1203 2524 1240 sen·

1463 1262 1535 1314 sit
1558 1266 1782 1315 monitus
1814 1264 2092 1317 fallaciam.
2159 1267 2486 1332 Eugraphins
2504 1284 2524 1318 s

1462 1340 1481 1371 ⁴
1517 1341 1617 1390 Vel
1659 1341 2047 1405 confirmantis:
2091 1348 2194 1395 διο.
2273 1345 2521 1397 Ceterum

1461 1418 1626 1468 omnis
1673 1417 1953 1470 difficultas
2006 1422 2156 1486 hujus
2198 1421 2323 1486 loci,
2366 1437 2522 1488 quem

1461 1494 1617 1544 variis
1641 1494 1878 1545 remediis
1910 1501 1967 1546 et
2002 1510 2145 1562 saepe
2171 1497 2325 1548 valde
2346 1511 2524 1548 accer-

1460 1571 1574 1621 sitis
1611 1578 1885 1623 tentarunt
1927 1572 2139 1636 eruditi,
2180 1574 2234 1624 in
2269 1575 2521 1640 expedito

1459 1647 1583 1709 erit,
1625 1647 1670 1697 si
1706 1648 1819 1698 baec
1856 1656 1969 1699 tota
2002 1650 2171 1700 oratio
2204 1651 2522 1704 Menedemo

1457 1723 1741 1786 tribuatur,
1760 1738 1929 1790 neque
1951 1725 2203 1777 Chremes
2236 1727 2328 1778 ilia
2355 1728 2521 1793 dicat,

1455 1801 1637 1849 scilicet
1652 1802 1897 1864 danum,
1918 1802 2011 1851 sed
2037 1803 2395 1856 Menedemus.
2444 1807 2524 1857 Ut

1457 1876 1560 1926 sit:
1599 1876 1655 1925 ia
1686 1880 1757 1925 est
1786 1877 2015 1940 prosecta,
2049 1878 2103 1927 ἑά
2122 1881 2288 1929 amica
2307 1880 2520 1931 dabitur.

1459 1952 1658 2002 Scilicet
1693 1954 1933 2004 daturum.
1976 1956 2010 2003 i.
2055 1969 2103 2006 e.
2142 1956 2378 2022 intelligo
2407 1958 2522 2022 jam

1461 2031 1586 2095 quid
1610 2037 1814 2095 agatur.
1879 2032 2032 2084 Quod
2058 2032 2278 2084 obtentu
2317 2036 2523 2100 nuptia·

1459 2123 1574 2158 rum
1595 2123 1627 2158 a
1644 2123 1727 2159 me
1757 2115 1963 2174 petent,
1982 2108 2036 2158 id
2060 2110 2240 2160 amico
2262 2109 2524 2175 (meretri-

1457 2185 1528 2235 ci.
1618 2187 1666 2236 N
1674 2200 1757 2235 am
1775 2186 1861 2236 hic
1880 2199 2027 2236 error
2047 2200 2224 2236 senem
2248 2188 2420 2238 adhue
2440 2194 2522 2238 te-

1455 2259 1575 2325 net)
1595 2260 1819 2313 dabitur.
1885 2262 1990 2311 Sed
2014 2261 2139 2327 quid
2164 2263 2350 2326 agam?
2387 2263 2521 2313 seili-

1456 2343 1532 2388 cet
1544 2340 1767 2388 autumus
1788 2352 1871 2387 me
1895 2339 2136 2401 decrevi3
2173 2340 2259 2389 vei
2276 2340 2517 2406 daturum

1456 2429 1542 2464 me
1585 2429 1701 2466 esse
1743 2415 1929 2480 dicam,
1972 2417 2112 2482 quod
2140 2417 2426 2482 postuiabit
2458 2415 2521 2466 fi-

1457 2491 1572 2543 lius.
1605 2494 1623 2523 ⁴
1643 2493 1787 2543 Vah!
1810 2490 2008 2542 frustra
2039 2507 2150 2543 snm
2183 2494 2348 2558 igitur
2377 2494 2519 2557 gavi-

1458 2584 1547 2621 sus
1565 2569 1755 2627 miser‚'
1775 2570 1923 2635 qnasi
1937 2567 2072 2619 filius
2089 2570 2313 2620 animum
2337 2584 2521 2620 revera

1458 2648 1529 2698 ad
1571 2648 1783 2712 nuptias
1821 2635 2171 2712 adjecisset.“
2187 2646 2408 2699 Quidvis
2440 2654 2520 2698 ta-

1457 2739 1578 2774 men
1590 2724 1707 2789 jam
1729 2725 1883 2782 malo,
1905 2738 2058 2789 quam
2078 2723 2217 2775 hunc
2241 2723 2520 2775 amittere!

1458 2800 1594 2853 Haec
1631 2801 1897 2850 uniemest
1916 2801 2052 2851 ratio
2081 2801 2377 2866 explicandi
2399 2801 2520 2865 loci,

1432 2932 1439 2947 ὃ
1458 2879 1500 2929 si
1523 2878 1766 2928 hariolari
1784 2878 1922 2928 velle
1948 2876 2257 2929 desinemus.
2323 2880 2518 2943 Eugra·

1457 2956 1609 3019 phius
1648 2953 1787 3005 vidit
1826 2960 1883 3004 et
1928 2954 2150 3018 monuit,
2186 2953 2291 3003 imo
2325 2954 2378 3003 in
2415 2955 2521 3003 suis

1457 3030 1724 3081 codicibus
1756 3029 1836 3094 ita
1868 3030 2084 3094 reperit.
2149 3029 2235 3079 Sic
2273 3030 2411 3079 enim
2433 3045 2520 3080 an-

1456 3110 1611 3161 notat
1643 3126 1660 3161 :
1714 3116 1730 3139 ·
1764 3108 1986 3161 Scilicet
2039 3109 2300 3161 daturum.
2368 3109 2521 3159 Licet

1456 3187 1719 3246 damnum,
1720 3184 1737 3209 ’
1778 3189 1878 3237 διο.
1942 3185 2074 3238 Quis
2111 3198 2216 3235 non
2254 3183 2417 3245 videt,
2451 3184 2520 3235 de

1455 3261 1774 3314 Menedemo
1811 3263 1926 3313 haec
1959 3262 2082 3321 dici,
2123 3275 2226 3313 non
2258 3261 2327 3361 de
2358 3262 2520 3313 Chre-

1455 3340 1630 3391 mete?
1663 3339 1925 3390 Boeclerus.

1517 3422 1580 3468 17
1615 3413 1882 3478 Daturum]
1915 3413 2001 3464 ΑΙ.
2043 3414 2248 3466 Datum.
2295 3414 2518 3466 Farnab.

1522 3490 1927 3554 Fruar-aigum
1946 3490 2051 3556 ξε]
2074 3492 2294 3542 Frustra
2311 3493 2519 3556 gavisus

1457 3585 1591 3634 snm,
1621 3570 1876 3636 siquidem
1910 3568 2048 3619 filins
2077 3583 2191 3619 non
2222 3570 2519 3635 resipuerit,

1455 3661 1628 3714 neque
1664 3655 1724 3698 tu
1761 3648 1977 3701 daturus
2007 3646 2166 3697 filiam
2196 3648 2251 3697 in
2288 3662 2519 3713 uxorem,

1456 3726 1535 3778 nti
1557 3726 1813 3790 poscebat
1831 3726 1965 3791 ipse,
1999 3727 2271 3789 sperabam
2306 3741 2426 3791 ego,
2460 3734 2520 3776 tu

1457 3805 1597 3855 visus
1618 3806 1945 3869 promittere.
1976 3804 2130 3854 Idem.

1523 3886 1588 3932 19
1612 3882 1744 3939 Quid
1760 3895 1886 3932 aune
1904 3880 2194 3944 renuncietur]
2225 3880 2369 3934 Quid
2392 3895 2518 3944 ergo

1454 3958 1534 4009 vis
1557 3958 1854 4008 rennneiem
1876 3956 1982 4006 filio
1998 3956 2089 4005 abs
2107 3963 2160 4005 te
2173 3970 2291 4006 esse
2307 3971 2520 4020 respon·

1455 4049 1588 4098 sum,
1606 4048 1672 4084 ne
1695 4032 1971 4096 intelligat,
2005 4046 2089 4080 me
2111 4032 2212 4082 hoc
2231 4032 2517 4081 intellexis-

1454 4126 1531 4175 se,
1578 4111 1716 4178 qnod
1761 4124 1866 4161 non
1908 4122 2032 4158 vere
2074 4108 2285 4172 nuptias
2343 4107 2517 4172 petit?

1456 4188 1785 4252 Eagrapluian.

1521 4271 1586 4317 22
1621 4265 1806 4330 Perfice
1844 4263 1929 4313 hoe
1959 4262 2079 4312 milii
2116 4262 2365 4327 perpetuo]
2398 4262 2518 4312 Ele⁴

1458 4343 1641 4453 gantis
1669 4350 1725 4393 et
1759 4340 1837 4391 vis
1871 4340 2035 4391 estin
2055 4331 2346 4393 sententia:
2379 4340 2518 4392 sicut
