3035 4941
494 384 668 452 1622

572 542 739 606 Venit]
777 541 993 604 Legitur
1011 547 1065 590 et
1081 540 1289 590 advenit.
1311 540 1567 588 Donatus.

566 623 597 668 8
642 618 941 682 Incogitans]
1008 617 1356 667 Temerarius.
1396 616 1412 645 ‘
1433 616 1564 665 Pro-

503 694 619 758 bus,
638 693 962 755 incogitans,’
995 694 1179 758 inquit,
1223 695 1238 722 ‘
1258 692 1314 742 in
1336 707 1431 742 usu
1450 697 1564 742 est:

502 780 559 821 at
577 786 678 822 non
700 771 882 821 eodem
907 771 1059 820 modo
1084 768 1367 834 cogitans!
1390 769 1544 819 Idem·

571 849 873 913 Incogitans]
915 848 1263 905 Temerarius,
1301 860 1567 911 praeceps3

507 926 628 990 quia
650 926 893 989 pleraque
922 927 1058 974 mala
1083 924 1255 988 potius
1278 939 1342 972 ex
1367 922 1567 987 incogi-

504 1001 690 1063 tantia,
711 1017 862 1066 quam
879 1001 1186 1065 ignorantia.
1203 1001 1333 1051 Ideo
1348 1001 1469 1050 Sen.
1484 1000 1571 1065 (ut

508 1087 565 1128 et
588 1078 674 1127 alii
697 1078 889 1141 passim
912 1076 1238 1144 Philosophi)
1255 1080 1270 1108 ‘
1292 1078 1431 1130 Quid
1451 1092 1569 1141 pro·

507 1156 660 1216 dest,'
685 1154 870 1219 inquit,
888 1156 1099 1218 ‘aperta
1116 1160 1432 1204 monstrare:
1457 1155 1572 1218 plu-

508 1229 694 1279 rimum
739 1230 1001 1280 interdum
1049 1232 1182 1280 enim
1223 1231 1430 1294 scimus,
1471 1245 1571 1280 nec

511 1306 866 1370 attendimu8,’
884 1315 940 1357 et
956 1323 1095 1369 mox,
1118 1307 1335 1372 ‘Itaque
1352 1306 1571 1357 subinde

511 1382 842 1433 reducendus
881 1398 939 1433 es
982 1385 1046 1434 ad
1091 1386 1414 1435 memoriam:
1466 1397 1572 1434 non

513 1459 650 1508 enim
685 1460 916 1522 reposita
955 1461 1040 1509 illa
1078 1474 1191 1512 esse
1216 1468 1447 1525 oportet,
1478 1460 1573 1511 sed

512 1534 566 1583 in
590 1534 872 1599 promptu)
905 1537 1032 1586 Mer.
1060 1537 1378 1587 casaubonus.

456 1617 463 1626 ‘
582 1611 665 1660 Ita
681 1627 785 1661 eum
798 1618 1136 1677 exspectarem,
1149 1620 1204 1664 ut
1221 1630 1315 1680 par
1318 1615 1449 1679 suit]
1475 1617 1576 1665 Ex-

516 1694 776 1751 spectarem
792 1704 928 1739 nuuc
952 1690 1253 1755 opperirer:
1290 1692 1434 1756 alias,
1455 1705 1576 1756 spe·

518 1777 706 1814 tarem.
741 1766 980 1818 Donatus.
1190 1831 1197 1838 ‘

583 1844 616 1890 4
650 1843 781 1899 Quid
799 1845 928 1894 istuc
946 1844 1042 1908 est]
1075 1845 1206 1896 Haec
1234 1845 1579 1911 interrogatio

518 1921 840 1970 stomachosa
888 1928 990 1983 est,
1029 1931 1312 1974 extenuare
1354 1924 1580 1974 volentis

519 2001 715 2044 metum
751 1995 959 2048 fratris:
1005 1999 1213 2049 diversa
1247 2001 1385 2050 enim
1417 2002 1582 2052 sentit

522 2071 589 2119 ob
608 2071 864 2121 diversum
890 2075 1078 2124 amoris
1102 2083 1365 2125 eventum.
1406 2077 1557 2127 Idem.

492 2164 503 2173 ·
592 2149 691 2204 Qui
713 2154 815 2199 tam
834 2151 1028 2201 audacis
1045 2152 1290 2213 facinoris
1324 2154 1442 2203 mihi
1474 2168 1583 2204 con-

518 2225 647 2274 scius
667 2226 759 2290 sis]
808 2228 1032 2293 Proprie
1068 2230 1133 2280 ad
1175 2236 1446 2288 terrorem,
1492 2234 1583 2296 qui

523 2302 592 2353 'de
625 2300 858 2354 facinore
895 2306 1143 2372 loquitur,
1175 2309 1411 2359 conscium
1430 2309 1583 2360 dixit.

519 2378 674 2429 Idem.

591 2455 836 2519 Rogitas?
865 2459 948 2524 qui
977 2466 1080 2512 tam
1108 2462 1302 2514 audacis
1321 2461 1584 2528 facinoris]

523 2530 673 2581 Bene
713 2533 902 2584 timens
936 2537 1200 2588 inducitur
1231 2537 1487 2604 Antipho,
1524 2547 1586 2590 ut

524 2607 595 2656 sit
639 2622 796 2660 causa
840 2610 1091 2676 fugiendi.
1156 2608 1243 2665 Ad
1284 2617 1383 2667 hoc
1444 2617 1583 2666 enim

522 2682 712 2748 fugiet,
746 2702 814 2738 ne
848 2691 914 2739 ad
949 2691 1285 2743 amittendam
1310 2693 1584 2758 conjugem

524 2771 763 2828 cogatur,
786 2782 816 2814 a
840 2773 990 2831 patre
1015 2775 1137 2820 ante
1154 2784 1377 2822 errorem
1394 2771 1584 2823 fabulae

521 2838 866 2902 patefactum.
931 2846 1084 2896 Idem.
1230 2904 1239 2909 ,

589 2922 619 2965 5
660 2919 798 2975 Quod
818 2923 1004 2973 utinam
1023 2939 1082 2975 ne
1101 2924 1408 2989 Phormioni]
1453 2925 1586 2975 Gra-

524 2993 734 3046 vissime
778 3013 881 3049 non
940 3001 1241 3051 Phormioni
1293 3010 1589 3065 succenset,

526 3071 618 3121 sed
641 3072 972 3125 Phormionis
1005 3077 1238 3128 invento.
1275 3079 1346 3128 Et
1368 3079 1506 3143 vide,
1528 3086 1587 3129 ut

527 3154 585 3198 et
606 3149 719 3213 ipse
745 3166 801 3200 se
821 3155 991 3217 culpae
1017 3155 1301 3206 subtrahat.
1335 3156 1488 3206 Idem.

510 3247 517 3251 ·
596 3224 736 3280 Quod
749 3227 956 3293 utinam]
993 3231 1062 3280 Et
1085 3229 1342 3282 familiare
1365 3240 1467 3296 est,
1489 3234 1588 3283 ini·

527 3301 602 3350 tia
623 3317 793 3352 rerum
817 3297 1066 3356 accusare'
1083 3323 1192 3371 eos,
1223 3324 1349 3373 quos
1373 3310 1589 3375 alicujus

528 3379 723 3440 negotii
748 3381 983 3443 poenitet.
1016 3382 1166 3433 Idem.

508 3482 515 3489 ·
601 3456 740 3511 Quod
759 3458 944 3508 utinam
976 3474 1036 3509 ne
1074 3461 1374 3529 Phormioni]
1417 3465 1588 3516 Vetus

529 3533 777 3595 elocutio,
794 3536 977 3585 utinam
989 3552 1067 3588 ne.
1101 3539 1330 3590 Ennius
1316 3556 1370 3590 ιιι
1381 3542 1592 3608 Medea,

530 3607 545 3634 ‘
573 3607 787 3657 Utinam
810 3624 876 3659 ne
913 3610 966 3658 in
999 3627 1208 3664 nemore
1227 3615 1379 3666 Pelio
1398 3619 1588 3669 securi·

534 3683 631 3733 bus
661 3697 802 3734 caesa
837 3687 1118 3738 cecidisset
1151 3690 1375 3756 abiegna
1396 3694 1459 3743 ad
1487 3703 1593 3745 ter·

530 3774 638 3808 ram
657 3759 868 3810 trabes?
900 3763 971 3813 Et
984 3777 1058 3837 ne,
1077 3769 1593 3832 non,accipiendum.

533 3836 682 3887 Idem.

600 3913 737 3968 Quod
752 3913 938 3964 utinam
957 3931 1016 3967 ne
1039 3917 1316 3970 Phormioni
1329 3920 1382 3970 id
1395 3925 1595 3974 suadere

531 3989 584 4039 in
605 3996 805 4040 mentem
840 3991 1108 4058 incidisset]
1141 3996 1300 4059 Vide,
1336 4007 1394 4048 ut
1418 4009 1593 4051 custo-

533 4066 647 4116 diat
672 4067 838 4118 Poeta
858 4068 916 4117 τὸ
931 4069 1040 4128 ἦθος
1059 4087 1414 4135 personarum.
1439 4085 1594 4127 antea

533 4157 744 4193 servus:
767 4145 782 4171 ‘
802 4146 899 4195 Est
925 4149 1183 4210 parasitus
1200 4151 1409 4214 quidam
1427 4153 1592 4204 Phor-

490 4252 495 4255 -
534 4221 658 4276 mio,
695 4221 782 4286 qui
804 4223 970 4285 (illum
1013 4224 1084 4273 dii
1110 4241 1289 4276 omnes
1321 4229 1593 4296 perduint)

534 4296 632 4347 hoc
653 4298 920 4350 consilium
961 4301 1146 4353 dedit.'
1181 4311 1237 4353 at
1276 4313 1468 4370 quanto
1501 4308 1591 4360 ho-

1191 397 1406 445 No'rAE
1461 393 1864 443 VARIORUM
1917 393 1994 441 IN

1639 537 1836 586 nestius
1852 536 2085 600 Antipho
2105 534 2234 585 nihil
2249 534 2368 583 mali
2388 532 2727 595 imprecatur

1641 613 1965 677 Phormioni,
1985 613 2075 662 sed
2094 613 2194 661 hoc
2214 618 2415 661 tantum
2436 616 2615 673 optat,
2649 622 2728 656 ne

1640 690 1693 739 in
1723 696 1952 740 mentem
1976 689 2203 739 venisset
2226 687 2276 736 ei
2294 686 2572 736 consilium
2586 684 2727 733 dare

1643 771 1698 813 et
1724 765 2066 828 persuadere,
2103 763 2242 827 qnod
2277 776 2394 811 cum
2434 761 2602 810 tantis
2625 774 2727 823 pe-

1643 841 1821 891 riculis
1864 848 2007 891 esset
2047 840 2409 904 conjunctum!
2461 839 2602 890 Qnae
2638 853 2722 886 se·

1643 925 1893 982 quantur,
1930 916 2290 968 connectenda
2330 923 2452 965 sunt
2486 916 2544 964 in
2575 917 2730 974 hunc

1643 995 1877 1046 modum:
1916 997 1932 1023 ‘
1959 994 2035 1044 At
2066 1009 2168 1043 non
2202 993 2462 1043 cotidiana
2484 993 2606 1041 baec
2627 1008 2731 1042 cu-

1645 1084 1702 1121 ra
1749 1077 1973 1135 angeret
2008 1072 2257 1132 animum,
2296 1070 2416 1119 dum
2454 1079 2731 1134 exspecto

1646 1163 1799 1212 quam
1858 1162 1977 1196 mox
2022 1147 2216 1206 veniat,
2263 1146 2351 1209 qni
2406 1146 2546 1196 hanc
2595 1148 2730 1195 mihi

1646 1225 1841 1274 adimat
1864 1222 2332 1274 consuetudinem!
2362 1230 2482 1271 nota
2498 1230 2727 1290 auctam

1644 1300 1758 1364 ipso
1796 1300 2073 1350 verborum
2115 1305 2290 1349 tractu
2330 1297 2589 1347 solicitam
2629 1312 2730 1346 ex-

1645 1375 2044 1441 spectationem.
2079 1374 2340 1423 Boeelerus.

1710 1457 1744 1502 6
1777 1454 1888 1502 Neu
1929 1467 2005 1501 me
2040 1451 2262 1514 cupidum
2291 1466 2350 1499 eo
2393 1451 2736 1515 compulisset]

1647 1530 1797 1579 Bene
1832 1529 1934 1578 hoc
1977 1527 2180 1577 addidit
2221 1526 2286 1576 ad
2310 1528 2736 1577 excusationem.

1648 1606 1820 1671 potuit
1842 1605 1979 1655 enim
2005 1605 2127 1668 dici,
2147 1620 2243 1654 non
2263 1604 2578 1654 consentires.
2616 1604 2736 1655 Do-

1647 1693 1822 1736 natus.

1716 1764 1792 1811 Eo
1814 1759 2135 1826 compulisset]
2170 1760 2264 1824 Eo,
2301 1759 2368 1809 ad
2390 1774 2612 1809 uxorem
2635 1761 2739 1812 du-

1651 1839 1888 1889 cendam.
1916 1842 1980 1887 an
2004 1853 2057 1887 eo
2078 1837 2131 1886 in
2156 1835 2395 1886 tantum?
2430 1835 2596 1885 Idem.

1721 1914 1979 1979 Cupidum]
2013 1912 2098 1963 Ad
2135 1913 2347 1976 nuptias
2382 1912 2498 1961 scil.
2539 1913 2623 1962 vel
2663 1913 2737 1964 ad

1652 1990 1895 2042 fictitiam
1933 1993 2076 2042 iilam
2114 1990 2303 2041 dicam.
2369 1989 2504 2040 Mer.
2545 1991 2742 2041 cmu-

1655 2069 1815 2120 bonus.
1893 2061 1899 2064 ’

1726 2147 1867 2202 Quod
1888 2145 2007 2196 mihi
2024 2151 2095 2196 est
2115 2144 2410 2234 principiam
2444 2145 2592 2209 mali]
2626 2146 2743 2196 Be-

1657 2236 1743 2285 ne,
1761 2223 1907 2286 quasi
1932 2230 2091 2287 caput
2110 2223 2232 2272 mali
2248 2237 2351 2271 non
2371 2223 2425 2272 in
2454 2238 2632 2272 amore
2648 2225 2743 2310 sit,

1658 2297 1752 2346 sed
1779 2297 1834 2346 in
1857 2298 2076 2361 nuptiis.
2113 2297 2355 2347 Donatus.

1727 2376 1867 2431 Quod
1883 2374 2005 2424 mihi
2033 2374 2322 2439 principium
2341 2378 2412 2424 est
2436 2374 2582 2438 mali]
2616 2375 2748 2426 Vir·

1658 2451 1748 2516 gil.
1803 2452 1978 2503 Prima
1999 2452 2114 2503 mali
2131 2452 2272 2502 labes.
2305 2452 2412 2515 vel,
2439 2452 2583 2515 quod
2607 2454 2748 2506 mihi

1659 2528 1979 2595 praecipuum
2022 2530 2232 2588 malum,
2286 2535 2349 2578 ut
2400 2527 2533 2590 ἀρχὴ
2593 2533 2748 2595 apud

1658 2605 1899 2671 Graecos,
1941 2607 2234 2657 interdum:
2269 2611 2324 2656 et
2359 2622 2582 2668 nume-1
2596 2611 2749 2672 apud

1660 2695 1825 2746 Hebr.
1866 2697 1996 2746 Mer.
2024 2695 2349 2748 Casaubonus.

1725 2778 1755 2822 ⁷
1791 2775 1906 2823 Non
1924 2776 2113 2838 potitus
2141 2765 2530 2839 eoemTMore
2570 2777 2744 2827 homi-

1658 2862 1781 2898 num
1826 2849 2089 2914 loquitur:
2137 2853 2311 2902 credit
2357 2854 2496 2902 enim
2538 2868 2746 2902 ex-se·

1659 2926 1837 2991 quenti
1875 2927 2141 2992 satietate,
2184 2930 2320 2994 quod
2366 2933 2610 2994 potuerit
2647 2930 2748 2980 at»

1660 3003 1858 3053 stinere
1882 3005 2141 3056 amoribus
2164 3008 2306 3069 suis„
2328 3008 2575 3058 Donatus.

1727 3081 1843 3131 Non
1876 3082 2057 3146 potitus
2079 3083 2251 3146 essem]
2278 3084 2626 3151 Ἀνθυποφορὰ
2646 3106 2744 3146 μο-

1661 3157 1871 3223 νομερής.
1917 3161 2037 3209 Non
2062 3161 2223 3224 enim,
2255 3162 2393 3211 ‘Sed
2436 3165 2603 3226 potiri
2640 3180 2751 3215 vo-

1661 3234 1839 3285 luisti'
1879 3237 2087 3300 posuit:
2122 3244 2182 3286 ut
2219 3239 2330 3302 ille,
2376 3241 2391 3266 ‘
2416 3233 2614 3290 verum
2639 3257 2735 3290 an-

1662 3326 1786 3376 ceps
1809 3327 1998 3376 pugnae
2020 3312 2194 3363 fuerat
2213 3313 2465 3366 fortuna!
2528 3320 2686 3368 Idem.

1727 3387 1945 3451 Fuisset]
1999 3389 2105 3439 Hic
2148 3391 2284 3441 enim
2332 3398 2559 3458 utraque
2612 3411 2744 3459 pars

1662 3464 1892 3528 ponitur.
1927 3466 2079 3517 Idem.

1731 3542 1928 3592 Fuisset
1947 3549 2052 3593 tum
2086 3543 2195 3594 illos
2234 3546 2358 3596 mihi
2394 3562 2523 3609 oegre
2553 3549 2742 3612 aliquot

1661 3618 1787 3682 dies]
1843 3620 2069 3671 Quidam
2130 3627 2297 3671 totum
2360 3623 2740 3689 interrogative

1666 3696 2034 3760 pronuntiant:
2073 3712 2281 3762 nempe,
2323 3700 2339 3727 ‘
2368 3701 2579 3751 Fuisset
2623 3711 2742 3751 tum

1665 3773 1781 3822 illos
1802 3773 1927 3822 mihi
1950 3788 2092 3838 aegre
2116 3775 2311 3838 aliquot
2334 3775 2450 3825 dies
2466 3776 2485 3824 ?
2502 3777 2517 3798 '
2553 3777 2743 3828 Donat.

1731 3853 1763 3898 8
1796 3849 1867 3897 At
1886 3863 1981 3898 non
2001 3850 2282 3912 quotidiana
2303 3866 2419 3900 cura
2447 3852 2549 3901 koec
2586 3868 2738 3916 aage-

1665 3930 1742 3974 ret
1759 3925 1991 3988 animum]
2026 3927 2197 3978 Quum
2220 3929 2470 3977 amatorie
2495 3930 2741 3993 loquatur

1666 4002 1920 4066 Antipho,
1954 4010 2131 4052 errant
2154 4005 2243 4068 qni
2269 4012 2460 4068 putant
2482 4021 2748 4071 eumpoe-,

1666 4079 1838 4128 nitere
1862 4080 1941 4128 sui
1980 4079 2248 4130 desiderii.
2283 4094 2401 4128 nam
2427 4083 2473 4129 si
2498 4083 2595 4130 hoc
2634 4091 2749 4142 est„

1666 4173 1765 4207 nec
1810 4159 2028 4209 maritus
2070 4158 2249 4207 firmus
2306 4160 2573 4209 videbitur
2605 4161 2741 4212 fore.

1667 4236 1758 4286 sed
1772 4237 1869 4286 hoc
1887 4237 2046 4289 dicit:
2067 4236 2268 4288 facilins
2285 4237 2445 4288 fuisse
2469 4239 2737 4290 abstinere

1670 4313 1867 4378 virgine
1909 4315 2129 4378 intacta,
2165 4327 2322 4389 quam
2368 4329 2432 4364 ea
2478 4330 2597 4366 cum
2631 4333 2743 4382 qua.
