3035 4941
545 434 912 482 TEREN'H!
962 433 1590 481 HEAUTON‘MMOR.
1642 434 1805 481 AG'I'.
1855 433 1933 482 11.
1980 433 2089 508 SC.
2131 433 2243 482 111.

327 579 435 626 dam
447 575 627 641 offendi
641 577 706 626 ibi
720 576 930 627 militem.
947 591 1023 627 vs.
1039 579 1156 626 128.
1170 583 1347 625 om'nes
1361 592 1375 626 ε

330 654 572 716 eodemque
593 658 647 703 ut
668 658 786 703 esset
807 656 929 717 apud
965 658 1011 702 te
1037 654 1094 702 ob
1124 654 1208 703 hoc
1238 669 1376 716 quam

321 730 620 789 gratissima.
655 745 729 779 vs.
769 734 879 780 138.
917 745 1131 781 omnes:
1166 730 1305 780 abeas
1335 731 1378 781 si

323 805 470 867 sapis.
511 805 799 855 Boeclerus.

390 881 416 927 1
453 878 572 929 Διΐ
603 879 680 943 tu]
711 881 835 930 Hoec
869 897 1005 932 scena
1034 883 1212 933 exolvit
1245 883 1379 933 illam

319 957 646 1019 suspicionem,
680 974 818 1022 quum
861 959 1020 1009 Clinia
1061 960 1241 1012 habuit.
1307 962 1378 1009 Et

322 1031 436 1082 baec
459 1033 765 1096 conjectura
794 1034 980 1084 deinde
1009 1051 1182 1085 rursus
1220 1036 1379 1085 habet

322 1107 477 1158 aliam
495 1124 722 1170 causam,
740 1113 875 1176 quud
896 1114 1106 1163 amicam
1124 1114 1377 1178 Clitipho-

320 1184 400 1233 nis
439 1185 715 1236 adduxerit
744 1202 941 1250 servus,
976 1188 1052 1237 ita
1074 1188 1204 1238 utin
1225 1189 1379 1239 domo

321 1262 488 1325 patris
512 1277 628 1311 esse
650 1263 825 1326 possit.
891 1257 1021 1315 Qum
1048 1279 1132 1314 res
1163 1280 1228 1314 an
1263 1263 1378 1313 fieri

321 1338 511 1402 possit,
546 1337 933 1389 deliberationis
955 1341 1055 1390 vim
1083 1349 1240 1391 tenet.
1290 1341 1375 1391 Ita

321 1415 465 1480 prior
507 1431 664 1466 causa
703 1417 754 1466 in
778 1418 1135 1467 controversia
1173 1425 1273 1481 est,
1297 1433 1377 1469 se·

323 1491 495 1541 cunda
513 1493 565 1541 in
590 1492 951 1543 deliberativa:
975 1501 1064 1544 ant
1079 1501 1375 1546 controver-

321 1570 399 1618 sia
439 1577 522 1619 est
560 1584 625 1618 ex
657 1570 978 1633 conjectura.
1044 1572 1183 1636 Ergo
1216 1571 1376 1636 parti·

320 1644 419 1693 bus
444 1646 783 1708 tractabitur,
811 1647 907 1696 boc
931 1653 1027 1706 est,
1049 1648 1123 1697 uti
1155 1648 1297 1698 dicta
1320 1657 1375 1698 et

318 1721 561 1786 affectus,
585 1725 721 1789 quod
758 1723 903 1776 πάθος
944 1726 1134 1777 Graece
1174 1728 1380 1792 dicunt,

316 1806 608 1864 suggerunt
630 1811 963 1865 argumenta:
1004 1804 1138 1854 sicut
1162 1806 1267 1854 suis
1300 1806 1373 1855 lo-

316 1877 392 1927 cis
423 1877 834 1941 explanabimus,
870 1881 1197 1943 Eugraphius.

324 1959 329 1962 ’
378 1954 497 2022 Aiu’
545 1955 623 2018 tu]
676 1957 898 2019 Supplet
930 1957 1181 2021 Guyetus.
1222 1958 1372 2023 quale

318 2031 402 2081 hic
439 2034 631 2093 ’γελοῖον
673 2034 1018 2094 observatum,
1065 2033 1201 2098 qnod
1251 2050 1373 2084 non·

316 2122 471 2158 nemo
495 2114 726 2171 annotat,
766 2108 900 2157 haud
938 2111 1212 2172 repereris.
1251 2115 1370 2160 con-

314 2183 590 2232 suetudine
614 2184 810 2233 comica
831 2198 1064 2248 personae
1086 2189 1185 2235 una
1204 2186 1372 2250 ingre·

313 2257 522 2309 dientes
561 2260 610 2309 in
645 2261 926 2324 theatrum,
957 2263 1119 2312 veluti
1140 2265 1373 2313 continu-

314 2342 409 2385 ant
427 2351 730 2393 sermonem,
753 2351 801 2388 e.
818 2353 866 2403 g.
883 2339 967 2388 hic
985 2339 1243 2390 intervias
1267 2342 1369 2406 agi·

314 2420 504 2463 tatum.
539 2414 795 2465 Boeclerus.

379 2490 512 2539 Dum
564 2505 798 2541 sermones
851 2492 1098 2557 cedimus]
1175 2495 1371 2546 Coedere

309 2580 549 2618 semones
577 2568 838 2631 dicuutur,
872 2570 958 2635 qni
988 2570 1290 2637 frequenter
1314 2581 1371 2624 et

312 2642 590 2706 plurimum
620 2645 915 2709 loquuntur.
952 2646 1272 2711 Engo-aptitus.

377 2718 642 2769 &mones
661 2720 909 2784 caedinuoe]
959 2723 1163 2774 Κόπτειν
1201 2725 1373 2789 λόγους

311 2800 369 2844 et
388 2793 579 2844 κύπτειν
592 2793 774 2857 ῥήματα
795 2796 898 2846 dici
921 2813 952 2847 a
973 2799 1173 2851 Graecis
1197 2810 1372 2854 monet

310 2871 615 2921 Priscianus
641 2872 859 2923 l.xvm.
883 2876 1018 2940 quod
1059 2877 1372 2944 interpreta-

311 2956 402 2997 tur
423 2948 645 3009 Nouius,
668 2950 684 2977 ‘
699 2950 1038 3002 commiscere
1066 2958 1367 3008 sermones.’

311 3025 401 3090 qui
423 3040 578 3075 serere
594 3027 790 3090 legunt,
826 3041 930 3076 non
953 3030 1243 3081 metiuntur
1260 3046 1371 3083 ver·

312 3116 457 3163 sum3
500 3117 788 3168 quanquam
829 3105 845 3133 ‘
872 3101 1048 3155 serere
1094 3100 1371 3158 sermones'

308 3178 567 3227 habeatnr
590 3178 729 3243 apud
759 3180 1038 3244 Virgilium
1072 3189 1129 3232 et
1151 3183 1370 3236 Livium.

312 3254 533 3305 Pan-nab.

314 3339 318 3343 ⁴
376 3333 422 3379 2·
444 3330 626 3380 Mulier
639 3330 730 3380 tien·
746 3333 907 3396 adest]
928 3333 1063 3384 Quia
1083 3334 1158 3384 ita
1174 3335 1371 3386 locutio

308 3405 452 3454 servi
475 3403 670 3469 fuerat,
708 3414 766 3461 nt
793 3408 1013 3473 diceret,
1047 3412 1229 3461 reiictoe
1264 3428 1366 3463 mu-

306 3482 468 3532 lieres.
502 3483 841 3547 Eugrapbius.

380 3559 565 3609 Mediet-
592 3560 682 3609 tibi
715 3562 1035 3624 ademundi„
1059 3564 1215 3628 Cium]
1242 3567 1368 3616 Pcr-

308 3635 393 3702 git
426 3637 681 3685 consolari
710 3644 769 3687 et
807 3641 1077 3702 gratulari,
1115 3651 1172 3691 ut
1195 3640 1369 3707 crepe-

307 3719 420 3774 rat,
456 3712 723 3776 Clitipho:
763 3715 931 3764 mulier
971 3717 1063 3766 tibi
1101 3721 1255 3776 adest,
1299 3734 1371 3773 sc.

308 3792 424 3851 illa,
456 3789 490 3849 ἡ
518 3788 740 3854 ἐρωμένη,
763 3805 879 3842 cum
907 3794 1128 3857 quadam
1153 3796 1370 3861 ἔμφιίσει.

308 3868 460 3916 audin
498 3867 698 3916 Clinia?
735 3882 910 3919 servos
948 3871 1014 3922 de
1051 3876 1371 3940 mulieribus,

311 3943 383 3994 ad
401 3958 532 4008 >quus
554 3944 892 3996 accersendas
914 3949 1054 3998 missi
1078 3959 1246 4015 erant,
1265 3955 1370 4002 col-

310 4021 603 4084 loquentes.
637 4022 719 4071 cni
744 4023 912 4073 Clinia
933 4013 1141 4086 ἑμτοῖθῶς
1164 4043 1370 4094 respon-

312 4095 437 4146 det:
461 4112 548 4159 ego
566 4108 676 4147 uero
698 4099 945 4165 (utraque
981 4119 1082 4153 vox
1112 4108 1375 4157 asseveras

311 4174 444 4224 tioui
483 4180 633 4239 apta)
669 4178 808 4227 audio
843 4193 968 4228 nuno
1001 4183 1183 4232 demam
1224 4183 1373 4249 (post

314 4251 524 4301 anxiam
560 4259 615 4301 et
638 4252 909 4303 sollicitam
934 4258 1374 4327 expectationem)

313 4329 517 4392 acideo
547 4333 604 4378 εἴ
630 4330 760 4379 valeo
799 4331 1027 4395 Clitipho.
1059 4334 1187 4387 mire
1221 4336 1367 4388 addi-

2337 403 2508 485 1321

1457 584 1567 625 tum
1594 575 1654 625 τὸ
1675 577 1825 626 video.
1883 576 2307 641 conspectiorem
2332 586 2506 627 autem

1451 655 1614 705 voluit
1638 669 1749 704 esse
1774 653 1931 720 poeta
1956 654 2213 719 affectum,
2247 657 2505 719 respiran-

1450 732 1516 782 tis
1540 746 1606 781 ex
1629 732 1937 794 aegritudine
1973 732 2333 795 adolescentis,
2368 738 2429 781 ut
2450 731 2509 779 il·

1449 810 1764 858 lustraretur
1786 808 1991 858 fortuna
2015 810 2316 870 amantium,
2344 823 2507 872 quan·

1451 884 1520 934 do
1564 885 1761 946 statim,
1808 900 1874 934 ex
1917 900 2051 934 nova
2096 887 2408 948 suspicione,
2453 887 2506 933 in

1453 962 1678 1027 priorem
1720 962 2121 1012 sollicitudinem
2168 962 2367 1011 incidit.
2393 962 2507 1011 13oe-

1450 1041 1617 1089 clerus.

1516 1120 1547 1165 4
1571 1116 1774 1165 Minime
1795 1117 1966 1167 mirum
1986 1120 2099 1166 adeo
2121 1116 2382 1181 impeditae]
2408 1116 2506 1166 Mi·

1452 1191 1666 1240 randum
1706 1207 1807 1241 uon
1832 1201 1914 1243 est
1936 1194 2070 1258 quod
2096 1193 2357 1257 impeditas
2384 1198 2507 1241 sunt

1451 1270 1711 1332 mniieres,
1750 1285 1865 1335 quae
1896 1278 1950 1320 et
1973 1271 2269 1330 ancillarum
2296 1283 2504 1333 gregem

1450 1346 1647 1396 ducunt
1690 1363 1887 1409 secum,
1930 1354 1983 1398 et
2014 1347 2234 1412 plurima
2272 1359 2508 1412 compor-

1450 1432 1579 1476 tant.
1615 1426 1939 1488 Eugraphius.

1512 1504 1717 1553 Minime
1751 1502 1946 1566 mirum]
1988 1502 2075 1551 Sc.
2122 1501 2259 1567 quod
2303 1500 2503 1550 relictae

1448 1583 1573 1643 sint,
1595 1581 1729 1646 quod
1755 1581 1951 1630 tardius
1976 1585 2358 1642 consequantur
2394 1594 2506 1629 nos.

1448 1659 1700 1709 Dromoni
1724 1659 1893 1723 potius
1918 1659 2095 1707 volunt
2121 1656 2206 1706 alii
2233 1656 2506 1705 convenire

1451 1737 1563 1786 haec
1588 1737 1766 1800 verba,
1798 1751 1950 1801 quam
1985 1735 2137 1800 Syro,
2169 1734 2252 1783 cui
2291 1734 2342 1782 in
2378 1733 2508 1785 Mas.

1449 1811 1561 1861 fere
1587 1812 1903 1863 tribuuntur.
1925 1811 2045 1861 vide
2066 1811 2259 1874 Guyet.
2294 1811 2452 1860 Boecl.

1511 1888 1807 1937 Anciaarum
1827 1886 2045 1949 gregem]
2088 1887 2400 1935 Indecornm
2432 1886 2507 1935 ni·

1446 1965 1631 2014 mirum
1655 1964 1775 2013 olim
1800 1965 1963 2012 visum
1989 1964 2237 2012 matronis
2276 1970 2329 2012 et
2361 1963 2505 2012 inbo-
2547 2027 2558 2032 -

1447 2049 1671 2099 nestum,
1707 2043 1818 2092 sine
1850 2042 2097 2091 comitatu
2123 2041 2422 2090 ancillarum
2449 2041 2504 2089 in

1446 2118 1709 2183 publicum
1735 2116 1960 2182 prodire.
2014 2117 2280 2167 Praeibant
2303 2132 2367 2167 ex
2393 2115 2505 2170 offi-

1445 2197 1528 2246 cio
1561 2194 2087 2259 Anteambulatrices,
2123 2194 2505 2258 subsequeban-

1445 2278 1533 2323 tur
1555 2271 1912 2336 Pedissequae.
1957 2271 2251 2319 Martianus
2270 2271 2508 2333 Capella,

1446 2353 1481 2401 1.
1508 2364 1572 2399 11.
1603 2346 1903 2411 ‘Periergia
1943 2362 2065 2396 vero
2104 2348 2215 2395 aliis
2254 2346 2505 2396 comitata

1446 2425 1767 2492 pedissequis
1823 2422 2182 2488 dotalibusque
2233 2421 2506 2487 mancipiis

1444 2503 1649 2554 curiose
1695 2501 1929 2550 universa
1975 2506 2306 2563 perscrutans
2348 2508 2507 2564 atque

1443 2579 1773 2643 interrogans
1798 2574 2149 2642 sequebatur!
2184 2575 2466 2626 Far-nabin.

1460 2664 1471 2667 “
1510 2661 1541 2706 5
1579 2654 1751 2705 Perii!
1804 2657 1926 2704 unde
1969 2654 2064 2702 illoe
2106 2652 2243 2716 sunt]
2296 2651 2505 2702 Crescit

1445 2748 1593 2784 error
1629 2733 1843 2784 Cliniae:
1879 2737 1937 2781 ut
1975 2731 2137 2794 magis
2172 2731 2353 2780 credat
2390 2744 2505 2780 esse

1445 2816 1762 2874 corruptam,
1796 2808 1933 2874 quod
1972 2808 2187 2858 ancillas
2226 2806 2413 2857 habeat
2449 2813 2507 2858 et

1446 2902 1645 2937 aurum.
1710 2885 1839 2934 Haec
1863 2885 2035 2934 omnia
2054 2883 2364 2945 meretricis,
2395 2886 2505 2933 ‘non

1444 2964 1579 3013 illius
1602 2962 1825 3011 mulieris
1848 2968 1986 3010 suut.
2040 2960 2144 3011 Sed
2170 2960 2337 3010 adhuc
2359 2960 2507 3025 igno·

1444 3045 1529 3090 rat
1552 3040 1871 3088 adolescens.
1905 3037 2222 3101 Eugraphius.

1510 3113 1798 3177 Perii,unde
1812 3112 2005 3162 illisum
2020 3112 2226 3175 ancilloe]
2245 3112 2349 3162 Hic
2360 3126 2508 3162 error

1444 3191 1686 3241 inductus
1705 3195 1787 3240 est
1805 3204 1835 3238 a
1855 3188 2028 3252 poeta,
2053 3189 2187 3238 sicut
2210 3197 2349 3239 totus
2368 3191 2506 3240 Bac-

1444 3266 1610 3317 chidis
1664 3266 1964 3328 comitatus,
2031 3265 2097 3314 ad
2152 3264 2511 3315 demonstran-

1444 3343 1564 3393 dam
1603 3357 1668 3392 ex
1712 3341 2102 3404 comparatione
2125 3340 2507 3405 Antiphilaein-

1444 3419 1762 3482 nocentiam,
1795 3425 1851 3468 et
1887 3418 2156 3482 utriusque
2184 3418 2369 3468 amoris
2401 3418 2534 3477 dis·=

1443 3497 1661 3560 crimen,
1680 3496 1813 3559 Syro
1830 3493 1991 3558 coepti
2009 3500 2237 3544 auctore.
2254 3508 2507 3557 propaga-

1443 3579 1631 3638 turque
1652 3572 1862 3635 egregia
1878 3569 2137 3632 οἰκονομίας
2157 3576 2268 3619 arte
2286 3583 2379 3633 per
2396 3570 2506 3633 ple·

1443 3663 1656 3714 tamque
1701 3647 1990 3710 argumenti
2031 3647 2248 3696 seriem:
2297 3651 2356 3695 nt
2387 3659 2505 3710 qnoe

1437 3726 1691 3789 juvenum
1716 3725 1883 3788 primo
1907 3723 2103 3773 animos
2124 3729 2370 3772 tenuerat
2394 3736 2505 3771 sns-

1447 3816 1652 3868 pensos‚
1685 3800 1823 3865 apud
1855 3815 2006 3850 senes
2044 3799 2294 3862 majorem
2317 3797 2508 3847 deinde

1448 3880 1653 3929 turbam
1672 3879 1921 3941 concitet,
1944 3879 2214 3928 mulierum
2231 3877 2505 3941 ignoratio.

1446 3958 1707 4007 Boeclerus.

1466 4044 1469 4049 ·
1509 4033 1647 4084 Men'
1686 4032 1852 4096 rog-as]
1884 4033 1965 4081 Ex
2006 4045 2088 4080 me
2127 4029 2334 4095 quidem
2375 4028 2504 4079 nibil

1448 4110 1628 4161 borum
1651 4111 1773 4160 sciri
1797 4113 1986 4173 potest.
2022 4107 2170 4156 Idem·

1516 4193 1550 4238 6
1583 4188 1789 4236 Portant
1813 4184 1924 4248 quid
1956 4182 2137 4245 rerum]
2172 4181 2410 4230 Muretus
2432 4181 2509 4231 iu·

1453 4263 1807 4324 terrogatione
1843 4258 2039 4309 attollit
2078 4265 2133 4307 et
2168 4255 2418 4318 exemplis
2445 4257 2511 4306 il-

1449 4341 1656 4391 lustrat.
1689 4338 1728 4389 i.
1751 4352 1800 4393 e.
1821 4336 2038 4387 multum
2053 4348 2244 4386 rerum.
2279 4333 2430 4386 Idem.
