3035 4941
681 386 1044 437 TERBN‘rn
1091 385 1429 435 nummu.
1470 385 1637 433 Ac'r.
1686 385 1789 432 lv.
1833 385 1938 434 SC·
1984 384 2071 436 11.

307 534 472 583 rixam.
536 535 606 583 Et
627 540 918 597 opportune
938 531 1201 582 mulierem
1226 529 1337 578 dix-

305 611 359 667 it,
390 626 488 660 non
524 611 781 660 Thaidem:
807 617 867 660 ut
899 606 1199 658 ostenderet
1231 621 1337 655 ma·

303 687 454 743 litiam
485 701 658 736 sexus.
689 687 923 735 Donatus.

360 762 543 812 Interea
579 777 746 812 aarum
777 762 870 811 sibi
899 763 1019 810 clun·
1056 760 1204 809 demit
1238 774 1338 808 ma·

301 838 401 901 lier]
433 840 601 891 Quam
641 854 746 888 rem
791 839 898 902 agit
931 838 1183 899 Donatus,
1220 851 1337 887 cum

301 921 534 967 annotat:
593 917 611 945 ‘
636 917 718 967 Ne
763 930 941 967 aurum
979 931 1076 980 pro
1117 915 1339 977 virgine,

301 992 424 1055 quod
445 993 708 1043 retinebat
728 992 1028 1044 amitteret.'
1062 991 1186 1058 quid
1209 989 1339 1041 illud

299 1083 452 1118 mm
479 1084 568 1132 pro
588 1068 816 1132 virgine?
846 1086 1019 1135 nugae.
1064 1070 1186 1119 nibil
1226 1083 1335 1119 cer·

299 1146 408 1208 tius,
429 1161 578 1211 quam
601 1162 758 1197 aurea
777 1141 1081 1197 ornamenta
1103 1146 1338 1196 meretri·

299 1221 367 1270 cis
387 1221 619 1285 intelligi.
654 1237 819 1287 neque
857 1228 941 1272 est
973 1221 1112 1287 quod
1153 1221 1339 1272 timeat

294 1296 371 1346 hic
411 1298 612 1363 aliquis,
654 1315 720 1349 ne
759 1299 866 1363 legi
900 1298 1097 1348 Atticm
1128 1298 1205 1346 vis
1225 1296 1339 1359 fiat,

298 1387 388 1436 qua
424 1382 634 1424 cautum
674 1383 788 1425 erat
810 1391 827 1426 ε
861 1374 1024 1439 ἑταίρα
1055 1375 1254 1439 χρυσεῖα
1293 1371 1335 1423 εἰ

295 1448 464 1512 φοροίη,
516 1449 718 1512 δημόσια
776 1449 919 1502 ἔστιν.
973 1468 1004 1502 a
1046 1467 1148 1517 quo
1191 1458 1337 1501 metu

296 1526 439 1577 etiam
450 1528 662 1578 Petitus
686 1543 743 1578 se
764 1543 866 1579 nou
888 1529 1060 1593 potuit
1070 1527 1335 1593 expedire,

294 1602 430 1653 Auro
447 1606 977 1656 ornatas-meretrices
995 1605 1335 1667 Atticas,uon

293 1677 370 1727 hic
391 1687 610 1740 tantum,
631 1682 723 1730 sed
748 1683 798 1730 iu
811 1682 1019 1743 Plauto,
1034 1688 1089 1731 et
1111 1681 1251 1740 alibi,
1268 1682 1336 1730 lc-

294 1756 464 1818 gimus.
534 1758 676 1810 Quid
711 1759 960 1809 illustrius
997 1759 1336 1808 loco'accura-

293 1833 458 1885 tissimi
479 1836 717 1886 Pollucis
741 1850 821 1886 iv·
843 1841 922 1886 19.
945 1842 997 1885 5.
1022 1837 1109 1885 ubi
1132 1835 1198 1886 de
1223 1850 1337 1900 per-

293 1912 418 1962 sonis
460 1915 677 1964 comicis
720 1914 861 1978 agit?
905 1913 1236 1976 describitur,
1285 1914 1338 1963 in

272 2002 467 2049 ,genere
490 1991 846 2054 meretricum,
875 1989 1125 2056 διάχρωος
1158 1989 1340 2057 ἑταίρα,

291 2064 429 2114 πολὺν
454 2065 639 2129 ἔχουσα
668 2066 752 2116 τὸν
784 2066 960 2131 χρυσὸν
995 2066 1073 2117 ἐπὶ
1108 2070 1171 2133 τῇ
1205 2068 1337 2135 κόμῃ.

294 2142 585 2194 ‘Deaurata
631 2146 902 2205 meretrix,
959 2159 1077 2209 quae
1119 2147 1336 2195 multum

293 2220 394 2269 auri
413 2221 462 2270 iu
484 2221 663 2286 capite
684 2220 889 2285 gestat-⁹
935 2220 1189 2271 Videmus
1212 2236 1337 2285 ergo

293 2310 383 2345 nou
406 2312 607 2348 omnem
646 2299 760 2347 auri
793 2312 939 2346 usum
971 2298 1335 2347 meretricibus

295 2370 399 2435 lege
418 2373 505 2423 illa
530 2374 799 2424 ademtum
823 2387 958 2424 esse.
996 2373 1135 2438 quod
1165 2383 1220 2424 et
1254 2375 1337 2423 Ci-

291 2460 399 2497 eero
438 2450 650 2502 disertis
687 2449 858 2500 verbis
891 2447 1108 2512 monuit,
1130 2449 1337 2513 quando

293 2525 463 2576 Latine
502 2529 579 2578 ita
619 2528 1002 2590 interpretatur
1036 2527 1127 2590 (ιι.
1161 2526 1227 2575 de
1255 2526 1336 2576 ln·

293 2605 524 2655 ventione
555 2603 697 2670 ⁴⁰0²
752 2605 769 2633 ‘
789 2605 1045 2654 Meretrix
1092 2618 1335 2654 coronam

292 2692 483 2731 auream
503 2696 569 2731 ne
590 2681 814 2731 habeto:
838 2681 882 2729 si
897 2679 1154 2742 habuerit,
1173 2679 1337 2743 publi-

291 2759 510 2811 caestu?
561 2754 664 2809 'De
697 2771 888 2808 corona
920 2771 1088 2806 sermo
1109 2764 1212 2819 est,
1233 2770 1337 2806 non

291 2834 348 2883 de
366 2837 630 2900 quibusvis
654 2834 821 2884 aureis
852 2832 1186 2884 ornamentis.
1252 2833 1339 2882 In·

293 2916 362 2960 ter
380 2917 684 2963 ornamenta
703 2911 837 2959 euim
860 2910 1049 2975 capitis
1071 2911 1126 2959 in
1147 2909 1338 2959 mundo

292 2988 515 3038 muliebri
572 2988 765 3037 Pollux
808 2985 928 3052 (lib.
965 2999 1023 3036 V.
1072 2999 1193 3049 cap.
1233 2983 1339 3050 16.)

292 3063 431 3113 etiam
450 3070 690 3115 recenset
710 3061 799 3121 τὴν
816 3059 1081 3125 arcodi-mr:
1101 3062 1338 3111 tandemd

292 3153 383 3204 que
413 3142 560 3194 addit
603 3140 761 3191 fuisse
799 3155 863 3191 ea
881 3140 1049 3190 omnia
1069 3141 1228 3202 χρυσᾶ
1247 3138 1325 3188 καὶ

291 3219 522 3285 ἐπίχρυσα.
567 3236 686 3287 quae
730 3235 813 3270 res
856 3223 1126 3286 expectari
1157 3221 1338 3271 debuit

295 3297 354 3347 ab
367 3300 587 3350 Octavio
602 3300 863 3356 Ferraria,
884 3312 1001 3348 cum
1017 3298 1083 3347 de
1103 3299 1179 3347 Re
1201 3299 1337 3348 Ves-

291 3374 429 3428 tiaria
460 3378 553 3427 lib.
589 3390 679 3427 111.
715 3390 833 3438 cap.
855 3379 939 3427 28.
961 3375 1114 3424 etiam
1135 3374 1201 3424 de
1226 3389 1336 3424 ves-

294 3451 383 3502 titu
401 3452 695 3504 meretricio
718 3452 847 3517 agit.
869 3451 961 3503 sed
987 3452 1148 3501 altum
1171 3451 1245 3501 ibi
1268 3451 1336 3500 de

290 3527 361 3589 bis
399 3530 674 3580 silentium.
711 3528 900 3594 quaerit
952 3527 1213 3592 equidem,
1269 3542 1335 3577 an

292 3607 634 3668 meretricibus
655 3619 833 3654 aurum
867 3610 924 3654 et
959 3619 1189 3668 gemmas
1224 3619 1335 3668 ges-

292 3687 397 3730 tare
424 3683 650 3733 licuerit.
682 3681 777 3731 sed
807 3695 920 3751 non
946 3680 1336 3744 distinguuntur

294 3766 481 3823 postea,
502 3774 620 3825 quae
644 3758 822 3810 Graeci
840 3773 956 3823 quae
982 3758 1204 3808 Romani
1226 3773 1335 3808 mo·

295 3833 357 3882 ris
376 3833 597 3886 fuerunt.
620 3835 665 3884 si
686 3834 824 3884 euim
856 3834 925 3884 de
958 3835 1199 3884 Romanis
1223 3842 1334 3884 tan·

295 3914 393 3959 tum
426 3925 582 3976 agere
627 3911 810 3974 voluit,
861 3911 976 3975 quis
1017 3912 1169 3975 jocus
1231 3913 1337 3962 erit

295 3984 457 4036 Plauti
494 3986 873 4050 meretricibus,
898 4002 1033 4052 quae,
1056 4002 1123 4038 ex
1144 3986 1334 4038 fabulis

297 4063 527 4126 palliatis,
567 4064 773 4113 Graecae
823 4065 981 4113 sunt?
1021 4065 1101 4113 sin
1145 4065 1335 4116 Graeca

299 4152 486 4202 quoque
523 4138 802 4203 complecti
850 4139 1038 4202 visum,
1098 4148 1198 4205 est,
1245 4142 1335 4205 qui

299 4216 454 4275 potuit
474 4217 644 4266 omitti
669 4216 762 4265 illa
791 4216 877 4265 lex
913 4215 1124 4267 Attica?
1168 4218 1335 4268 Locus

300 4288 493 4356 Apuleii
502 4290 725 4344 Milesiae
740 4293 983 4342 secundae
995 4293 1336 4360 principio‚sd

2298 371 2468 436 1241

1409 528 1682 591 Romanos,
1704 528 1771 579 de
1790 528 1971 594 quibus
1995 527 2319 593 potissimum
2345 530 2470 580 Fer-

1411 606 1575 655 rarius
1612 607 1738 669 agit,
1774 621 1876 656 non
1897 608 2152 670 pertinen
2190 621 2359 671 neque
2379 601 2495 655 aus-⁴

1411 696 1523 732 rum
1540 685 1745 733 omuino
1765 684 2010 733 matronis
2024 684 2289 748 proprium
2313 683 2466 743 facit,

1411 760 1502 808 sed
1527 767 1726 809 certum
1749 762 1857 809 auri
1877 768 2160 825 gestamen.
2194 762 2209 789 ‘
2235 758 2469 819 Aurum,'

1409 837 1597 902 inquit,
1637 840 1654 868 ‘
1675 838 1725 888 in
1747 839 1892 903 genis
1915 845 1971 888 et
1992 839 2045 888 in
2069 837 2275 900 tunicis,
2292 836 2365 885 ibi
2387 836 2465 885 iu·

1410 913 1622 978 flexum,
1643 917 1725 966 bic
1747 917 2020 976 intextum,
2039 923 2326 966 matronam
2351 929 2468 980 pro-

1411 989 1556 1042 fecto
1576 992 1953 1043 confitebatur?
1988 993 2245 1064 Boeclerjus.

1475 1068 1665 1118 Aurum
1684 1071 1796 1133 sibi,
1811 1070 1919 1134 ζα]
1958 1061 2129 1121 Aurea
2146 1073 2468 1129 ornamenta,

1413 1144 1596 1208 quibus
1629 1147 1681 1195 iu
1703 1148 1941 1196 convivio
1964 1156 2020 1197 et
2043 1147 2179 1197 domi
2207 1146 2470 1208 utebatur,

1410 1233 1513 1270 non
1550 1228 1723 1271 tamen
1755 1238 1875 1273 ausa
1896 1225 1948 1272 in
1973 1225 2232 1288 publicum
2258 1224 2469 1287 prodire

1410 1310 1537 1346 auro
1579 1305 1779 1348 ornata.
1832 1300 1949 1361 lege
2004 1301 2198 1364 quippe
2245 1295 2467 1349 Athenis¹

1409 1380 1644 1423 cautum:
1682 1374 1875 1439 Ἕταίρα
1902 1377 2075 1440 χρυσία
2106 1376 2148 1426 εἴ
2176 1377 2360 1440 φορυίη,
2386 1378 2466 1433 δη·

1407 1449 1551 1511 μοσία
1567 1449 1709 1504 ἕπον.
1744 1454 2031 1503 Farnobiu-

1474 1531 1539 1579 14
1572 1529 1683 1578 Hoc
1715 1535 1787 1579 est
1816 1529 1964 1593 sig-ni,
1994 1530 2075 1578 ubi
2109 1531 2315 1593 primum
2339 1536 2469 1593 pote·

1406 1605 1501 1669 rit]
1533 1606 1617 1656 Ad
1660 1622 1813 1672 quam
1853 1621 1962 1656 rem
1997 1607 2129 1669 sigui
2157 1604 2183 1657 2
2248 1608 2470 1668 Utrum;

1407 1684 1423 1711 ‘
1442 1683 1561 1732 Hoc
1591 1690 1671 1732 est
1692 1683 1846 1747 sigui,
1882 1684 2217 1749 quamobrem
2240 1690 2471 1733 metuam

1410 1776 1477 1811 ne
1516 1776 1669 1826 quam
1706 1762 1793 1811 ille
1824 1762 1976 1812 bodie
2017 1765 2228 1812 insanus
2264 1762 2470 1812 turbam

1410 1837 1597 1901 faciat,
1610 1844 1701 1887 aut
1716 1839 1817 1888 vim
1832 1840 2018 1889 Thaidi
2030 1839 2066 1889 ?’
2100 1838 2205 1902 Au,
2219 1839 2235 1867 ‘
2249 1840 2368 1889 Hoc
2386 1847 2469 1888 est

1412 1916 1565 1979 signi,
1602 1914 1740 1966 uude
1776 1917 1885 1965 scio
1918 1916 2074 1981 quod,
2111 1917 2198 1965 ubi
2246 1917 2469 1980 primum

1413 1993 1631 2057 poterit,
1673 2007 1731 2041 se
1783 1992 1928 2042 illinc
1969 1992 2227 2043 subducet
2248 1992 2284 2041 Ρ
2353 1993 2470 2041 Erit

1412 2069 1571 2132 igitur
1622 2069 2030 2119 subaudiendum
2083 2071 2181 2130 sic,
2234 2071 2359 2118 unde
2410 2078 2469 2117 et

1409 2150 1559 2211 qsode
1580 2154 1641 2198 ut
1661 2149 1747 2213 sit,
1767 2149 1918 2198 Unde
1943 2148 2071 2209 scio,
2092 2147 2227 2212 quod
2253 2147 2343 2197 ubi
2364 2148 2468 2210 pri-

1410 2231 1547 2273 mum
1567 2225 1779 2288 poterit.
1810 2226 2048 2275 Donum.
2082 2219 2085 2222 ’
2204 2229 2213 2238 “
2504 2283 2509 2288 ,

1471 2301 1659 2350 δοΕΝΑ
1682 2315 1745 2351 ιι.
1790 2302 1992 2351 Senarii
2009 2307 2150 2354 suut.
2170 2317 2244 2351 vs.
2270 2305 2318 2351 1.
2336 2301 2468 2351 Mss.

1409 2375 1515 2425 duo
1537 2377 1732 2426 habent
1751 2391 1838 2439 ego
1859 2392 1955 2441 pro
1975 2381 2173 2440 egomet.
2193 2391 2270 2427 vs.
2287 2381 2337 2428 4.
2361 2392 2468 2427 om-

1408 2467 1536 2504 nes:
1566 2456 1679 2503 dum
1700 2455 1799 2504 ἠως
1841 2459 2021 2519 reputo.
2076 2469 2151 2506 vs.
2189 2458 2270 2506 11.
2302 2468 2467 2505 unus:

1408 2547 1494 2581 aec
1515 2533 1709 2582 videndi
1740 2533 1924 2596 quidem
1960 2532 2072 2584 erit.
2103 2533 2256 2583 etita
2283 2533 2470 2597 legisse

1410 2609 1619 2658 videtur
1635 2609 1978 2673 Eugrapbius.
2009 2624 2107 2658 vss.
2130 2613 2211 2659 12.
2234 2612 2315 2657 13.
2335 2608 2467 2659 duo:

1408 2690 1535 2736 certe
1575 2690 1787 2736 extrema
1820 2687 1944 2735 linea
1980 2686 2156 2735 amoris
2189 2687 2314 2735 haud
2348 2685 2473 2735 nihil

1409 2767 1521 2811 est..
1541 2776 1615 2811 vs.
1653 2766 1736 2812 14.
1774 2776 1982 2812 omnes:
2021 2764 2105 2812 sed
2139 2765 2254 2827 quid
2281 2764 2368 2812 hoc
2398 2769 2471 2812 est

1409 2840 1532 2901 quod
1553 2838 1658 2889 tias.
1690 2839 1979 2889 Boeclerus.
2464 2856 2469 2859 ¹

1475 2915 1609 2964 Dum
1628 2929 1714 2963 rus
1733 2929 1804 2972 eo,
1832 2915 1950 2978 coepi
1970 2914 2178 2978 egomet]
2228 2915 2331 2964 Hic
2351 2924 2472 2964 nanc

1409 3005 1551 3040 eausa
1582 2996 1828 3054 uastatur,
1848 3005 1935 3039 cus·
1952 2990 2117 3040 actim
2144 2991 2196 3039 in
2216 2990 2374 3039 urbem
2396 3006 2471 3040 re·

1409 3068 1521 3114 deut
1544 3065 1788 3125 Pha-dria,
1809 3065 1891 3129 qui
1921 3066 2203 3114 discesserat
2220 3065 2473 3125 obstaturus

1411 3142 1619 3205 biam,
1640 3142 2193 3204 adtollendumjurginm
2208 3142 2398 3201 militis,
2421 3149 2472 3192 et

1410 3221 1676 3284 importune
1693 3220 1838 3269 redit.
1874 3220 2133 3269 Donatus.

1478 3301 1505 3345 1
1541 3296 1676 3346 Dum
1694 3310 1778 3344 rus
1797 3294 1871 3358 eo]
1920 3294 2042 3345 Jam
2061 3303 2264 3358 tempus
2288 3301 2370 3345 est
2390 3309 2470 3345 re-

1412 3373 1630 3423 vocandi
1655 3374 1707 3422 iu
1738 3386 1942 3422 scenam
1977 3370 2293 3436 Phaedriam,
2328 3370 2475 3435 post-'

1410 3464 1566 3515 quam
1614 3457 1731 3499 acta
1780 3457 1901 3498 sunt
1946 3447 2138 3511 omnia,
2171 3463 2288 3513 quae
2332 3447 2470 3498 illius

1412 3526 1696 3577 absentiam
1723 3524 2106 3575 desiderabant.
2140 3526 2293 3575 Idem.

1477 3605 1608 3653 Dum
1648 3619 1733 3653 rus
1774 3604 1850 3668 eo]
1905 3602 2133 3654 Reducit
2174 3603 2470 3653 Pbaedriam

1410 3679 1637 3744 morbus,
1676 3694 1829 3744 quem
1862 3686 1983 3729 ante
2027 3678 2199 3729 Poeta
2227 3680 2475 3744 signavit,

1410 3756 1572 3806 nihilo
1610 3757 1887 3818 saniorem,
1923 3754 2023 3805 nisi
2059 3764 2315 3822 quatenus
2352 3770 2473 3820 per-

1412 3830 1645 3883 turbatio
1666 3830 1857 3881 theatri
1889 3830 1952 3879 ad
1976 3830 2103 3879 alias
2127 3831 2471 3896 cogitationes

1410 3909 1776 3959 adventantem
1798 3907 2076 3957 convertit.
2123 3908 2369 3957 Narratio
2390 3914 2473 3957 est

1410 3986 1465 4034 in
1484 3986 1579 4036 bac
1597 3998 1756 4035 scena
1772 3991 1828 4033 et
1843 3983 2150 4033 deliberatio
2175 3997 2299 4032 vere
2318 3987 2469 4042 raen-

1408 4063 1539 4125 τικὴ,
1575 4062 1828 4123 oratione,
1868 4066 2035 4123 gestu,
2073 4058 2468 4109 ratiocinatione

1411 4139 1728 4202 conspicua;
1760 4143 1818 4186 et
1855 4150 1972 4200 quae
2013 4149 2196 4197 magna
2233 4149 2348 4197 pars
2378 4135 2469 4184 dc-

1410 4215 1520 4266 cori
1544 4222 1644 4275 est,
1676 4210 1962 4275 argumenti
1999 4224 2125 4274 ergo
2161 4210 2467 4275 interrupta.

1409 4292 1552 4342 vide
1573 4305 1731 4354 nunc,
1747 4304 1813 4340 an
1834 4288 2113 4354 impleatur
2130 4289 2292 4354 lucta,
2314 4305 2468 4356 quam
