3035 4941
760 416 1126 467 TERENTII
1173 414 1464 464 PHORM.
1512 415 1679 464 Acv.
1726 415 1807 464 11.
1844 414 1950 465 SC.
1999 415 2113 463 111.

331 558 623 610 celeritatis
644 568 748 610 est
797 561 1018 626 signum.
1086 561 1236 611 Hune
1279 574 1396 609 cum

337 642 638 699 contemptu
700 637 851 687 dixit.
914 637 1146 700 Agitabo,
1185 644 1392 701 pertur-

332 711 486 762 babo.
550 713 796 763 Donatus.

401 790 505 837 Pro
551 792 688 839 deum
724 791 1086 855 immortalium]
1134 789 1396 854 Ἔλλειψιε,

336 865 484 916 deest
491 866 662 931 fidem,
697 875 786 917 aut
800 868 927 930 ‚quid
946 868 1068 916 tale.
1135 868 1317 916 Cicero
1339 870 1392 916 in

337 944 693 1003 OEconomico,
726 945 742 972 ‘
761 944 898 995 Quid
915 943 1094 1007 igitur,
1120 958 1217 1006 pro
1241 943 1392 992 deum

331 1020 731 1071 immortalium!
769 1022 992 1085 primum
1025 1035 1141 1071 eam
1165 1019 1392 1069 docebas

336 1095 556 1160 quaeso?
590 1097 743 1148 Idem.

402 1174 505 1222 Pro
528 1176 665 1223 deum
679 1175 1037 1239 immortalium]
1093 1173 1392 1225 Artificiose

338 1250 480 1314 prior
500 1251 778 1307 exclamat,
811 1257 871 1300 ut
894 1250 1170 1314 Demipho,
1191 1251 1279 1314 qui
1319 1250 1394 1300 in-

326 1328 519 1391 juriam
545 1342 728 1390 passus
751 1332 851 1389 est,
879 1330 1017 1377 ultro
1039 1328 1289 1391 impetum
1307 1342 1393 1377 ac·

333 1402 613 1452 cessationis
634 1403 890 1454 incurrat.
924 1404 1078 1453 Idem.

398 1479 499 1528 Pro
520 1480 657 1529 deum
671 1479 1034 1543 immortalium]
1069 1478 1198 1528 Cum
1219 1478 1396 1542 priora

337 1554 591 1604 submissa
611 1570 739 1605 voce
759 1555 999 1618 dixisset,
1022 1562 1080 1604 ut
1095 1556 1233 1604 solus
1257 1555 1398 1605 Geta

338 1632 571 1695 audiret3
603 1647 742 1683 nunc
775 1635 1071 1683 exclamare
1102 1633 1309 1697 incipit,
1338 1639 1398 1684 ut

337 1709 601 1773 Demipho
622 1710 818 1773 audiat,
850 1716 906 1760 et
929 1718 1211 1760 terreatur.
1265 1710 1398 1760 Sub·

338 1784 551 1834 auditur
619 1791 812 1849 autem,
857 1786 1031 1850 fldem.
1119 1786 1261 1837 Mer.
1297 1788 1397 1836 Ca-

250 1881 251 1884 *
339 1861 618 1911 saubonus.

401 1943 431 1986 6
467 1939 633 2000 Negat
658 1938 894 1989 Phanium
912 1954 1012 1989 esse
1032 1940 1155 1990 hane
1171 1940 1266 1990 sibi
1285 1955 1396 2003 cog·

336 2014 524 2077 natam]
562 2014 811 2065 Additum
830 2031 1112 2079 pronomen
1127 2023 1235 2080 est3
1278 2032 1399 2082 qua·

336 2090 381 2158 si
402 2097 579 2139 notam
597 2092 830 2142 omnibus
849 2092 1067 2144 diceret.
1101 2095 1342 2144 Donatus.

401 2166 647 2217 Phanium
683 2183 783 2220 esee
825 2169 946 2219 hanc
985 2170 1077 2219 sibi
1121 2172 1398 2236 cognatam]

338 2240 549 2307 Magno
572 2245 781 2308 iugenio
812 2246 1090 2296 Terentius
1128 2246 1400 2311 impuden-

337 2321 463 2369 tiam
487 2322 875 2372 calumniatoris
897 2324 1178 2387 expressit.
1203 2338 1320 2373 nam
1344 2331 1401 2374 et

337 2398 701 2462 priorincipit,
715 2405 771 2448 et
785 2400 927 2463 prior
944 2407 1168 2450 accusat.
1193 2400 1263 2450 Et
1277 2400 1401 2466 quia

337 2489 440 2524 non
464 2482 640 2538 potest
656 2476 855 2539 dicere,
888 2478 1121 2541 Expellit
1142 2477 1399 2527 Phanium

332 2550 627 2615 Demipho?
681 2562 828 2616 negat
869 2559 1141 2616 cognatam,
1208 2554 1397 2618 inquit.

340 2626 492 2677 Idem.

405 2705 672 2767 &gnatam
714 2706 979 2770 Demipho]
1031 2706 1168 2758 Haec
1195 2713 1278 2759 est
1309 2706 1400 2758 fla·

337 2781 544 2844 gitatio,
567 2796 683 2846 quae
709 2783 864 2831 etiam
883 2796 1067 2832 nomen
1087 2785 1400 2834 tumultuose

337 2859 677 2923 persequitur
718 2867 877 2924 atque
929 2861 1181 2924 exagitat.
1268 2861 1429 2920 Ideo,

334 2935 556 2985 callidus
614 2937 938 3000 sycophanta
1013 2936 1401 3000 patrisfamilias

334 3013 606 3076 proprium
627 3027 814 3062 nomen
837 3027 937 3063 non
957 3014 1124 3062 solum
1147 3014 1401 3065 invidiose

335 3086 515 3146 infert,
538 3089 631 3139 sed
653 3090 1048 3155 etiam-repetit.
1083 3090 1235 3141 Idem.

335 3224 341 3229 .
401 3170 435 3214 6
466 3165 613 3215 Hane
651 3168 891 3231 Demipho
944 3172 1091 3230 negat
1130 3182 1230 3217 esse
1287 3183 1401 3229 eog-

336 3242 525 3306 natam]
557 3242 714 3301 Ovid.
767 3250 781 3271 ‘
804 3245 879 3293 Et
912 3259 996 3293 me
1031 3243 1154 3293 mihi
1199 3244 1400 3308 perfide

338 3317 538 3383 prodis,
554 3319 646 3368 Me
663 3318 788 3368 mihi
806 3320 1119 3386 prodis,ait.’
1134 3322 1400 3386 Repetitio

338 3394 598 3446 testandae
635 3396 1004 3462 indignationis
1047 3399 1193 3463 quasi
1221 3389 1402 3464 Justis-

338 3471 503 3521 simae.
537 3473 669 3524 Mer.
695 3475 1011 3526 Camubonus.

408 3550 596 3614 Negat]
634 3551 751 3601 Una
780 3567 945 3616 opera
964 3552 1107 3603 Geta
1129 3552 1182 3602 in
1203 3551 1401 3616 duplici

340 3635 576 3675 versatur
612 3626 749 3678 dolo.
783 3643 900 3678 nam
935 3635 991 3679 et
1011 3629 1260 3679 audiente
1289 3630 1400 3691 jam

341 3718 488 3767 sene,
521 3718 577 3752 se
622 3705 732 3768 ejus
757 3705 1109 3769 defensorem,
1151 3714 1400 3772 tanquam

340 3779 588 3836 absentis,
621 3780 907 3844 assimulat,
938 3792 993 3831 et
1025 3784 1201 3833 irritat
1224 3783 1289 3832 ad
1313 3798 1400 3832 vo·

342 3854 710 3906 ciferationem
746 3857 1134 3923 Phormionem,
1172 3861 1259 3925 qui
1296 3860 1400 3910 cla-

341 3932 514 3983 mandi
540 3934 755 3984 ulterius
787 3949 994 3985 causam
1026 3950 1128 3985 non
1163 3937 1401 4001 haberet,

350 4011 396 4060 si
422 4017 626 4060 taceret
648 4011 803 4061 Geta.
837 4012 1076 4061 Donatus.

408 4090 438 4134 7
472 4083 762 4150 Sequimini]
812 4084 1074 4150 Apparet,
1116 4087 1401 4153 Demipho-

344 4176 485 4225 nem,
526 4169 586 4212 ut
633 4162 1074 4225 patremfamilias,
1107 4165 1403 4227 perturbari

346 4253 449 4287 non
473 4237 839 4290 mediocriter:
885 4239 1082 4304 quippe
1113 4241 1201 4305 qui
1235 4248 1290 4290 et
1315 4241 1404 4293 ad·

348 4323 558 4371 vocatos
601 4315 973 4385 conquisiverit
1011 4316 1260 4368 adversus
1314 4320 1403 4368 ho-

2361 402 2532 480 1651

1472 558 1661 609 minem
1700 558 1813 608 sine
1848 558 2117 610 advocatis
2162 565 2425 624 agentem,
2478 569 2533 613 et

1474 635 1719 698 progredi
1762 650 1867 684 non
1921 636 2136 699 audeat,
2187 636 2285 685 nisi
2325 636 2401 687 illi
2456 653 2536 687 se·

1471 721 1714 775 quantur.
1749 713 1901 763 Idem.

1537 788 1825 852 Sequimini]
1858 789 2121 854 Sequimini
2143 789 2290 851 dicit,
2304 790 2393 854 qui
2411 805 2532 854 pro·

1470 866 1743 929 perantius
1767 873 1822 915 et
1844 867 2190 917 concitatiore
2214 866 2380 929 gradu
2414 882 2534 930 per·

1470 941 1550 1005 git
1571 942 1751 992 iratus.
1784 944 1935 993 Idem.

1536 1022 1567 1067 8
1604 1018 1770 1083 Neque
1814 1019 1911 1080 eius
1950 1025 2137 1083 patrem
2177 1034 2229 1069 ss
2267 1020 2410 1078 scire,
2449 1020 2534 1083 qui

1457 1093 1644 1157 suerit]
1676 1093 2159 1161 Ambignitas,·quae
2176 1102 2350 1146 tamen
2377 1110 2533 1145 seusu

1470 1169 1798 1238 discernitur.
1846 1171 1995 1223 Idem

1536 1251 1569 1297 9
1603 1248 1709 1297 Nee
1747 1247 2045 1312 Stilphonem
2092 1248 2247 1312 ipsum
2289 1250 2411 1299 scire
2450 1250 2536 1313 qui

1459 1323 1643 1387 suerit]
1699 1324 1832 1374 Haec
1866 1327 2183 1376 asseveratio
2231 1328 2535 1378 mentientis

1472 1407 1572 1461 est,
1606 1401 1812 1451 imitata
1829 1403 2123 1452 veritatem.
2159 1403 2309 1454 Idem.

1540 1478 1650 1545 Nee,
1662 1477 1958 1541 Stilphonem
1978 1479 2131 1542 ipsum
2166 1479 2314 1542 seire]
2367 1480 2537 1532 Quam

1473 1556 1640 1604 multa
1669 1556 2075 1605 calumniatores
2101 1556 2360 1606 clamandi
2382 1570 2539 1606 causa

1473 1630 1678 1692 dieunt,
1713 1638 1770 1680 et
1802 1629 2156 1682 vociferandi:
2179 1639 2238 1682 ut
2267 1632 2384 1696 ipso
2404 1638 2540 1681 stre-

1477 1708 1593 1771 pitu
1618 1713 1870 1758 terreant.
1908 1709 2062 1759 Idem.

1542 1784 1646 1835 Nee
1669 1784 1966 1847 Stilphonem
1986 1784 2166 1848 ipsum]
2199 1783 2538 1834 Tantundem

1475 1860 1614 1925 qnod
1632 1875 1807 1926 supra,
1821 1864 1835 1890 ‘
1849 1875 2018 1926 neque
2033 1863 2146 1926 ejus
2166 1860 2406 1924 patrem.’
2426 1862 2537 1911 Sci·

1475 1952 1533 1987 re
1557 1936 1807 1988 debemus
1829 1938 1925 1987 hoc
1950 1953 2136 1988 nomen
2159 1953 2260 1988 non
2283 1937 2464 1988 fictum
2504 1953 2537 1987 a

1476 2015 1727 2078 parasito,
1759 2014 1849 2070 sed
1874 2014 2107 2064 auditum
2134 2029 2163 2063 a
2188 2015 2378 2078 puella,
2422 2029 2535 2079 quae

1476 2105 1606 2139 uxor
1626 2089 1784 2140 ducta
1809 2090 1896 2151 sit,
1916 2090 2040 2138 dici.
2076 2090 2228 2139 Idem.

1544 2165 1734 2228 Negat]
1747 2169 1993 2228 Σύλληψις
2006 2166 2188 2228 prima.
2202 2180 2319 2214 nam
2341 2168 2541 2216 extrin-

1477 2257 1629 2292 secus
1652 2243 1966 2291 audiendum
1983 2248 2079 2303 est,
2090 2247 2250 2304 pater.
2283 2241 2453 2292 Idem.

1544 2323 1607 2368 10
1665 2319 1793 2375 Quia
1828 2333 1971 2379 egens
2010 2318 2178 2366 relicta
2218 2323 2293 2366 est
2344 2317 2546 2382 misera]

1477 2396 1776 2445 Communis
1800 2396 1945 2446 locus
1963 2396 2014 2443 in
2032 2395 2267 2444 avaritiae
2283 2396 2542 2458 generali-

1476 2480 1590 2523 tate
1614 2473 1989 2538 approbatior3
2026 2470 2231 2522 facilius
2266 2474 2400 2522 enim
2441 2473 2540 2523 hoc

1475 2549 1544 2599 de
1578 2549 1834 2613 omnibus,
1893 2563 2062 2611 quiam
2100 2549 2165 2598 de
2204 2549 2536 2614 Demiphone

1476 2627 1755 2677 credatur:
1792 2633 1847 2676 et
1870 2626 1989 2676 ideo
2009 2627 2264 2689 ignoratur
2286 2627 2444 2689 dixit,
2479 2637 2535 2678 et

1473 2705 1769 2767 neglig-itur.-
1793 2719 1893 2754 non
1913 2704 2148 2768 Ignorat,
2163 2719 2283 2768 nec,
2304 2704 2541 2769 Negligit

1477 2781 1754 2845 Demipho.
1801 2781 1951 2829 Idem.

1547 2859 1676 2915 Quia
1718 2874 1860 2921 egens
1893 2857 2059 2907 relicta
2104 2863 2179 2909 est
2214 2856 2413 2919 misera]
2466 2858 2542 2907 11-

1475 2936 1665 2984 lustrat
1708 2935 1843 2984 hnnc
1874 2935 2043 2984 locum
2070 2933 2137 2983 de
2160 2933 2412 2997 despecta
2445 2935 2541 2983 mi-

1473 3026 1709 3062 serorum
1732 3011 1943 3062 fortuna
1978 3012 2218 3061 Muretus
2245 3011 2368 3060 Var.
2392 3026 2453 3061 11.
2490 3017 2543 3064 δί.

1477 3088 1612 3138 adde
1654 3089 1837 3138 Plaut.
1881 3088 2044 3140 Stich.
2085 3103 2168 3139 tv.
2195 3092 2245 3137 1.
2288 3093 2367 3138 16.
2423 3089 2541 3140 Βω-

1474 3168 1643 3216 clerus.

1543 3244 1836 3308 Ignoratur]
1883 3244 2003 3294 Non
2040 3244 2358 3308 agnoscitur,
2396 3246 2542 3308 igno-

1480 3321 1685 3385 rarique
1709 3320 1938 3383 fingitur.
1972 3320 2072 3371 hoc
2103 3322 2239 3373 euim
2278 3322 2542 3386 significat

1480 3396 1651 3445 modo.
1685 3398 1927 3446 Donatus.

1546 3470 1760 3534 Par-ens]
1789 3472 1989 3522 Pater:
2032 3488 2149 3522 nam
2190 3480 2251 3524 ut
2293 3476 2540 3539 variaret,

1475 3556 1724 3614 parentem
1763 3549 1918 3613 dixit,
1957 3566 2109 3616 quem
2148 3566 2306 3615 supra
2329 3552 2539 3607 dixerat·

1478 3630 1683 3688 patrem.
1719 3625 1936 3675 Patrem
1960 3641 2088 3691 ergo
2125 3627 2256 3678 dicit
2293 3631 2481 3691 puellae
2507 3646 2538 3682 a

1481 3703 1813 3767 Demiphone
1836 3703 2081 3766 ignorari.
2124 3705 2278 3755 Idem.

1546 3785 1606 3831 ll
1645 3779 1932 3843 Negligitur
1973 3780 2104 3847 ipsa]
2135 3782 2272 3833 Quia
2301 3781 2413 3831 fieri
2450 3798 2540 3846 po·

1481 3864 1608 3920 test,
1629 3864 1688 3907 ut
1711 3859 1798 3922 qui
1822 3858 2029 3921 ignoret
2062 3864 2306 3921 parentes
2330 3861 2542 3923 puellae,

1478 3936 1531 3984 id
1548 3942 1650 3997 est,
1674 3935 1906 3999 ignorare
1925 3950 1979 3983 se
1998 3934 2159 3991 dicat,
2181 3942 2353 3984 tamen
2376 3937 2542 3999 ipsam

1476 4027 1582 4062 non
1598 4012 1831 4076 negligat
1846 4014 2086 4076 puellam.
2121 4020 2394 4077 utrumque
2419 4029 2542 4063 con·

1480 4097 1695 4155 questus
1719 4098 1822 4140 est.
1859 4090 2011 4142 Idem.

1544 4167 1771 4216 Avaritia
1791 4167 1899 4217 vide
1919 4168 2031 4231 quid
2040 4165 2190 4228 feeit]
2244 4165 2377 4215 Haec
2401 4181 2541 4225 ,con-

1481 4257 1661 4292 versus
1687 4244 1750 4291 ad
1775 4242 2024 4292 circulum
2062 4247 2118 4291 et
2158 4255 2398 4290 coronam
2437 4242 2536 4291 cir-

1481 4319 1851 4371 cumstantium
1898 4318 2049 4382 dicit,
2087 4325 2143 4368 et
2183 4320 2542 4388 conqueritur.
