3035 4941
531 427 703 493 1060

531 601 628 649 ego
659 584 934 635 lectionem
963 597 1026 633 eo
1049 582 1301 635 veriorem
1325 600 1438 636 esse
1456 584 1589 635 arbi·

531 671 661 726 tror,
697 662 836 727 quod
873 662 926 711 in
981 662 1078 712 bac
1121 663 1237 727 ipsa
1278 662 1472 712 Fabula
1514 663 1590 712 ita

529 741 682 804 plane
705 742 905 789 locutus
927 747 1006 788 est
1029 738 1330 800 Terentius,
1369 746 1469 788 act.
1503 752 1589 789 111.

529 831 605 867 sc.
627 820 679 868 2.
715 813 733 843 ‘
750 817 834 865 Ne
871 825 929 864 tu
961 815 1057 864 hoc
1080 815 1198 863 mihi
1225 815 1482 879 posterius
1508 816 1588 865 di-

529 912 638 962 cas,
672 897 811 947 Davi
847 894 1045 946 factum
1066 895 1294 945 -consilio
1330 909 1391 945 ac
1417 894 1589 945 dolis.'

528 974 649 1024 Scio
687 970 814 1038 quid
845 971 909 1021 ad
941 972 1055 1021 haec
1078 972 1278 1021 scribat
1309 974 1474 1021 Vetus
1498 971 1587 1021 In-

529 1058 732 1115 terpres
747 1064 864 1098 cum
886 1048 1051 1098 tribus
1074 1049 1179 1098 suis
1199 1048 1585 1112 negationibus3

525 1128 639 1191 sed,
682 1125 941 1191 profecto,
984 1127 1147 1176 Vetus
1186 1126 1275 1175 ille
1317 1126 1586 1189 Interpres

527 1219 632 1255 non
669 1211 750 1254 est
788 1205 1045 1264 Donatus,
1082 1218 1235 1267 quem
1263 1204 1383 1253 olim
1409 1204 1586 1252 Romae

527 1281 807 1331 docentem
868 1279 1037 1330 audiit
1097 1280 1166 1329 D.
1226 1280 1589 1391 Hieronymus.

529 1358 704 1408 Faber.

532 1448 539 1459 ⁴
594 1436 761 1498 Neque
781 1439 836 1484 tu
863 1435 949 1483 hac
976 1432 1147 1496 dicas]
1159 1433 1229 1484 Ο.
1248 1434 1285 1483 l.
1308 1448 1349 1484 s.
1367 1448 1512 1499 neque
1532 1439 1588 1484 tu

526 1511 612 1561 hoc
631 1514 777 1561 dieas.
831 1511 1140 1573 Vaticanus,
1167 1512 1252 1560 hoc
1281 1513 1424 1571 dices,
1446 1513 1586 1578 quod

524 1589 665 1641 idem
696 1597 813 1641 est:
848 1606 967 1641 nam
1003 1593 1201 1658 antiqui
1225 1593 1354 1642 dices
1388 1607 1484 1657 pro
1509 1593 1585 1642 di·

523 1680 605 1718 eas
641 1666 962 1719 efferebant:
998 1669 1135 1719 solus
1167 1670 1411 1719 Donatus
1441 1670 1588 1731 tegit,

525 1744 643 1793 haut
677 1744 824 1808 dicas,
866 1758 1019 1809 quem
1058 1751 1116 1842 et
1156 1746 1434 1811 sequimur.
1491 1747 1586 1796 Fa-

524 1820 679 1902 ernas.

593 1898 783 1962 Neque]
834 1899 934 1948 Νῦν
970 1897 1021 1948 δὲ
1050 1896 1184 1948 οὐδὲν
1208 1895 1409 1958 λέληθάς
1427 1917 1486 1961 με
1507 1897 1583 1951 ἄν.

528 1975 827 2027 Menander.-
843 1974 1148 2026 Farnabius·

534 2076 539 2079 -
590 2051 773 2101 Souna
797 2065 884 2101 111.
919 2051 1138 2102 Constat
1154 2051 1269 2102 haec
1286 2066 1444 2102 scena
1461 2068 1585 2102 iam-

528 2126 662 2178 bicis
684 2128 965 2178 octonariis
987 2133 1041 2178 et
1073 2129 1319 2178 senariis:
1351 2145 1424 2180 vs.
1447 2134 1496 2180 3.
1532 2131 1585 2180 iu

531 2203 753 2270 Argent.
771 2212 827 2256 et
851 2220 952 2255 uno
973 2220 1038 2256 ex
1061 2207 1188 2255 meis
1211 2207 1345 2258 Mss.
1367 2208 1441 2257 sic
1459 2208 1585 2273 legi-

525 2290 615 2332 tur
631 2300 649 2336 a
680 2299 785 2348 φασι
816 2283 859 2332 si
883 2299 977 2333 nan
1008 2288 1118 2332 astu
1149 2286 1474 2348 providentur,
1501 2291 1587 2335 aut
1612 2298 1616 2303 ’

525 2374 601 2408 me
622 2361 888 2409 antherum
904 2373 1092 2422 pessum
1110 2360 1305 2410 dabunt.
1339 2359 1507 2410 Iidem
1533 2362 1586 2410 in

523 2450 602 2486 vs.
621 2440 671 2486 7.
687 2435 931 2487 omittunt
953 2435 1010 2485 τὸ
1024 2437 1100 2486 in.-
1115 2450 1192 2487 vs.
1206 2441 1257 2487 9.
1280 2452 1457 2489 omnes
1475 2446 1585 2491 tres

522 2514 654 2565 Mss.
697 2514 928 2564 retinent
959 2513 1018 2562 τὸ
1049 2530 1141 2577 me,
1165 2523 1224 2564 ut
1247 2516 1489 2566 bacchius
1520 2518 1588 2570 sit

524 2595 709 2653 quarto
748 2590 901 2639 loco:
937 2590 990 2639 in
1032 2596 1113 2642 10.
1148 2606 1243 2656 pro
1265 2594 1461 2657 accedit,
1485 2593 1585 2645 duo

520 2664 720 2715 habent
752 2665 948 2716 accidit.
989 2681 1064 2718 vs.
1087 2672 1168 2718 20.
1205 2669 1282 2719 ita
1308 2670 1360 2719 in
1394 2671 1584 2721 nostris

522 2740 760 2790 omuibus
807 2741 1077 2805 scribitur,
1113 2750 1172 2793 ut
1218 2750 1275 2795 et
1320 2747 1583 2812 plerisque

520 2817 634 2867 aliis
677 2818 820 2867 libris
883 2820 1114 2884 scriptis,
1164 2827 1300 2871 teste
1344 2823 1584 2877 Faernoz

521 2902 583 2945 ut
620 2895 689 2945 sit
723 2903 1036 2948 tetrameter
1065 2899 1358 2949 trochaicus
1395 2901 1584 2965 hyper-

522 2973 887 3026 catalecticus.
958 2975 1249 3025 Emendant
1276 2984 1450 3027 autem
1474 2979 1581 3042 alii,

521 3055 577 3098 et
619 3048 673 3098 in
712 3052 1008 3101 trimetrum
1041 3067 1103 3102 ac
1142 3053 1418 3104 dimetrum
1454 3056 1584 3107 iam·

520 3125 666 3177 bicos
712 3127 972 3190 dividunt,
1031 3128 1146 3180 ita:
1202 3131 1336 3180 Mihi
1393 3133 1582 3197 quidem

517 3222 612 3255 non
649 3207 804 3257 hercle
838 3209 912 3274 fit
947 3210 1231 3260 verisimile.-
1265 3213 1421 3276 Atque
1464 3214 1583 3277 ipsis

519 3289 826 3333 commentum
838 3287 1009 3348 placet.
1076 3285 1247 3337 Aliter
1269 3288 1452 3339 eodem
1475 3306 1582 3341 me-

519 3363 600 3408 tro
640 3360 899 3424 Guyetus,
935 3378 1088 3427 quem
1119 3365 1241 3415 vide
1266 3381 1339 3417 vs.
1361 3372 1444 3417 21.
1478 3369 1581 3419 duo

518 3449 583 3482 ex
618 3437 749 3486 Mss.
774 3439 961 3487 nostris
994 3439 1195 3489 addunt
1229 3432 1495 3503 transfero.-
1529 3450 1583 3494 at

519 3526 605 3574 ego
626 3512 736 3563 hinc
770 3530 842 3563 me
862 3516 925 3564 ad
946 3514 1113 3575 forum
1142 3516 1376 3576 transfero
1393 3534 1410 3567 .-
1444 3521 1581 3583 glos·

517 3603 622 3637 sam
647 3590 851 3640 scilicet
874 3591 1147 3641 intextum
1170 3606 1184 3641 ε
1210 3606 1258 3641 ν.
1292 3592 1429 3645 Don.
1467 3596 1581 3645 Βω-

515 3665 682 3716 clerus.

521 3764 529 3770 ·
582 3745 608 3788 1
645 3742 917 3802 Enimvero,
939 3745 1104 3811 Dave]
1143 3748 1245 3797 Hic
1266 3748 1421 3799 brevis
1440 3756 1487 3799 et
1505 3766 1580 3801 co·

520 3817 644 3865 mica
657 3818 935 3870 deliberatio
948 3829 1038 3884 est,
1049 3839 1220 3887 magna
1232 3828 1582 3890 exspectatione

511 3895 730 3957 populum
762 3911 919 3946 rerum
949 3900 1295 3952 imminentiam
1328 3912 1581 3957 commotu·

512 3984 588 4026 ra,
612 3977 738 4020 melu
762 3978 809 4022 et
831 3989 944 4024 cara
972 3979 1222 4027 estuantis
1257 3982 1579 4034 Daviffeonsi·

512 4047 755 4097 deratione
771 4052 1032 4114 proposita.
1068 4054 1323 4108 Donatus.

516 4141 521 4146 ·
581 4124 852 4189 Enimvero,
892 4127 1054 4192 Dave]
1122 4131 1307 4182 Omnis
1353 4148 1577 4197 persona

515 4208 606 4249 aut
648 4202 715 4251 ab
752 4203 919 4254 altero
959 4208 1371 4272 commendatur,
1408 4218 1498 4260 aut
1521 4228 1575 4263 se

513 4276 676 4338 ipsam
716 4282 907 4344 populo
944 4284 1291 4347 commendat,
1319 4293 1408 4336 aut
1430 4296 1485 4337 et
1508 4290 1574 4339 ab

512 4352 682 4403 altero
705 4363 760 4406 et
783 4371 814 4405 a
832 4371 889 4408 se
909 4358 1047 4423 ipsaz
1071 4367 1129 4411 ut
1145 4360 1230 4413 hic
1241 4362 1464 4428 Davi,et
1480 4380 1576 4429 per

1244 441 1458 491 No'rAE
1508 440 1908 491 vammum
1957 441 2038 491 IN

1666 584 1926 636 Simonem
1950 598 2105 652 supra
2126 585 2389 652 descripta
2411 589 2511 650 est,
2536 586 2622 638 ubi
2641 586 2726 639 ‹li-

1660 664 1752 725 cit,
1785 665 1962 715 ‘Mala
1994 680 2159 726 meus,
2188 667 2350 715 malus
2373 664 2571 716 animus
2592 671 2636 716 τ’
2664 674 2724 717 et

1661 740 1745 790 hic
1767 752 1870 804 per
1883 755 1956 799 se,
1976 742 2096 791 dum
2121 743 2218 792 hoc
2237 750 2386 806 gestu
2401 758 2466 793 ac
2483 756 2724 794 sermone

1659 817 1770 880 agit
1793 832 1854 867 ac
1880 818 2117 883 disputat
2138 834 2330 869 secum.
2364 820 2515 872 Idem.

1725 895 1999 958 Enimvero,
2039 895 2201 959 Dave]
2247 896 2503 946 Enimvero
2527 894 2724 959 signiti-

1659 971 1917 1022 cationem
1957 972 2115 1023 habet
2154 974 2363 1023 nimium
2399 974 2618 1037 permoti
2642 980 2722 1022 at-

1661 1063 1762 1113 que
1807 1050 2003 1099 irritati
2049 1050 2225 1100 animi.
2257 1072 2260 1075 ·
2311 1050 2519 1113 Cicero,
2563 1050 2723 1099 ‘Hic

1661 1132 1770 1175 tum
1793 1126 1922 1177 alius
1956 1142 2024 1176 ex
2059 1128 2159 1177 alia
2199 1133 2362 1192 parte.
2441 1124 2722 1178 Enimvero

1660 1200 1930 1252 ferendum
1968 1204 2066 1254 hoc
2098 1218 2199 1253 non
2230 1210 2337 1255 est:
2375 1212 2591 1254 vocetur
2614 1219 2722 1253 mu-

1662 1277 1792 1328 lier?
1827 1280 1979 1328 Idem.

1725 1356 2000 1418 Enimvero,
2038 1356 2195 1418 Dave,
2223 1355 2345 1406 nvait
2362 1355 2453 1405 loci
2470 1360 2543 1406 est
2561 1358 2721 1419 segni-

1659 1433 1744 1483 11ae
1764 1449 1911 1497 neque
1930 1433 2176 1497 socordiae]
2227 1435 2305 1482 Ex
2330 1433 2505 1483 Plauti
2541 1435 2724 1485 sumsit

1662 1508 1905 1560 Asinaria
1947 1525 2013 1560 11.
2058 1515 2107 1560 1.
2146 1516 2194 1560 6.
2228 1510 2496 1563 ‘Quinta
2535 1510 2628 1561 abs
2666 1518 2722 1560 te

1660 1587 1947 1638 socordiam
1969 1602 2172 1638 omnem
2206 1588 2342 1639 reice
2369 1596 2424 1638 et
2447 1588 2721 1652 segnitiem

1659 1680 1857 1729 amove,
1884 1666 2060 1731 Atque
2083 1667 2149 1716 ad
2167 1666 2426 1729 ingenium
2441 1675 2592 1715 vetus
2607 1680 2721 1715 ver-

1658 1749 1831 1791 sutum
1877 1749 1929 1792 te
1976 1743 2166 1807 recipis
2211 1752 2386 1795 tuum=
2431 1745 2593 1794 Serva
2631 1744 2720 1794 be·

1658 1818 1806 1867 rum!
1895 1818 2029 1869 Haec
2081 1835 2240 1870 scena
2286 1819 2723 1870 deliberationem

1657 1893 1833 1957 habet,
1877 1897 2032 1945 totius
2066 1911 2314 1946 summam
2350 1897 2545 1959 negotii
2581 1912 2723 1946 com·

1659 1972 1863 2037 plexam
1886 1989 1900 2023 ι
1936 1972 2002 2023 de
2018 1974 2234 2024 consilio
2254 1974 2493 2036 Simonis,
2507 1982 2562 2023 et
2581 1989 2720 2026 amo-

1658 2050 1802 2100 ribus
1849 2051 2141 2116 Pamphili:
2179 2051 2302 2117 quiu
2338 2052 2494 2101 etiam
2536 2066 2611 2101 vs.
2635 2057 2720 2102 16.

1659 2130 1758 2180 ἄιε.
1794 2144 1860 2178 ea
1890 2144 2011 2193 pars
2052 2129 2360 2194 argumenti,
2398 2130 2519 2193 quia
2552 2129 2721 2178 absol·

1660 2205 1831 2254 venda
1853 2211 1970 2256 erat
2003 2204 2199 2267 fabula,
2225 2203 2478 2255 affertur:
2517 2206 2630 2269 sed,
2654 2221 2721 2256 ne

1661 2282 1784 2346 quid
1824 2283 1876 2331 in
1917 2283 2114 2346 protasi
2150 2283 2370 2332 alienum
2405 2283 2577 2345 fieret,
2623 2298 2720 2347 pro

1661 2367 1954 2409 commento
1978 2361 2262 2424 spernitur.
2329 2359 2565 2409 Protasis
2582 2361 2721 2413 enim

1660 2435 1735 2486 ita
1778 2444 2131 2502 argumentum
2174 2435 2360 2487 fabulae
2405 2445 2616 2501 tractat,
2662 2445 2722 2489 ut

1660 2523 1991 2565 reserventur
2014 2516 2064 2565 in
2096 2515 2459 2579 catastrophen
2489 2531 2567 2565 eae
2605 2531 2724 2579 par·

1661 2596 1760 2655 tes,
1781 2591 1971 2654 quibus
1994 2604 2213 2652 errores,
2237 2592 2289 2641 in
2305 2591 2535 2656 Epitasin
2558 2593 2721 2656 conji-

1660 2666 1853 2731 ciendi,
1871 2668 2066 2718 absolvi
2089 2673 2322 2732 possunt.
2379 2667 2522 2717 Nihil
2543 2678 2719 2719 autem

1659 2743 1819 2806 aliud,
1863 2759 2016 2809 quam
2075 2745 2267 2808 negotii
2310 2745 2719 2809 magnitudinem

1660 2819 1841 2870 Davus
1858 2822 1940 2872 hic
1960 2822 2303 2885 demonstrat,
2322 2836 2421 2871 nec
2441 2822 2580 2885 dum,
2593 2824 2718 2887 quid

1656 2898 1860 2947 consilii
1885 2899 2010 2948 velit
2031 2911 2239 2961 capere,
2256 2898 2473 2961 expedit
2492 2916 2522 2948 :²
2542 2901 2631 2948 sed
2652 2900 2717 2949 ad

1656 2975 1985 3039 Pamphilum
2025 2974 2263 3040 festinat,
2300 2976 2445 3040 cujus
2477 2989 2562 3026 res
2595 2992 2718 3041 age-

1656 3051 1827 3103 batur.
1868 3054 2119 3103 Boeclerus.

1720 3129 1981 3193 Segnitioe]
2014 3128 2100 3179 Ad
2132 3128 2407 3193 agendum.
2431 3095 2686 3181 Donatus.

1689 3204 1988 3269 -SoeordiaeJ
2042 3205 2128 3255 Ad
2152 3205 2599 3257 considerandum.
2636 3208 2716 3258 [a.

1665 3323 1668 3326 .
1721 3284 1976 3346 Segnitioe,
1998 3298 2145 3347 neque
2163 3284 2408 3347 socordiae]
2457 3285 2723 3348 Segnit-iae,

1654 3359 1915 3425 inquiunt,
1953 3359 2016 3408 ad
2056 3360 2341 3423 agendum·
2374 3360 2625 3411 socordiae
2647 3360 2718 3410 ad

1655 3435 2103 3487 considerandum.
2141 3435 2424 3486 Famabins.
2669 3469 2677 3480 .

1720 3517 1752 3562 2
1788 3514 2030 3569 Quantam
2060 3511 2219 3576 modo]
2257 3513 2522 3595 Quantam,
2542 3528 2639 3579 pro
2661 3514 2716 3565 in

1654 3596 1920 3653 quantum.
1954 3590 2188 3641 Donatus.

1664 3697 1672 3702 -
1719 3670 1749 3715 3
1788 3666 1908 3722 Quoe
1937 3667 1982 3716 si
2020 3682 2113 3717 nan
2153 3667 2286 3731 astu]
2327 3666 2637 3719 Exhortatio
2686 3686 2752 3730 a,

1653 3743 1907 3807 periculo.
1941 3745 2091 3794 Idem.

1718 3821 2062 3886 Providentar]
2098 3823 2337 3873 Provisio
2381 3836 2550 3872 rerum
2586 3822 2718 3892 duas

1653 3896 2052 3960 significationes
2081 3898 2257 3951 habet.
2323 3900 2639 3949 Providemus
2662 3914 2718 3949 e-

1652 3975 1759 4023 nim
1783 3974 1940 4024 *nobis
1965 3984 2070 4026 tam
2093 3976 2303 4040 bonum,
2338 3992 2488 4043 quam
2506 3979 2720 4031 malum.

1651 4051 2035 4114 Malum‚·sicut
2056 4053 2099 4101 si
2120 4054 2237 4119 quis
2261 4054 2714 4119 eminnsvveniens,

1652 4128 1814 4176 telum
1853 4128 2139 4191 providerit
2180 4138 2341 4195 atque
2384 4132 2460 4180 sic
2496 4132 2717 4184 caverit.

1651 4205 1794 4268 Ergo
1834 4205 1918 4254 hic
1959 4207 2297 4270 Providentur,
2330 4216 2614 4271 caventur,
2638 4211 2713 4258 vi-

1653 4285 1847 4329 tantur.
1915 4281 1987 4331 Et
2009 4284 2217 4347 nuptias
2243 4285 2384 4335 velut
2410 4284 2600 4335 undam
2623 4297 2731 4336 na:

1652 4356 1789 4422 vigio
1812 4358 2165 4410 imminentem
2189 4359 2350 4413 secit:
2377 4361 2513 4427 quod
2533 4363 2574 4412 si
2598 4364 2716 4428 quis

2795 1844 2830 1861 ‚l
