3035 4941
446 374 617 443 1030

516 533 697 598 Populo
717 534 772 580 ut
792 522 1052 592 phutei-ent]
1082 524 1157 574 Ut
1193 537 1321 588 quas
1354 521 1507 571 fecis-

448 618 529 661 set
546 609 764 667 fabulas,
780 619 858 654 eae
874 601 1067 672 populo
1078 600 1366 664 placerent.
1384 597 1506 648 Far-

447 687 629 736 nabitu.

516 759 743 824 Fabatus]
771 757 853 809 Ad
877 756 1082 818 fecisset
1105 751 1510 814 retulitfabulns,

448 854 549 890 non
573 840 638 889 ad
660 839 914 903 placerent.
981 834 1054 911 Et
1093 836 1174 882 est
1206 829 1371 894 figura
1409 829 1509 894 syl·

448 919 626 982 lepsis.
660 917 897 965 Donatus.

515 991 748 1054 Fecisset]
790 991 933 1039 Bene
959 987 1176 1049 fecisset,
1211 998 1312 1033 non
1355 982 1505 1045 scrip-

446 1072 602 1121 sisset.
673 1068 825 1118 Unde
848 1075 902 1115 et
923 1063 1105 1114 Poetae
1123 1061 1217 1112 ἀπὸ
1237 1062 1323 1109 τοῦ
1336 1062 1504 1117 ποιεῖν,

447 1151 500 1199 id
545 1155 650 1210 est,
694 1163 724 1197 a
761 1143 1000 1194 faciendo
1043 1142 1172 1192 dicti
1211 1146 1349 1189 sunt.
1415 1140 1505 1188 Sic

447 1209 730 1289 Virgilius:
766 1223 782 1251 ‘
801 1220 973 1272 Pollio
997 1225 1053 1269 et
1086 1219 1200 1282 ipse
1223 1216 1354 1267 facit
1371 1230 1506 1265 nova

449 1299 716 1352 carmina.'
751 1299 904 1349 Idem.

450 1410 459 1416 ,
509 1383 543 1428 4
585 1379 758 1429 Verum
779 1376 922 1425 aliter
952 1375 1097 1424 multo
1129 1372 1382 1435 intelligit]
1416 1372 1505 1422 Sic

447 1455 724 1519 Virgilius:
763 1455 780 1483 ⁶
801 1452 970 1516 Major
1003 1464 1173 1500 reruni
1198 1450 1316 1499 mibi
1341 1450 1506 1498 nasci·

447 1538 534 1582 tur
554 1529 720 1582 ordo!
783 1531 881 1579 Et:
905 1530 920 1557 ‘
937 1527 1112 1591 Majus
1135 1541 1266 1591 opus
1289 1525 1507 1575 moveo?

447 1609 570 1660 Non
594 1608 727 1657 enim
760 1609 857 1655 hoc
893 1621 950 1654 se
984 1604 1204 1669 elegisse
1228 1603 1378 1666 dicit,
1413 1602 1508 1651 sed

447 1687 594 1750 quasi
612 1699 678 1735 ex
700 1683 878 1734 ordine
911 1682 1023 1746 ipso
1054 1689 1229 1732 natum
1255 1681 1356 1731 sibi
1378 1694 1508 1730 esse.

448 1763 600 1812 Idem.

513 1839 779 1902 Intelligit]
816 1837 969 1889 Quod
993 1835 1253 1886 credimus
1288 1836 1508 1900 plerum·

446 1930 548 1980 que
572 1914 792 1966 falsum:
830 1913 966 1978 quod
1006 1912 1359 1976 intelligimus,
1396 1926 1506 1962 cer·

446 1998 556 2041 tum
574 1999 673 2043 est.
738 1989 903 2040 Aliter
931 1995 1121 2045 autem,
1145 1994 1327 2037 contra
1347 1988 1506 2052 signi·

444 2068 591 2120 ficat.
658 2067 902 2132 Virgilius
925 2083 939 2116 ε
962 2065 1109 2115 ‘Diis
1130 2062 1286 2115 'aliter
1309 2064 1507 2117 visnm.'

519 2225 692 2275 Verum
713 2224 856 2273 aliter
886 2224 1031 2272 multo
1066 2220 1321 2284 intelligit]
1353 2218 1506 2270 Adeo

444 2315 544 2350 nee
598 2305 1007 2364 praeparaverat,
1057 2312 1154 2347 nec
1209 2298 1506 2347 intenderat

443 2391 748 2443 quemquam
774 2376 982 2434 laedere,
1006 2382 1065 2426 ut
1096 2389 1188 2439 spe
1219 2374 1399 2437 falsus,
1431 2374 1506 2424 la-

447 2453 764 2519 cessitusque
782 2453 877 2504 hoc
898 2451 1075 2503 faeiat.
1096 2453 1247 2503 Idem.

510 2537 540 2580 5
579 2531 710 2579 Nam
730 2530 779 2578 in
796 2530 1006 2593 prologis
1024 2526 1308 2593 scribundis]
1323 2528 1509 2592 Opera

447 2607 601 2664 enim,
625 2623 778 2672 quam
799 2607 850 2655 in
864 2607 1089 2670 Prologo
1105 2606 1330 2655 locatam
1353 2619 1507 2670 opor-

445 2688 549 2737 tuit
564 2693 623 2737 ut
638 2695 998 2751 argumentum
1019 2679 1273 2747 narraret,
1289 2700 1507 2736 necesse
1521 2697 1530 2720 ³

440 2762 600 2813 habet
620 2762 782 2827 abuti,
805 2762 856 2812 id
881 2768 979 2819 est,
1003 2762 1157 2811 aliter
1186 2775 1339 2826 quam
1359 2762 1504 2813 insti·

440 2845 618 2891 tuerat
661 2840 963 2904 impendere
1004 2840 1058 2889 in
1098 2842 1368 2890 calumniae
1415 2841 1505 2891 de-

443 2919 699 2983 pulsione,
739 2924 799 2967 ut
833 2918 1000 2967 diluat
1030 2917 1314 2967 maledicta
1345 2918 1505 2969 male-

441 2996 550 3045 voli
573 2995 755 3046 Poetae
778 2995 955 3045 Luscii
990 2994 1208 3056 Lavinii,
1243 3010 1394 3059 quem
1420 3002 1504 3046 ta-

441 3087 562 3123 men
594 3087 698 3123 non
733 3073 983 3122 nominat.
1051 3073 1270 3122 Cautum
1306 3072 1502 3137 qnippe

441 3161 572 3220 erat,
605 3170 670 3205 ne
699 3154 813 3219 quis
835 3153 888 3204 in
909 3153 1113 3204 theatro
1145 3152 1501 3217 proscindere-

443 3241 546 3284 tur.
580 3232 863 3283 Famabius.

510 3311 714 3374 Operam
741 3308 999 3371 abutitur]
1019 3309 1103 3357 De
1137 3308 1235 3358 ltoc
1269 3308 1381 3359 loco
1419 3322 1502 3359 ac·

440 3392 553 3437 tum
576 3386 730 3436 modo
753 3392 834 3435 est
857 3386 922 3434 ad
945 3385 1192 3435 Titulum.
1229 3385 1403 3434 Faber.

513 3464 722 3526 Operam
744 3460 983 3523 abutitur]
1025 3460 1218 3509 Utimur
1248 3458 1500 3511 fructibus

442 3540 538 3603 rei,
559 3555 673 3605 quae
713 3539 789 3590 ab.
808 3537 1098 3588 amantibus
1130 3537 1272 3587 salvo
1296 3552 1387 3587 usu
1413 3553 1501 3588 no-

439 3611 520 3667 bis
543 3616 982 3666 subministratur.
1050 3613 1320 3672 Abutimur,
1344 3629 1501 3680 qnan-

439 3692 509 3742 do
542 3691 874 3754 deperdimus
929 3697 986 3741 et
1025 3705 1134 3741 rem
1170 3698 1225 3741 et
1258 3690 1501 3745 fructum.

440 3769 581 3817 Nam
620 3768 733 3817 usui
762 3775 843 3818 est
887 3783 1031 3832 ager,
1065 3768 1280 3819 domusz
1317 3770 1500 3819 abusui

438 3844 635 3905 vinum,
658 3844 843 3909 oleum,
879 3852 935 3893 et
970 3851 1165 3894 eaetera
1191 3845 1498 3910 hujusmodi.

440 3920 655 3970 Cicero:
706 3921 722 3949 ‘
745 3921 862 3970 Non
907 3921 1092 3970 debet’
1132 3920 1353 3987 (inquit)
1390 3922 1406 3950 ‘
1436 3936 1500 3971 ea

437 3997 644 4060 mulier,
662 3997 747 4047 cui
764 3998 842 4046 vir
861 3998 1109 4057 bonorum
1128 4013 1332 4048 suorum
1352 4015 1500 4050 usum

434 4071 661 4123 fructum
683 4074 891 4138 legavit,
906 4075 1058 4144 ¹cellis
1081 4075 1295 4125 vinariis
1320 4083 1377 4126 et
1396 4078 1503 4126 ole-

435 4150 558 4199 ariis
590 4151 755 4216 plenis
796 4152 1007 4216 relictis,
1043 4157 1226 4215 putare
1260 4152 1315 4202 id
1350 4153 1413 4202 ad
1444 4168 1503 4203 se

437 4229 703 4293 pertinere
735 4246 749 4280 t
797 4246 919 4280 usus
964 4231 1121 4293 enim,
1154 4245 1257 4279 non
1293 4231 1503 4297 abusus,

435 4307 638 4371 legatus
672 4315 783 4359 est:
822 4323 886 4358 ea
908 4308 1044 4359 inter
1068 4315 1271 4360 sesunt
1294 4316 1498 4360 contra-

1140 377 1356 429 NOTA!
1402 374 1809 433 VARIDRUM
1859 373 1942 424 m
2029 413 2036 419 .

1581 521 1688 572 ria?
1755 522 1889 572 Haec
1913 520 1965 569 in
1987 520 2124 583 Top.
2157 519 2395 577 Donum.

1649 599 1856 662 Operam
1889 595 2123 659 abutitur]
2154 595 2430 647 Archaice.
2464 596 2645 646 Planta

1598 673 1614 703 ‘
1634 676 1847 739 Nosque
1898 689 2077 724 aurum
2111 671 2335 725 abusos?
2389 673 2640 723 Bacchid-

1581 753 1706 804 Aet.
1728 768 1794 804 11.
1818 755 1972 804 Seen.
1998 758 2047 802 8.
2077 751 2093 780 ‘
2113 753 2231 802 Hoc
2254 759 2527 816 argentum
2552 752 2644 801 ali-

1582 830 1636 879 bi
1675 829 1900 881 abutar!
1932 831 2099 880 Persa
2136 828 2261 879 Act.
2299 843 2362 878 ιι.
2394 828 2553 879 Scen.
2592 832 2649 877 2.-

1583 907 1680 956 hoc
1726 916 1826 964 est,
1881 907 2084 957 utendo·
2117 919 2430 969 consumam,
2472 904 2644 970 inquit

1580 984 1855 1032 Turnebus
1875 986 1909 1034 l.
1938 998 1975 1033 1.
2003 999 2054 1034 c.
2076 988 2129 1034 8.
2149 990 2204 1033 et
2228 984 2294 1032 ab
2318 983 2406 1032 illo
2423 983 2645 1033 Pareus.

1581 1059 1864 1109 Far-nabin&
2139 1076 2144 1081 ·

1643 1140 1676 1184 6
1712 1137 1837 1199 Qui]
1870 1137 1967 1192 Qui
1997 1137 2138 1185 valet
2169 1140 2253 1185 ut.-
2282 1140 2338 1184 at
2371 1141 2569 1198 narret,
2587 1140 2648 1184 iit

1580 1214 1910 1276 respondeat.
1944 1206 2122 1263 Idem-⁴

1643 1292 1991 1353 Argumentum
2011 1290 2197 1353 narret]
2216 1288 2371 1343 Quod
2387 1303 2511 1339 vere
2528 1302 2646 1353 pro-

1578 1370 1686 1432 logi
1705 1376 1787 1419 est
1808 1368 2047 1420 officium.
2084 1371 2319 1419 Duatas.
2357 1358 2362 1369 ⁸

1648 1446 1771 1509 Qui]
1807 1447 1913 1496 Pro
1951 1453 2036 1496 ut:
2069 1461 2195 1510 ergo
2233 1460 2336 1495 non
2366 1450 2449 1494 est
2487 1444 2641 1494 modo

1582 1538 1883 1589 pronomen.
1920 1527 2070 1575 Idem.

1646 1602 1745 1651 Sed
1766 1604 1847 1665 qui
1868 1603 2083 1652 malevoli
2104 1603 2280 1652 ceteris
2306 1600 2493 1664 Poeta]
2515 1601 2643 1650 ‘Pri-

1581 1692 1720 1728 mum
1765 1695 1796 1729 a
1841 1688 2054 1740 natura„
2083 1680 2331 1732 malevoli.-
2376 1679 2572 1728 deiude*
2610 1694 2644 1729 a

1584 1764 1839 1820 tempore,
1883 1758 1964 1807 vel
2005 1758 2070 1808 ab
2106 1756 2319 1814 invidia,
2365 1757 2578 1807 veteris.-
2610 1772 2646 1806 ι

1583 1835 1730 1898 signo
1756 1835 2119 1896 aemulationis,
2142 1834 2327 1885 Poeta.
2361 1834 2527 1883 Idem.

1646 1916 1678 1960 7
1719 1913 1927 1975 Veteris]
1969 1913 2115 1962 Vetus
2132 1914 2438 1977 plerumque
2451 1912 2517 1960 ad
2535 1913 2645 1960 lau·

1582 1990 1734 2052 dem3
1777 1991 2037 2041 interdum
2077 1991 2146 2041 ad
2190 1991 2645 2054 vituperationem,-

1583 2074 1641 2118 ut
1662 2069 1746 2118 iiie
1767 2076 1824 2118 et
1847 2069 1991 2128 alibi,
2013 2069 2176 2133 Vetas,
2198 2074 2466 2119 teter-nostis
2479 2082 2648 2117 senex.-

1580 2144 1749 2196 Idem.

1656 2223 1862 2285 Veteris]
1902 2223 2007 2272 Pro
2045 2222 2233 2273 cariosi
2266 2227 2321 2270 et
2359 2220 2507 2286 qnasi
2528 2235 2656 2270 ran·-

1584 2299 1689 2348 cidi
1715 2301 1906 2362 posuit,
1930 2307 2089 2364 atque
2112 2301 2232 2347 ideo
2260 2299 2516 2361 malevoli,
2538 2312 2642 2346 non

1584 2375 1902 2440 criminibus,
1956 2377 2047 2425 sed
2104 2375 2406 2425 maledictis.
2501 2374 2646 2428 Quid

1585 2456 1759 2501 autem
1783 2452 1923 2501 inter
1943 2451 2241 2502 maledictum
2281 2460 2335 2502 et
2368 2453 2543 2503 crimen
2565 2450 2662 2501 in·

1583 2530 1755 2594 tersit,
1804 2529 1964 2580 docet
2006 2531 2191 2580 Cicero
2235 2529 2286 2578 in
2321 2530 2643 2581 Tusculanis.

1585 2608 1736 2658 Idem.

1656 2684 1862 2748 Veteris]
1886 2683 2039 2734 Ratio
2060 2684 2285 2734 invidiae.
2320 2685 2469 2736 Idm.

1649 2762 1838 2826 Pofitoe]
1870 2763 2038 2812 Causa
2060 2763 2434 2813 insectationis.
2459 2763 2610 2812 Idem.

1650 2838 1952 2903 Maledictis]
1998 2839 2308 2892 Crimiustio
2341 2840 2643 2890 adversarii.

1655 2994 1843 3044 Veteris
1874 2992 2063 3057 Poe'toe]
2096 2994 2233 3045 Quia
2263 3007 2423 3044 senex
2450 2994 2643 3045 Lucius

1582 3069 1775 3121 edebat
1815 3070 2039 3136 fabulas,
2082 3070 2472 3121 adolescentulo
2487 3081 2496 3090 ·'
2517 3079 2644 3121 tune

1580 3148 1853 3199 Terentio.
1919 3150 1989 3199 Et
2032 3149 2318 3213 eleganter,
2356 3146 2642 3197 ‘Malevoli

1581 3225 1776 3274 veteris
1831 3225 2120 3275 maledictis
2160 3223 2195 3273 :'
2262 3223 2646 3273 commendatio

1580 3301 1761 3352 Poetae
1785 3317 1816 3351 a
1834 3317 2055 3366 persona
2071 3301 2375 3351 adversarii.
2407 3301 2560 3360 Idem.

1645 3379 1964 3444 Respondeat]
1998 3378 2281 3428 Excusatio
2327 3376 2643 3440 responden·
2729 3427 2730 3432 ,

1580 3454 1667 3513 tis,
1701 3457 1840 3521 quod
1878 3470 1980 3505 non
2018 3455 2260 3524 obsistat,
2297 3454 2388 3503 sed
2427 3467 2646 3517 respon-

1581 3529 1721 3582 deat.
1759 3534 1909 3583 Idem.

1644 3614 1675 3658 8
1710 3611 1853 3673 Nune
1873 3625 2011 3673 quam
2032 3626 2133 3659 rem
2147 3610 2266 3659 vitio
2282 3607 2643 3671 ‹infimi-um,

1576 3700 1715 3735 nunc
1749 3685 2184 3736 animadvertite:
2227 3700 2312 3748 an,
2342 3699 2480 3734 nime
2513 3685 2642 3735 vitio

1579 3765 1720 3815 dent.
1788 3766 1860 3815 Et
1882 3766 2108 3815 oratorie
2124 3765 2272 3829 quasi
2290 3765 2476 3814 multos
2492 3762 2645 3827 facit,

1578 3857 1694 3891 eum
1720 3856 1876 3891 unum
1900 3856 2059 3905 supra
2090 3840 2301 3891 dixerit.
2368 3841 2443 3891 Ut
2468 3841 2645 3906 Virgi-

1574 3921 1711 3969 lius:
1764 3921 1781 3948 ‘
1810 3919 2021 3969 Desiste
2065 3917 2270 3968 manum
2307 3918 2656 3988 *committerer

1576 3995 1828 4047 Teucris.’
1866 3997 2016 4045 Idem.

1647 4076 1788 4123 Nunc
1826 4088 1967 4137 qnam
2009 4086 2111 4123 rem
2152 4071 2299 4134 vitio]
2342 4070 2646 4135 propositio

1578 4159 1675 4204 est.
1712 4153 1862 4214 Idem·
2419 4165 2422 4168 ’

1645 4228 1824 4291 Quam]
1846 4227 2083 4280 Qualem.
2119 4227 2271 4277 Idem.

1652 4307 1781 4358 Vitio
1834 4304 1973 4369 dent]
2028 4304 2364 4369 vituperent,
2410 4303 2643 4367 carpent.
