<?xml version="1.0" encoding="UTF-8"?>
<!DOCTYPE html PUBLIC "-//W3C//DTD XHTML 1.0 Transitional//EN"
    "http://www.w3.org/TR/xhtml1/DTD/xhtml1-transitional.dtd">
<html xmlns="http://www.w3.org/1999/xhtml" xml:lang="en" lang="en">
 <head>
  <title>
</title>
<meta http-equiv="Content-Type" content="text/html;charset=utf-8" />
  <meta name='ocr-system' content='tesseract 3.04.00' />
  <meta name='ocr-capabilities' content='ocr_page ocr_carea ocr_par ocr_line ocrx_word'/>
</head>
<body>
  <div class='ocr_page' id='page_1' title='image "./comoedisexvolum00westgoog_0214.png"; bbox 0 0 3035 4941; ppageno 0'>
   <div class='ocr_carea' id='block_1_1' title="bbox 532 346 706 412">
    <p class='ocr_par' dir='ltr' id='par_1_1' title="bbox 532 346 706 412">
     <span class='ocr_line' id='line_1_1' title="bbox 532 346 706 412; baseline -0.011 0"><span class='ocrx_word' id='word_1_1' title='bbox 532 346 706 412; x_wconf 79' lang='lat'>1240</span> 
     </span>
    </p>
   </div>
   <div class='ocr_carea' id='block_1_2' title="bbox 534 504 1595 1566">
    <p class='ocr_par' dir='ltr' id='par_1_2' title="bbox 535 504 1594 794">
     <span class='ocr_line' id='line_1_2' title="bbox 535 504 1591 570; baseline 0.001 -16"><span class='ocrx_word' id='word_1_2' title='bbox 535 504 812 554; x_wconf 87' lang='lat' dir='ltr'><strong><em>metuendo</em></strong></span> <span class='ocrx_word' id='word_1_3' title='bbox 848 505 1125 555; x_wconf 75' lang='lat' dir='ltr'><strong>ominatur.</strong></span> <span class='ocrx_word' id='word_1_4' title='bbox 1162 505 1341 570; x_wconf 84' lang='lat' dir='ltr'><strong><em>itaque</em></strong></span> <span class='ocrx_word' id='word_1_5' title='bbox 1362 506 1492 555; x_wconf 89' lang='lat' dir='ltr'><strong><em>mira</em></strong></span> <span class='ocrx_word' id='word_1_6' title='bbox 1514 506 1591 555; x_wconf 83' lang='lat' dir='ltr'><strong><em>vis</em></strong></span> 
     </span>
     <span class='ocr_line' id='line_1_3' title="bbox 537 582 1591 647; baseline 0.002 -18"><span class='ocrx_word' id='word_1_7' title='bbox 537 590 593 631; x_wconf 87' lang='lat' dir='ltr'><strong><em>et</em></strong></span> <span class='ocrx_word' id='word_1_8' title='bbox 630 582 785 644; x_wconf 88' lang='lat' dir='ltr'><strong><em>copia</em></strong></span> <span class='ocrx_word' id='word_1_9' title='bbox 822 591 904 630; x_wconf 88' lang='lat' dir='ltr'><strong><em>est</em></strong></span> <span class='ocrx_word' id='word_1_10' title='bbox 942 582 1008 630; x_wconf 59' lang='lat' dir='ltr'><strong><em>in*</em></strong></span> <span class='ocrx_word' id='word_1_11' title='bbox 1036 583 1241 632; x_wconf 86' lang='lat' dir='ltr'><strong><em>verbis:</em></strong></span> <span class='ocrx_word' id='word_1_12' title='bbox 1276 582 1395 632; x_wconf 88' lang='lat' dir='ltr'><strong><em>‘Ne</em></strong></span> <span class='ocrx_word' id='word_1_13' title='bbox 1440 597 1591 647; x_wconf 80' lang='lat' dir='ltr'><strong><em>quarn</em></strong></span> 
     </span>
     <span class='ocr_line' id='line_1_4' title="bbox 537 657 1594 711; baseline 0 -4"><span class='ocrx_word' id='word_1_14' title='bbox 537 659 623 708; x_wconf 90' lang='lat' dir='ltr'><strong><em>ille</em></strong></span> <span class='ocrx_word' id='word_1_15' title='bbox 645 658 800 708; x_wconf 82' lang='lat' dir='ltr'><strong><em>bodie</em></strong></span> <span class='ocrx_word' id='word_1_16' title='bbox 836 659 1045 708; x_wconf 88' lang='lat' dir='ltr'><strong><em>insanus</em></strong></span> <span class='ocrx_word' id='word_1_17' title='bbox 1079 659 1280 711; x_wconf 84' lang='lat' dir='ltr'><strong><em>turbam</em></strong></span> <span class='ocrx_word' id='word_1_18' title='bbox 1318 657 1480 708; x_wconf 85' lang='lat' dir='ltr'><strong><em>faciat</em></strong></span> <span class='ocrx_word' id='word_1_19' title='bbox 1502 665 1594 707; x_wconf 90' lang='lat' dir='ltr'><strong><em>aut</em></strong></span> 
     </span>
     <span class='ocr_line' id='line_1_5' title="bbox 536 734 1065 794; baseline 0.002 -11"><span class='ocrx_word' id='word_1_20' title='bbox 536 735 638 783; x_wconf 86' lang='lat' dir='ltr'><strong><em>vim</em></strong></span> <span class='ocrx_word' id='word_1_21' title='bbox 659 734 881 794; x_wconf 86' lang='lat' dir='ltr'><strong><em>Thaidi.&#39;</em></strong></span> <span class='ocrx_word' id='word_1_22' title='bbox 912 735 1065 784; x_wconf 84' lang='lat' dir='ltr'><strong><em>Idem.</em></strong></span> 
     </span>
    </p>

    <p class='ocr_par' dir='ltr' id='par_1_3' title="bbox 534 809 1595 1091">
     <span class='ocr_line' id='line_1_6' title="bbox 602 809 1595 875; baseline -0.001 -15"><span class='ocrx_word' id='word_1_23' title='bbox 602 813 683 860; x_wconf 91' lang='lat' dir='ltr'><strong><em>Ne</em></strong></span> <span class='ocrx_word' id='word_1_24' title='bbox 719 826 857 875; x_wconf 79' lang='lat' dir='ltr'><strong><em>quam</em></strong></span> <span class='ocrx_word' id='word_1_25' title='bbox 892 810 973 861; x_wconf 83' lang='lat' dir='ltr'><strong><em>ille</em></strong></span> <span class='ocrx_word' id='word_1_26' title='bbox 1009 811 1147 860; x_wconf 79' lang='lat' dir='ltr'><strong><em>hodie</em></strong></span> <span class='ocrx_word' id='word_1_27' title='bbox 1181 809 1399 873; x_wconf 75' lang='lat' dir='ltr'><strong><em>insanus]</em></strong></span> <span class='ocrx_word' id='word_1_28' title='bbox 1432 811 1595 872; x_wconf 84' lang='lat' dir='ltr'><strong><em>Illum,</em></strong></span> 
     </span>
     <span class='ocr_line' id='line_1_7' title="bbox 535 886 1592 951; baseline -0.001 -13"><span class='ocrx_word' id='word_1_29' title='bbox 535 895 592 939; x_wconf 90' lang='lat' dir='ltr'><strong><em>et</em></strong></span> <span class='ocrx_word' id='word_1_30' title='bbox 613 889 705 938; x_wconf 85' lang='lat' dir='ltr'><strong><em>Ille</em></strong></span> <span class='ocrx_word' id='word_1_31' title='bbox 724 890 935 951; x_wconf 87' lang='lat' dir='ltr'><strong><em>insanus,</em></strong></span> <span class='ocrx_word' id='word_1_32' title='bbox 966 889 1040 937; x_wconf 90' lang='lat' dir='ltr'><strong><em>sic</em></strong></span> <span class='ocrx_word' id='word_1_33' title='bbox 1078 886 1313 950; x_wconf 83' lang='lat' dir='ltr'><strong><em>effertur,</em></strong></span> <span class='ocrx_word' id='word_1_34' title='bbox 1346 895 1405 938; x_wconf 88' lang='lat' dir='ltr'><strong><em>ut</em></strong></span> <span class='ocrx_word' id='word_1_35' title='bbox 1432 889 1592 937; x_wconf 88' lang='lat' dir='ltr'><strong><em>omni-</em></strong></span> 
     </span>
     <span class='ocr_line' id='line_1_8' title="bbox 536 965 1593 1016; baseline 0.002 -3"><span class='ocrx_word' id='word_1_36' title='bbox 536 965 632 1014; x_wconf 90' lang='lat' dir='ltr'><strong><em>bus</em></strong></span> <span class='ocrx_word' id='word_1_37' title='bbox 655 965 882 1015; x_wconf 84' lang='lat' dir='ltr'><strong><em>insuavis</em></strong></span> <span class='ocrx_word' id='word_1_38' title='bbox 905 966 1054 1015; x_wconf 88' lang='lat' dir='ltr'><strong><em>miles</em></strong></span> <span class='ocrx_word' id='word_1_39' title='bbox 1078 980 1191 1015; x_wconf 89' lang='lat' dir='ltr'><strong><em>esse</em></strong></span> <span class='ocrx_word' id='word_1_40' title='bbox 1208 973 1465 1016; x_wconf 89' lang='lat' dir='ltr'><strong><em>noscatur.</em></strong></span> <span class='ocrx_word' id='word_1_41' title='bbox 1491 967 1593 1015; x_wconf 90' lang='lat' dir='ltr'><strong><em>Do-</em></strong></span> 
     </span>
     <span class='ocr_line' id='line_1_9' title="bbox 534 1046 691 1091; baseline 0 -1"><span class='ocrx_word' id='word_1_42' title='bbox 534 1046 691 1091; x_wconf 85' lang='lat' dir='ltr'><strong><em>natus.</em></strong></span> 
     </span>
    </p>

    <p class='ocr_par' dir='ltr' id='par_1_4' title="bbox 535 1117 1594 1476">
     <span class='ocr_line' id='line_1_10' title="bbox 600 1117 1594 1182; baseline 0.002 -17"><span class='ocrx_word' id='word_1_43' title='bbox 600 1118 693 1167; x_wconf 89' lang='lat' dir='ltr'><strong><em>Ille</em></strong></span> <span class='ocrx_word' id='word_1_44' title='bbox 737 1117 891 1181; x_wconf 72' lang='lat' dir='ltr'><strong><em>hodie,</em></strong></span> <span class='ocrx_word' id='word_1_45' title='bbox 933 1118 1039 1181; x_wconf 54' lang='grc' dir='ltr'><strong><em>ξω]</em></strong></span> <span class='ocrx_word' id='word_1_46' title='bbox 1086 1117 1299 1179; x_wconf 78' lang='lat' dir='ltr'><strong><em>Thraso,</em></strong></span> <span class='ocrx_word' id='word_1_47' title='bbox 1342 1119 1594 1182; x_wconf 87' lang='lat' dir='ltr'><strong><em>importu-</em></strong></span> 
     </span>
     <span class='ocr_line' id='line_1_11' title="bbox 536 1192 1591 1258; baseline -0.002 -14"><span class='ocrx_word' id='word_1_48' title='bbox 536 1193 652 1256; x_wconf 73' lang='lat' dir='ltr'><strong><em>nus‘,</em></strong></span> <span class='ocrx_word' id='word_1_49' title='bbox 674 1195 917 1256; x_wconf 76' lang='lat' dir='ltr'><strong><em>insuavis,</em></strong></span> <span class='ocrx_word' id='word_1_50' title='bbox 934 1192 1177 1256; x_wconf 86' lang='lat' dir='ltr'><strong><em>furiosus,</em></strong></span> <span class='ocrx_word' id='word_1_51' title='bbox 1199 1201 1413 1258; x_wconf 87' lang='lat' dir='ltr'><strong><em>propter</em></strong></span> <span class='ocrx_word' id='word_1_52' title='bbox 1437 1194 1591 1243; x_wconf 84' lang='lat' dir='ltr'><strong><em>Chre·</em></strong></span> 
     </span>
     <span class='ocr_line' id='line_1_12' title="bbox 535 1272 1591 1337; baseline -0.001 -15"><span class='ocrx_word' id='word_1_53' title='bbox 535 1280 747 1336; x_wconf 87' lang='lat' dir='ltr'><strong><em>metem,</em></strong></span> <span class='ocrx_word' id='word_1_54' title='bbox 771 1286 921 1337; x_wconf 88' lang='lat' dir='ltr'><strong><em>quem</em></strong></span> <span class='ocrx_word' id='word_1_55' title='bbox 944 1272 1043 1322; x_wconf 88' lang='lat' dir='ltr'><strong><em>sibi</em></strong></span> <span class='ocrx_word' id='word_1_56' title='bbox 1077 1275 1290 1323; x_wconf 84' lang='lat' dir='ltr'><strong><em>rivalem</em></strong></span> <span class='ocrx_word' id='word_1_57' title='bbox 1313 1273 1591 1322; x_wconf 88' lang='lat' dir='ltr'><strong><em>adductum</em></strong></span> 
     </span>
     <span class='ocr_line' id='line_1_13' title="bbox 535 1348 1592 1413; baseline 0.001 -16"><span class='ocrx_word' id='word_1_58' title='bbox 535 1348 805 1399; x_wconf 89' lang='lat' dir='ltr'><strong><em>credebat.</em></strong></span> <span class='ocrx_word' id='word_1_59' title='bbox 839 1352 854 1377; x_wconf 89' lang='lat'>‘</span> <span class='ocrx_word' id='word_1_60' title='bbox 875 1349 1086 1399; x_wconf 88' lang='lat' dir='ltr'><strong><em>Possem</em></strong></span> <span class='ocrx_word' id='word_1_61' title='bbox 1128 1350 1339 1399; x_wconf 86' lang='lat' dir='ltr'><strong><em>rivalem</em></strong></span> <span class='ocrx_word' id='word_1_62' title='bbox 1372 1364 1474 1398; x_wconf 89' lang='lat' dir='ltr'><strong><em>non</em></strong></span> <span class='ocrx_word' id='word_1_63' title='bbox 1496 1363 1592 1413; x_wconf 81' lang='lat' dir='ltr'><strong><em>ego</em></strong></span> 
     </span>
     <span class='ocr_line' id='line_1_14' title="bbox 536 1424 1540 1476; baseline 0.001 -2"><span class='ocrx_word' id='word_1_64' title='bbox 536 1424 678 1475; x_wconf 86' lang='lat' dir='ltr'><strong><em>ferre</em></strong></span> <span class='ocrx_word' id='word_1_65' title='bbox 699 1424 884 1475; x_wconf 84' lang='lat' dir='ltr'><strong><em>Jovem</em></strong></span> <span class='ocrx_word' id='word_1_66' title='bbox 906 1425 939 1473; x_wconf 87' lang='lat'><strong><em>:’</em></strong></span> <span class='ocrx_word' id='word_1_67' title='bbox 974 1426 1222 1476; x_wconf 86' lang='lat' dir='ltr'><strong><em>Tibullus.</em></strong></span> <span class='ocrx_word' id='word_1_68' title='bbox 1257 1426 1540 1475; x_wconf 74' lang='lat' dir='ltr'><strong><em>Famabius.</em></strong></span> 
     </span>
    </p>

    <p class='ocr_par' dir='ltr' id='par_1_5' title="bbox 601 1503 1592 1566">
     <span class='ocr_line' id='line_1_15' title="bbox 601 1503 1592 1566; baseline 0.001 -14"><span class='ocrx_word' id='word_1_69' title='bbox 601 1509 631 1553; x_wconf 78' lang='lat'><strong>3</strong></span> <span class='ocrx_word' id='word_1_70' title='bbox 669 1504 799 1552; x_wconf 87' lang='lat' dir='ltr'><strong><em>Nam</em></strong></span> <span class='ocrx_word' id='word_1_71' title='bbox 833 1508 1080 1566; x_wconf 83' lang='lat' dir='ltr'><strong><em>postquam</em></strong></span> <span class='ocrx_word' id='word_1_72' title='bbox 1117 1504 1211 1552; x_wconf 84' lang='lat' dir='ltr'><strong><em>iste</em></strong></span> <span class='ocrx_word' id='word_1_73' title='bbox 1245 1503 1458 1565; x_wconf 76' lang='lat' dir='ltr'><strong><em>advenit]</em></strong></span> <span class='ocrx_word' id='word_1_74' title='bbox 1502 1504 1592 1553; x_wconf 87' lang='lat' dir='ltr'><strong><em>In·</em></strong></span> 
     </span>
    </p>
   </div>
   <div class='ocr_carea' id='block_1_3' title="bbox 536 1583 1605 1648">
    <p class='ocr_par' dir='ltr' id='par_1_6' title="bbox 536 1583 1605 1648">
     <span class='ocr_line' id='line_1_16' title="bbox 536 1583 1605 1648; baseline 0 -17"><span class='ocrx_word' id='word_1_75' title='bbox 536 1589 740 1631; x_wconf 89' lang='lat' dir='ltr'><strong><em>stanter</em></strong></span> <span class='ocrx_word' id='word_1_76' title='bbox 795 1583 1055 1643; x_wconf 88' lang='lat' dir='ltr'><strong><em>admonet,</em></strong></span> <span class='ocrx_word' id='word_1_77' title='bbox 1115 1583 1203 1648; x_wconf 90' lang='lat' dir='ltr'><strong><em>qui</em></strong></span> <span class='ocrx_word' id='word_1_78' title='bbox 1267 1584 1470 1633; x_wconf 88' lang='lat' dir='ltr'><strong><em>scilicet</em></strong></span> <span class='ocrx_word' id='word_1_79' title='bbox 1524 1584 1605 1631; x_wconf 90' lang='lat' dir='ltr'><strong><em>sit·</em></strong></span> 
     </span>
    </p>
   </div>
   <div class='ocr_carea' id='block_1_4' title="bbox 468 1659 1595 2716">
    <p class='ocr_par' dir='ltr' id='par_1_7' title="bbox 540 1659 1069 1709">
     <span class='ocr_line' id='line_1_17' title="bbox 540 1659 1069 1709; baseline 0.002 -1"><span class='ocrx_word' id='word_1_80' title='bbox 540 1659 802 1708; x_wconf 77' lang='lat' dir='ltr'>Chremes.</span> <span class='ocrx_word' id='word_1_81' title='bbox 834 1659 1069 1709; x_wconf 84' lang='lat' dir='ltr'><strong><em>Donatus.</em></strong></span> 
     </span>
    </p>

    <p class='ocr_par' dir='ltr' id='par_1_8' title="bbox 536 1736 1591 1939">
     <span class='ocr_line' id='line_1_18' title="bbox 602 1736 1591 1801; baseline 0.001 -16"><span class='ocrx_word' id='word_1_82' title='bbox 602 1741 633 1785; x_wconf 83' lang='lat'>4</span> <span class='ocrx_word' id='word_1_83' title='bbox 669 1736 880 1786; x_wconf 81' lang='lat' dir='ltr'><strong><em>Militem</em></strong></span> <span class='ocrx_word' id='word_1_84' title='bbox 899 1737 1068 1801; x_wconf 81' lang='lat' dir='ltr'><strong><em>rogat]</em></strong></span> <span class='ocrx_word' id='word_1_85' title='bbox 1107 1738 1174 1788; x_wconf 92' lang='lat' dir='ltr'><strong><em>Et</em></strong></span> <span class='ocrx_word' id='word_1_86' title='bbox 1211 1737 1308 1786; x_wconf 88' lang='lat' dir='ltr'><strong><em>hoc</em></strong></span> <span class='ocrx_word' id='word_1_87' title='bbox 1341 1737 1485 1800; x_wconf 86' lang='lat' dir='ltr'><strong><em>quasi</em></strong></span> <span class='ocrx_word' id='word_1_88' title='bbox 1525 1736 1591 1786; x_wconf 89' lang='lat' dir='ltr'><strong><em>de</em></strong></span> 
     </span>
     <span class='ocr_line' id='line_1_19' title="bbox 536 1813 1590 1875; baseline 0.002 -15"><span class='ocrx_word' id='word_1_89' title='bbox 536 1813 720 1864; x_wconf 88' lang='lat' dir='ltr'><strong><em>odioso</em></strong></span> <span class='ocrx_word' id='word_1_90' title='bbox 742 1814 956 1863; x_wconf 77' lang='lat' dir='ltr'><strong><em>Militem</em></strong></span> <span class='ocrx_word' id='word_1_91' title='bbox 978 1813 1129 1875; x_wconf 79' lang='lat' dir='ltr'><strong><em>dixit,</em></strong></span> <span class='ocrx_word' id='word_1_92' title='bbox 1164 1828 1264 1862; x_wconf 88' lang='lat' dir='ltr'><strong><em>non</em></strong></span> <span class='ocrx_word' id='word_1_93' title='bbox 1294 1814 1590 1863; x_wconf 74' lang='lat' dir='ltr'><strong><em>Thrasonem.</em></strong></span> 
     </span>
     <span class='ocr_line' id='line_1_20' title="bbox 538 1888 702 1939; baseline 0.012 -2"><span class='ocrx_word' id='word_1_94' title='bbox 538 1888 702 1939; x_wconf 83' lang='lat' dir='ltr'><strong><em>Idem.</em></strong></span> 
     </span>
    </p>

    <p class='ocr_par' dir='ltr' id='par_1_9' title="bbox 605 1965 1494 2029">
     <span class='ocr_line' id='line_1_21' title="bbox 605 1965 1494 2029; baseline 0.003 -15"><span class='ocrx_word' id='word_1_95' title='bbox 605 1966 839 2016; x_wconf 78' lang='lat' dir='ltr'><strong><em>Continuo</em></strong></span> <span class='ocrx_word' id='word_1_96' title='bbox 858 1965 1026 2029; x_wconf 77' lang='lat' dir='ltr'><strong><em>irasci]</em></strong></span> <span class='ocrx_word' id='word_1_97' title='bbox 1049 1966 1124 2015; x_wconf 91' lang='lat' dir='ltr'><strong><em>Ut</em></strong></span> <span class='ocrx_word' id='word_1_98' title='bbox 1155 1965 1321 2015; x_wconf 76' lang='lat' dir='ltr'><strong><em>rivali.</em></strong></span> <span class='ocrx_word' id='word_1_99' title='bbox 1350 1965 1494 2017; x_wconf 83' lang='lat' dir='ltr'><strong><em>Idem.</em></strong></span> 
     </span>
    </p>

    <p class='ocr_par' dir='ltr' id='par_1_10' title="bbox 536 2042 1592 2179">
     <span class='ocr_line' id='line_1_22' title="bbox 601 2042 1592 2107; baseline 0.002 -17"><span class='ocrx_word' id='word_1_100' title='bbox 601 2048 631 2090; x_wconf 84' lang='lat'><strong>5</strong></span> <span class='ocrx_word' id='word_1_101' title='bbox 669 2044 833 2107; x_wconf 83' lang='lat' dir='ltr'><strong><em>Neque</em></strong></span> <span class='ocrx_word' id='word_1_102' title='bbox 867 2058 1041 2105; x_wconf 79' lang='lat' dir='ltr'><strong><em>negare</em></strong></span> <span class='ocrx_word' id='word_1_103' title='bbox 1073 2042 1268 2105; x_wconf 86' lang='lat' dir='ltr'><strong><em>audere]</em></strong></span> <span class='ocrx_word' id='word_1_104' title='bbox 1303 2043 1378 2092; x_wconf 90' lang='lat' dir='ltr'><strong><em>Ut</em></strong></span> <span class='ocrx_word' id='word_1_105' title='bbox 1412 2043 1592 2093; x_wconf 77' lang='lat' dir='ltr'><strong><em>amicae</em></strong></span> 
     </span>
     <span class='ocr_line' id='line_1_23' title="bbox 536 2120 976 2179; baseline 0.007 -13"><span class='ocrx_word' id='word_1_106' title='bbox 536 2120 793 2179; x_wconf 86' lang='lat' dir='ltr'><strong><em>poscenti.</em></strong></span> <span class='ocrx_word' id='word_1_107' title='bbox 825 2120 976 2169; x_wconf 86' lang='lat' dir='ltr'><strong><em>Idem.</em></strong></span> 
     </span>
    </p>

    <p class='ocr_par' dir='ltr' id='par_1_11' title="bbox 536 2195 1594 2488">
     <span class='ocr_line' id='line_1_24' title="bbox 601 2195 1593 2259; baseline 0.002 -17"><span class='ocrx_word' id='word_1_108' title='bbox 601 2195 792 2245; x_wconf 77' lang='lat' dir='ltr'><strong><em>Instare</em></strong></span> <span class='ocrx_word' id='word_1_109' title='bbox 806 2201 863 2245; x_wconf 84' lang='lat' dir='ltr'><strong><em>ut</em></strong></span> <span class='ocrx_word' id='word_1_110' title='bbox 876 2196 1107 2245; x_wconf 78' lang='lat' dir='ltr'><strong><em>hominem</em></strong></span> <span class='ocrx_word' id='word_1_111' title='bbox 1126 2195 1322 2259; x_wconf 78' lang='lat' dir='ltr'><strong><em>invitet]</em></strong></span> <span class='ocrx_word' id='word_1_112' title='bbox 1343 2196 1477 2246; x_wconf 90' lang='lat' dir='ltr'><strong><em>Vide</em></strong></span> <span class='ocrx_word' id='word_1_113' title='bbox 1491 2196 1593 2245; x_wconf 81' lang='lat' dir='ltr'><strong><em>im·</em></strong></span> 
     </span>
     <span class='ocr_line' id='line_1_25' title="bbox 536 2271 1594 2336; baseline 0.002 -17"><span class='ocrx_word' id='word_1_114' title='bbox 536 2271 842 2334; x_wconf 89' lang='lat' dir='ltr'><strong><em>pudentiam</em></strong></span> <span class='ocrx_word' id='word_1_115' title='bbox 865 2273 1183 2322; x_wconf 80' lang='lat' dir='ltr'><strong><em>Meretricis.</em></strong></span> <span class='ocrx_word' id='word_1_116' title='bbox 1208 2273 1429 2336; x_wconf 88' lang='lat' dir='ltr'><strong><em>primum</em></strong></span> <span class='ocrx_word' id='word_1_117' title='bbox 1460 2272 1594 2334; x_wconf 86' lang='lat' dir='ltr'><strong><em>petit</em></strong></span> 
     </span>
     <span class='ocr_line' id='line_1_26' title="bbox 536 2346 1594 2411; baseline 0.002 -16"><span class='ocrx_word' id='word_1_118' title='bbox 536 2354 594 2396; x_wconf 90' lang='lat' dir='ltr'><strong><em>ut</em></strong></span> <span class='ocrx_word' id='word_1_119' title='bbox 612 2346 801 2410; x_wconf 81' lang='lat' dir='ltr'><strong><em>jubeat</em></strong></span> <span class='ocrx_word' id='word_1_120' title='bbox 818 2363 935 2397; x_wconf 89' lang='lat' dir='ltr'><strong><em>eum</em></strong></span> <span class='ocrx_word' id='word_1_121' title='bbox 960 2349 1199 2399; x_wconf 76' lang='lat' dir='ltr'><strong><em>admittiz</em></strong></span> <span class='ocrx_word' id='word_1_122' title='bbox 1232 2355 1416 2411; x_wconf 87' lang='lat' dir='ltr'><strong><em>postea</em></strong></span> <span class='ocrx_word' id='word_1_123' title='bbox 1440 2355 1496 2397; x_wconf 90' lang='lat' dir='ltr'><strong><em>ut</em></strong></span> <span class='ocrx_word' id='word_1_124' title='bbox 1515 2349 1594 2397; x_wconf 86' lang='lat' dir='ltr'><strong><em>in·</em></strong></span> 
     </span>
     <span class='ocr_line' id='line_1_27' title="bbox 542 2423 1346 2488; baseline 0.007 -18"><span class='ocrx_word' id='word_1_125' title='bbox 542 2423 694 2484; x_wconf 83' lang='lat' dir='ltr'><strong><em>vitet,</em></strong></span> <span class='ocrx_word' id='word_1_126' title='bbox 716 2424 854 2487; x_wconf 86' lang='lat' dir='ltr'><strong><em>quod</em></strong></span> <span class='ocrx_word' id='word_1_127' title='bbox 877 2430 958 2474; x_wconf 89' lang='lat' dir='ltr'><strong><em>est</em></strong></span> <span class='ocrx_word' id='word_1_128' title='bbox 978 2425 1160 2488; x_wconf 88' lang='lat' dir='ltr'><strong><em>majus.</em></strong></span> <span class='ocrx_word' id='word_1_129' title='bbox 1195 2425 1346 2476; x_wconf 83' lang='lat' dir='ltr'><strong><em>Idem.</em></strong></span> 
     </span>
    </p>

    <p class='ocr_par' dir='ltr' id='par_1_12' title="bbox 468 2501 1595 2716">
     <span class='ocr_line' id='line_1_28' title="bbox 602 2501 1594 2567; baseline 0.004 -19"><span class='ocrx_word' id='word_1_130' title='bbox 602 2504 636 2548; x_wconf 86' lang='grc'><strong>6</strong></span> <span class='ocrx_word' id='word_1_131' title='bbox 669 2501 730 2549; x_wconf 84' lang='lat' dir='ltr'><strong><em>Id</em></strong></span> <span class='ocrx_word' id='word_1_132' title='bbox 752 2501 970 2560; x_wconf 81' lang='lat' dir='ltr'><strong><em>faciebat</em></strong></span> <span class='ocrx_word' id='word_1_133' title='bbox 1000 2502 1237 2552; x_wconf 83' lang='lat' dir='ltr'><strong><em>retinendi</em></strong></span> <span class='ocrx_word' id='word_1_134' title='bbox 1264 2502 1397 2552; x_wconf 76' lang='lat' dir='ltr'><strong><em>illius</em></strong></span> <span class='ocrx_word' id='word_1_135' title='bbox 1426 2503 1594 2567; x_wconf 84' lang='lat' dir='ltr'><strong><em>causa]</em></strong></span> 
     </span>
     <span class='ocr_line' id='line_1_29' title="bbox 494 2573 1595 2640; baseline 0.005 -18"><span class='ocrx_word' id='word_1_136' title='bbox 494 2600 497 2603; x_wconf 21' lang='grc' dir='ltr'><strong>Δ</strong></span> <span class='ocrx_word' id='word_1_137' title='bbox 537 2573 799 2625; x_wconf 87' lang='lat' dir='ltr'><strong><em>Admonet</em></strong></span> <span class='ocrx_word' id='word_1_138' title='bbox 830 2584 1201 2640; x_wconf 75' lang='lat' dir='ltr'><strong><em>spectatorem,</em></strong></span> <span class='ocrx_word' id='word_1_139' title='bbox 1237 2593 1303 2627; x_wconf 89' lang='lat' dir='ltr'><strong><em>ne</em></strong></span> <span class='ocrx_word' id='word_1_140' title='bbox 1336 2579 1595 2629; x_wconf 83' lang='lat' dir='ltr'><strong><em>existimet</em></strong></span> 
     </span>
     <span class='ocr_line' id='line_1_30' title="bbox 468 2651 1594 2716; baseline 0.005 -18"><span class='ocrx_word' id='word_1_141' title='bbox 468 2659 475 2667; x_wconf 86' lang='lat'><strong>·</strong></span> <span class='ocrx_word' id='word_1_142' title='bbox 537 2651 689 2700; x_wconf 89' lang='lat' dir='ltr'><strong><em>alteri</em></strong></span> <span class='ocrx_word' id='word_1_143' title='bbox 724 2651 872 2700; x_wconf 87' lang='lat' dir='ltr'><strong><em>rivali</em></strong></span> <span class='ocrx_word' id='word_1_144' title='bbox 910 2652 1145 2716; x_wconf 88' lang='lat' dir='ltr'><strong><em>injuriam</em></strong></span> <span class='ocrx_word' id='word_1_145' title='bbox 1178 2652 1293 2702; x_wconf 84' lang='lat' dir='ltr'><strong><em>fieri</em></strong></span> <span class='ocrx_word' id='word_1_146' title='bbox 1316 2653 1594 2704; x_wconf 65' lang='lat' dir='ltr'><strong><em>Phaedriae.</em></strong></span> 
     </span>
    </p>
   </div>
   <div class='ocr_carea' id='block_1_5' title="bbox 430 2726 1597 2794">
    <p class='ocr_par' dir='ltr' id='par_1_13' title="bbox 430 2726 1597 2794">
     <span class='ocr_line' id='line_1_31' title="bbox 430 2726 1597 2794; baseline 0.006 -20"><span class='ocrx_word' id='word_1_147' title='bbox 430 2780 434 2784; x_wconf 55' lang='grc'><strong>,</strong></span> <span class='ocrx_word' id='word_1_148' title='bbox 538 2728 606 2775; x_wconf 84' lang='lat' dir='ltr'><strong><em>Et</em></strong></span> <span class='ocrx_word' id='word_1_149' title='bbox 629 2726 780 2776; x_wconf 90' lang='lat' dir='ltr'><strong><em>simul</em></strong></span> <span class='ocrx_word' id='word_1_150' title='bbox 803 2732 887 2776; x_wconf 90' lang='lat' dir='ltr'><strong><em>est</em></strong></span> <span class='ocrx_word' id='word_1_151' title='bbox 905 2727 989 2777; x_wconf 88' lang='lat' dir='ltr'><strong><em>hic</em></strong></span> <span class='ocrx_word' id='word_1_152' title='bbox 1006 2728 1365 2793; x_wconf 76' lang='grc' dir='ltr'><strong>προπαρασκευὴ</strong></span> <span class='ocrx_word' id='word_1_153' title='bbox 1386 2730 1597 2794; x_wconf 82' lang='lat' dir='ltr'><strong><em>virginis</em></strong></span> 
     </span>
    </p>
   </div>
   <div class='ocr_carea' id='block_1_6' title="bbox 535 2801 1603 4303">
    <p class='ocr_par' dir='ltr' id='par_1_14' title="bbox 537 2801 1078 2863">
     <span class='ocr_line' id='line_1_32' title="bbox 537 2801 1078 2863; baseline 0.011 -15"><span class='ocrx_word' id='word_1_154' title='bbox 537 2801 895 2863; x_wconf 76' lang='lat' dir='ltr'><strong><em>agnoscendae.</em></strong></span> <span class='ocrx_word' id='word_1_155' title='bbox 928 2803 1078 2854; x_wconf 82' lang='lat' dir='ltr'><strong><em>Idem.</em></strong></span> 
     </span>
    </p>

    <p class='ocr_par' dir='ltr' id='par_1_15' title="bbox 535 2878 1596 3324">
     <span class='ocr_line' id='line_1_33' title="bbox 604 2878 1595 2948; baseline 0.01 -24"><span class='ocrx_word' id='word_1_156' title='bbox 604 2880 636 2924; x_wconf 90' lang='lat'>8</span> <span class='ocrx_word' id='word_1_157' title='bbox 676 2878 861 2928; x_wconf 78' lang='lat' dir='ltr'><strong><em>Invitat</em></strong></span> <span class='ocrx_word' id='word_1_158' title='bbox 901 2880 1082 2945; x_wconf 64' lang='lat' dir='ltr'><strong><em>tristis]</em></strong></span> <span class='ocrx_word' id='word_1_159' title='bbox 1145 2881 1339 2945; x_wconf 80' lang='lat' dir='ltr'><strong><em>Tristis,</em></strong></span> <span class='ocrx_word' id='word_1_160' title='bbox 1380 2884 1595 2948; x_wconf 84' lang='lat' dir='ltr'><strong><em>invitus,</em></strong></span> 
     </span>
     <span class='ocr_line' id='line_1_34' title="bbox 537 2955 1597 3012; baseline 0.009 -9"><span class='ocrx_word' id='word_1_161' title='bbox 537 2969 641 3004; x_wconf 89' lang='lat' dir='ltr'><strong><em>non</em></strong></span> <span class='ocrx_word' id='word_1_162' title='bbox 681 2955 923 3008; x_wconf 84' lang='lat' dir='ltr'><strong><em>libenter.</em></strong></span> <span class='ocrx_word' id='word_1_163' title='bbox 992 2959 1067 3008; x_wconf 90' lang='lat' dir='ltr'><strong><em>Ut</em></strong></span> <span class='ocrx_word' id='word_1_164' title='bbox 1106 2974 1136 3010; x_wconf 90' lang='lat' dir='ltr'><strong><em>e</em></strong></span> <span class='ocrx_word' id='word_1_165' title='bbox 1176 2962 1436 3011; x_wconf 89' lang='lat' dir='ltr'><strong><em>contrario</em></strong></span> <span class='ocrx_word' id='word_1_166' title='bbox 1474 2964 1597 3012; x_wconf 90' lang='lat' dir='ltr'><strong><em>Vir-</em></strong></span> 
     </span>
     <span class='ocr_line' id='line_1_35' title="bbox 535 3032 1596 3101; baseline 0.008 -21"><span class='ocrx_word' id='word_1_167' title='bbox 535 3032 757 3096; x_wconf 82' lang='lat' dir='ltr'><strong><em>gilius,‘</em></strong></span> <span class='ocrx_word' id='word_1_168' title='bbox 790 3035 955 3085; x_wconf 81' lang='lat' dir='ltr'><strong><em>Vobis</em></strong></span> <span class='ocrx_word' id='word_1_169' title='bbox 988 3036 1143 3087; x_wconf 84' lang='lat' dir='ltr'><strong><em>laetus</em></strong></span> <span class='ocrx_word' id='word_1_170' title='bbox 1178 3053 1273 3101; x_wconf 81' lang='lat' dir='ltr'><strong><em>ego</em></strong></span> <span class='ocrx_word' id='word_1_171' title='bbox 1309 3040 1447 3088; x_wconf 83' lang='lat' dir='ltr'><strong><em>bunc</em></strong></span> <span class='ocrx_word' id='word_1_172' title='bbox 1475 3054 1596 3089; x_wconf 87' lang='lat' dir='ltr'><strong><em>can·</em></strong></span> 
     </span>
     <span class='ocr_line' id='line_1_36' title="bbox 536 3109 1595 3166; baseline 0.008 -8"><span class='ocrx_word' id='word_1_173' title='bbox 536 3109 747 3160; x_wconf 81' lang='lat' dir='ltr'><strong><em>dentem</em></strong></span> <span class='ocrx_word' id='word_1_174' title='bbox 768 3112 823 3161; x_wconf 88' lang='lat' dir='ltr'><strong><em>in</em></strong></span> <span class='ocrx_word' id='word_1_175' title='bbox 845 3112 1022 3162; x_wconf 85' lang='lat' dir='ltr'><strong><em>littore</em></strong></span> <span class='ocrx_word' id='word_1_176' title='bbox 1045 3119 1248 3164; x_wconf 84' lang='lat' dir='ltr'><strong><em>taurum</em></strong></span> <span class='ocrx_word' id='word_1_177' title='bbox 1268 3115 1595 3166; x_wconf 80' lang='lat' dir='ltr'><strong><em>constituam</em></strong></span> 
     </span>
     <span class='ocr_line' id='line_1_37' title="bbox 537 3189 1596 3257; baseline 0.008 -23"><span class='ocrx_word' id='word_1_178' title='bbox 537 3192 660 3234; x_wconf 86' lang='lat' dir='ltr'><strong><em>ante</em></strong></span> <span class='ocrx_word' id='word_1_179' title='bbox 690 3201 825 3250; x_wconf 86' lang='lat' dir='ltr'><strong><em>aras,</em></strong></span> <span class='ocrx_word' id='word_1_180' title='bbox 846 3189 954 3238; x_wconf 85' lang='lat' dir='ltr'><strong><em>voti</em></strong></span> <span class='ocrx_word' id='word_1_181' title='bbox 987 3189 1143 3240; x_wconf 64' lang='lat' dir='ltr'><strong><em>reus!</em></strong></span> <span class='ocrx_word' id='word_1_182' title='bbox 1209 3192 1297 3253; x_wconf 90' lang='lat' dir='ltr'><strong><em>Et,</em></strong></span> <span class='ocrx_word' id='word_1_183' title='bbox 1336 3193 1353 3220; x_wconf 88' lang='lat'>‘</span> <span class='ocrx_word' id='word_1_184' title='bbox 1375 3191 1596 3257; x_wconf 85' lang='lat' dir='ltr'><strong><em>Accipio</em></strong></span> 
     </span>
     <span class='ocr_line' id='line_1_38' title="bbox 537 3262 1335 3324; baseline 0.009 -15"><span class='ocrx_word' id='word_1_185' title='bbox 537 3262 741 3324; x_wconf 87' lang='lat' dir='ltr'><strong><em>tristis,&#39;</em></strong></span> <span class='ocrx_word' id='word_1_186' title='bbox 770 3264 951 3312; x_wconf 87' lang='lat' dir='ltr'><strong><em>eodem</em></strong></span> <span class='ocrx_word' id='word_1_187' title='bbox 974 3264 1149 3314; x_wconf 91' lang='lat' dir='ltr'><strong><em>modo.</em></strong></span> <span class='ocrx_word' id='word_1_188' title='bbox 1185 3266 1335 3316; x_wconf 86' lang='lat' dir='ltr'><strong><em>Idem.</em></strong></span> 
     </span>
    </p>

    <p class='ocr_par' dir='ltr' id='par_1_16' title="bbox 539 3339 1600 3841">
     <span class='ocr_line' id='line_1_39' title="bbox 603 3339 1598 3404; baseline 0.007 -17"><span class='ocrx_word' id='word_1_189' title='bbox 603 3339 793 3389; x_wconf 87' lang='lat' dir='ltr'><strong><em>Mansit</em></strong></span> <span class='ocrx_word' id='word_1_190' title='bbox 812 3340 908 3404; x_wconf 82' lang='lat' dir='ltr'><strong><em>ibi]</em></strong></span> <span class='ocrx_word' id='word_1_191' title='bbox 919 3340 1240 3392; x_wconf 86' lang='lat' dir='ltr'><strong><em>Adolescens</em></strong></span> <span class='ocrx_word' id='word_1_192' title='bbox 1258 3344 1478 3392; x_wconf 88' lang='lat' dir='ltr'><strong><em>scilicet.</em></strong></span> <span class='ocrx_word' id='word_1_193' title='bbox 1528 3345 1598 3394; x_wconf 87' lang='lat' dir='ltr'><strong><em>Et</em></strong></span> 
     </span>
     <span class='ocr_line' id='line_1_40' title="bbox 539 3415 1598 3482; baseline 0.008 -19"><span class='ocrx_word' id='word_1_194' title='bbox 539 3415 732 3463; x_wconf 82' lang='lat' dir='ltr'><strong><em>Mansit</em></strong></span> <span class='ocrx_word' id='word_1_195' title='bbox 767 3429 860 3478; x_wconf 88' lang='lat' dir='ltr'><strong><em>pro</em></strong></span> <span class='ocrx_word' id='word_1_196' title='bbox 883 3424 1165 3466; x_wconf 81' lang='lat' dir='ltr'><strong><em>remoratus</em></strong></span> <span class='ocrx_word' id='word_1_197' title='bbox 1191 3427 1287 3469; x_wconf 87' lang='lat' dir='ltr'><strong><em>est.</em></strong></span> <span class='ocrx_word' id='word_1_198' title='bbox 1310 3419 1363 3468; x_wconf 89' lang='lat' dir='ltr'><strong><em>id</em></strong></span> <span class='ocrx_word' id='word_1_199' title='bbox 1387 3428 1487 3482; x_wconf 82' lang='lat' dir='ltr'><strong><em>est,</em></strong></span> <span class='ocrx_word' id='word_1_200' title='bbox 1513 3436 1598 3470; x_wconf 85' lang='lat' dir='ltr'><strong><em>ac-</em></strong></span> 
     </span>
     <span class='ocr_line' id='line_1_41' title="bbox 540 3487 1600 3558; baseline 0.007 -20"><span class='ocrx_word' id='word_1_201' title='bbox 540 3487 744 3550; x_wconf 85' lang='lat' dir='ltr'><strong><em>cubuit,</em></strong></span> <span class='ocrx_word' id='word_1_202' title='bbox 765 3503 860 3539; x_wconf 90' lang='lat' dir='ltr'><strong><em>nec</em></strong></span> <span class='ocrx_word' id='word_1_203' title='bbox 879 3491 1113 3549; x_wconf 81' lang='lat' dir='ltr'><strong><em>recessit,</em></strong></span> <span class='ocrx_word' id='word_1_204' title='bbox 1132 3494 1305 3542; x_wconf 85' lang='lat' dir='ltr'><strong><em>mansit</em></strong></span> <span class='ocrx_word' id='word_1_205' title='bbox 1321 3495 1600 3558; x_wconf 84' lang='lat' dir='ltr'><strong><em>significat.</em></strong></span> 
     </span>
     <span class='ocr_line' id='line_1_42' title="bbox 540 3564 1599 3629; baseline 0.007 -16"><span class='ocrx_word' id='word_1_206' title='bbox 540 3564 723 3613; x_wconf 88' lang='lat' dir='ltr'><strong><em>Simile</em></strong></span> <span class='ocrx_word' id='word_1_207' title='bbox 760 3571 859 3626; x_wconf 91' lang='lat' dir='ltr'><strong><em>est,</em></strong></span> <span class='ocrx_word' id='word_1_208' title='bbox 893 3565 1101 3626; x_wconf 82' lang='lat' dir='ltr'><strong><em>Mansit,</em></strong></span> <span class='ocrx_word' id='word_1_209' title='bbox 1135 3581 1317 3629; x_wconf 88' lang='lat' dir='ltr'><strong><em>passus</em></strong></span> <span class='ocrx_word' id='word_1_210' title='bbox 1349 3577 1445 3619; x_wconf 89' lang='lat' dir='ltr'><strong><em>est.</em></strong></span> <span class='ocrx_word' id='word_1_211' title='bbox 1510 3571 1599 3620; x_wconf 86' lang='lat' dir='ltr'><strong><em>Sic</em></strong></span> 
     </span>
     <span class='ocr_line' id='line_1_43' title="bbox 550 3639 1600 3706; baseline 0.009 -19"><span class='ocrx_word' id='word_1_212' title='bbox 550 3639 774 3688; x_wconf 69' lang='lat' dir='ltr'><strong><em>Chremes</em></strong></span> <span class='ocrx_word' id='word_1_213' title='bbox 794 3642 986 3700; x_wconf 81' lang='lat' dir='ltr'><strong><em>mansit,</em></strong></span> <span class='ocrx_word' id='word_1_214' title='bbox 1023 3641 1322 3693; x_wconf 79' lang='lat' dir='ltr'><strong><em>immoratus</em></strong></span> <span class='ocrx_word' id='word_1_215' title='bbox 1354 3652 1455 3706; x_wconf 91' lang='lat' dir='ltr'><strong><em>est,</em></strong></span> <span class='ocrx_word' id='word_1_216' title='bbox 1476 3661 1600 3696; x_wconf 88' lang='lat' dir='ltr'><strong><em>con·</em></strong></span> 
     </span>
     <span class='ocr_line' id='line_1_44' title="bbox 541 3714 1599 3785; baseline 0.009 -23"><span class='ocrx_word' id='word_1_217' title='bbox 541 3715 658 3762; x_wconf 85' lang='lat' dir='ltr'><strong><em>viva</em></strong></span> <span class='ocrx_word' id='word_1_218' title='bbox 691 3714 1004 3765; x_wconf 81' lang='lat' dir='ltr'><strong><em>necessitate</em></strong></span> <span class='ocrx_word' id='word_1_219' title='bbox 1040 3714 1301 3781; x_wconf 87' lang='lat' dir='ltr'><strong><em>discessit,</em></strong></span> <span class='ocrx_word' id='word_1_220' title='bbox 1340 3720 1599 3785; x_wconf 87' lang='lat' dir='ltr'><strong><em>accipien-</em></strong></span> 
     </span>
     <span class='ocr_line' id='line_1_45' title="bbox 545 3789 941 3841; baseline 0.008 -3"><span class='ocrx_word' id='word_1_221' title='bbox 545 3789 641 3838; x_wconf 90' lang='lat' dir='ltr'><strong><em>dus</em></strong></span> <span class='ocrx_word' id='word_1_222' title='bbox 663 3798 760 3838; x_wconf 86' lang='lat' dir='ltr'><strong><em>est.</em></strong></span> <span class='ocrx_word' id='word_1_223' title='bbox 791 3791 941 3841; x_wconf 83' lang='lat' dir='ltr'><strong><em>Idem.</em></strong></span> 
     </span>
    </p>

    <p class='ocr_par' dir='ltr' id='par_1_17' title="bbox 538 3865 1599 4007">
     <span class='ocr_line' id='line_1_46' title="bbox 604 3865 1599 3935; baseline 0.009 -22"><span class='ocrx_word' id='word_1_224' title='bbox 604 3865 875 3914; x_wconf 84' lang='lat' dir='ltr'><strong><em>Sermonem</em></strong></span> <span class='ocrx_word' id='word_1_225' title='bbox 907 3866 1104 3931; x_wconf 80' lang='lat' dir='ltr'><strong><em>occipit]</em></strong></span> <span class='ocrx_word' id='word_1_226' title='bbox 1139 3868 1426 3935; x_wconf 83' lang='lat' dir='ltr'><strong><em>Sermonem,</em></strong></span> <span class='ocrx_word' id='word_1_227' title='bbox 1445 3872 1599 3922; x_wconf 88' lang='lat' dir='ltr'><strong><em>collo-</em></strong></span> 
     </span>
     <span class='ocr_line' id='line_1_47' title="bbox 538 3942 1070 4007; baseline 0.002 -17"><span class='ocrx_word' id='word_1_228' title='bbox 538 3942 712 4007; x_wconf 85' lang='lat' dir='ltr'><strong><em>quium</em></strong></span> <span class='ocrx_word' id='word_1_229' title='bbox 736 3942 885 3993; x_wconf 92' lang='lat' dir='ltr'><strong><em>dicit.</em></strong></span> <span class='ocrx_word' id='word_1_230' title='bbox 918 3942 1070 3992; x_wconf 86' lang='lat' dir='ltr'><strong><em>Idem.</em></strong></span> 
     </span>
    </p>

    <p class='ocr_par' dir='ltr' id='par_1_18' title="bbox 539 4019 1603 4303">
     <span class='ocr_line' id='line_1_48' title="bbox 602 4019 1603 4084; baseline 0.009 -18"><span class='ocrx_word' id='word_1_231' title='bbox 602 4023 636 4066; x_wconf 82' lang='lat'><em>9</em></span> <span class='ocrx_word' id='word_1_232' title='bbox 679 4019 953 4067; x_wconf 73' lang='lat' dir='ltr'><strong><em>Adductum</em></strong></span> <span class='ocrx_word' id='word_1_233' title='bbox 991 4020 1236 4084; x_wconf 75' lang='lat' dir='ltr'><strong><em>emulum]</em></strong></span> <span class='ocrx_word' id='word_1_234' title='bbox 1280 4023 1409 4073; x_wconf 89' lang='lat' dir='ltr'><strong><em>Plus</em></strong></span> <span class='ocrx_word' id='word_1_235' title='bbox 1447 4024 1603 4075; x_wconf 82' lang='lat' dir='ltr'><strong><em>&#39;dixit</em></strong></span> 
     </span>
     <span class='ocr_line' id='line_1_49' title="bbox 539 4093 1595 4158; baseline 0.009 -17"><span class='ocrx_word' id='word_1_236' title='bbox 539 4093 828 4156; x_wconf 75' lang='lat' dir='ltr'><strong><em>Adductum,</em></strong></span> <span class='ocrx_word' id='word_1_237' title='bbox 850 4109 1003 4158; x_wconf 90' lang='lat' dir='ltr'><strong><em>quam</em></strong></span> <span class='ocrx_word' id='word_1_238' title='bbox 1022 4096 1300 4147; x_wconf 79' lang='lat' dir='ltr'><strong><em>Admissum</em></strong></span> <span class='ocrx_word' id='word_1_239' title='bbox 1316 4116 1332 4147; x_wconf 87' lang='lat'><strong><em>.-</em></strong></span> <span class='ocrx_word' id='word_1_240' title='bbox 1366 4107 1422 4151; x_wconf 93' lang='lat' dir='ltr'><strong><em>et</em></strong></span> <span class='ocrx_word' id='word_1_241' title='bbox 1444 4101 1595 4151; x_wconf 88' lang='lat' dir='ltr'><strong><em>simul</em></strong></span> 
     </span>
     <span class='ocr_line' id='line_1_50' title="bbox 541 4169 1595 4239; baseline 0.01 -24"><span class='ocrx_word' id='word_1_242' title='bbox 541 4169 664 4233; x_wconf 89' lang='lat' dir='ltr'><strong><em>quia</em></strong></span> <span class='ocrx_word' id='word_1_243' title='bbox 696 4169 907 4218; x_wconf 88' lang='lat' dir='ltr'><strong><em>videbat</em></strong></span> <span class='ocrx_word' id='word_1_244' title='bbox 941 4170 1271 4222; x_wconf 89' lang='lat' dir='ltr'><strong><em>furibundum</em></strong></span> <span class='ocrx_word' id='word_1_245' title='bbox 1300 4174 1595 4239; x_wconf 84' lang='lat' dir='ltr'><strong><em>Chremem,</em></strong></span> 
     </span>
     <span class='ocr_line' id='line_1_51' title="bbox 539 4246 1595 4303; baseline 0.008 -8"><span class='ocrx_word' id='word_1_246' title='bbox 539 4255 593 4295; x_wconf 83' lang='lat' dir='ltr'><strong><em>et</em></strong></span> <span class='ocrx_word' id='word_1_247' title='bbox 617 4252 779 4296; x_wconf 87' lang='lat' dir='ltr'><strong><em>totum</em></strong></span> <span class='ocrx_word' id='word_1_248' title='bbox 800 4246 995 4298; x_wconf 85' lang='lat' dir='ltr'><strong><em>crimen</em></strong></span> <span class='ocrx_word' id='word_1_249' title='bbox 1016 4257 1227 4300; x_wconf 81' lang='lat' dir='ltr'><strong><em>revocat</em></strong></span> <span class='ocrx_word' id='word_1_250' title='bbox 1243 4249 1309 4299; x_wconf 83' lang='lat' dir='ltr'><strong><em>ad</em></strong></span> <span class='ocrx_word' id='word_1_251' title='bbox 1326 4251 1595 4303; x_wconf 77' lang='lat' dir='ltr'><strong><em>Thaidem.</em></strong></span> 
     </span>
    </p>
   </div>
   <div class='ocr_carea' id='block_1_7' title="bbox 1232 362 2023 422">
    <p class='ocr_par' dir='ltr' id='par_1_19' title="bbox 1232 362 2023 422">
     <span class='ocr_line' id='line_1_52' title="bbox 1232 362 2023 422; baseline 0.003 -11"><span class='ocrx_word' id='word_1_252' title='bbox 1232 364 1449 413; x_wconf 74' lang='lat' dir='ltr'><strong><em>NoTAE</em></strong></span> <span class='ocrx_word' id='word_1_253' title='bbox 1497 362 1893 422; x_wconf 74' lang='lat' dir='ltr'><strong><em>vAmoRUM</em></strong></span> <span class='ocrx_word' id='word_1_254' title='bbox 1943 364 2023 413; x_wconf 74' lang='lat' dir='ltr'><strong><em>IN</em></strong></span> 
     </span>
    </p>
   </div>
   <div class='ocr_carea' id='block_1_8' title="bbox 1666 504 2751 4325">
    <p class='ocr_par' dir='ltr' id='par_1_20' title="bbox 1666 504 2716 712">
     <span class='ocr_line' id='line_1_53' title="bbox 1666 504 2713 570; baseline -0.005 -13"><span class='ocrx_word' id='word_1_255' title='bbox 1666 509 1736 558; x_wconf 86' lang='lat' dir='ltr'><strong><em>Et</em></strong></span> <span class='ocrx_word' id='word_1_256' title='bbox 1757 505 1869 557; x_wconf 81' lang='lat' dir='ltr'><strong><em>haec</em></strong></span> <span class='ocrx_word' id='word_1_257' title='bbox 1892 516 1971 557; x_wconf 86' lang='lat' dir='ltr'><strong><em>est</em></strong></span> <span class='ocrx_word' id='word_1_258' title='bbox 1994 522 2164 568; x_wconf 87' lang='lat' dir='ltr'><strong><em>causa,</em></strong></span> <span class='ocrx_word' id='word_1_259' title='bbox 2189 520 2282 556; x_wconf 87' lang='lat' dir='ltr'><strong><em>cur</em></strong></span> <span class='ocrx_word' id='word_1_260' title='bbox 2305 520 2335 555; x_wconf 89' lang='lat' dir='ltr'><strong><em>a</em></strong></span> <span class='ocrx_word' id='word_1_261' title='bbox 2358 505 2525 555; x_wconf 82' lang='lat' dir='ltr'><strong><em>Milite</em></strong></span> <span class='ocrx_word' id='word_1_262' title='bbox 2540 504 2597 556; x_wconf 83' lang='lat' dir='ltr'><strong><em>in</em></strong></span> <span class='ocrx_word' id='word_1_263' title='bbox 2609 505 2713 570; x_wconf 87' lang='lat' dir='ltr'><strong><em>ejus</em></strong></span> 
     </span>
     <span class='ocr_line' id='line_1_54' title="bbox 1667 582 2716 647; baseline -0.001 -15"><span class='ocrx_word' id='word_1_264' title='bbox 1667 584 1820 633; x_wconf 90' lang='lat' dir='ltr'><strong><em>domo</em></strong></span> <span class='ocrx_word' id='word_1_265' title='bbox 1859 585 2054 634; x_wconf 85' lang='lat' dir='ltr'><strong><em>nullam</em></strong></span> <span class='ocrx_word' id='word_1_266' title='bbox 2076 584 2254 641; x_wconf 73' lang='lat' dir='ltr'><strong><em>rixam</em></strong></span> <span class='ocrx_word' id='word_1_267' title='bbox 2284 584 2530 647; x_wconf 78' lang='lat' dir='ltr'><strong><em>&#39;patiatur</em></strong></span> <span class='ocrx_word' id='word_1_268' title='bbox 2564 582 2716 632; x_wconf 81' lang='lat' dir='ltr'><strong><em>Chre-</em></strong></span> 
     </span>
     <span class='ocr_line' id='line_1_55' title="bbox 1667 662 1965 712; baseline 0.01 -3"><span class='ocrx_word' id='word_1_269' title='bbox 1667 675 1790 711; x_wconf 88' lang='lat' dir='ltr'><strong><em>mes.</em></strong></span> <span class='ocrx_word' id='word_1_270' title='bbox 1817 662 1965 712; x_wconf 86' lang='lat' dir='ltr'><strong><em>Idem.</em></strong></span> 
     </span>
    </p>

    <p class='ocr_par' dir='ltr' id='par_1_21' title="bbox 1668 734 2719 864">
     <span class='ocr_line' id='line_1_56' title="bbox 1734 734 2719 799; baseline -0.005 -13"><span class='ocrx_word' id='word_1_271' title='bbox 1734 741 1797 786; x_wconf 91' lang='grc'><strong><em>10</em></strong></span> <span class='ocrx_word' id='word_1_272' title='bbox 1829 737 1963 786; x_wconf 83' lang='lat' dir='ltr'><strong><em>Huic</em></strong></span> <span class='ocrx_word' id='word_1_273' title='bbox 1999 735 2151 799; x_wconf 83' lang='lat' dir='ltr'><strong><em>oegre]</em></strong></span> <span class='ocrx_word' id='word_1_274' title='bbox 2193 736 2334 787; x_wconf 87' lang='lat' dir='ltr'><strong><em>Huic</em></strong></span> <span class='ocrx_word' id='word_1_275' title='bbox 2382 734 2586 797; x_wconf 78' lang='lat' dir='ltr'><strong><em>Thaidi,</em></strong></span> <span class='ocrx_word' id='word_1_276' title='bbox 2618 747 2719 782; x_wconf 89' lang='lat' dir='ltr'><strong><em>non</em></strong></span> 
     </span>
     <span class='ocr_line' id='line_1_57' title="bbox 1668 814 2098 864; baseline 0.002 -1"><span class='ocrx_word' id='word_1_277' title='bbox 1668 814 1910 864; x_wconf 86' lang='lat' dir='ltr'><strong><em>adducto.</em></strong></span> <span class='ocrx_word' id='word_1_278' title='bbox 1948 815 2098 864; x_wconf 86' lang='lat' dir='ltr'><strong><em>Idem.</em></strong></span> 
     </span>
    </p>

    <p class='ocr_par' dir='ltr' id='par_1_22' title="bbox 1668 885 2726 1031">
     <span class='ocr_line' id='line_1_58' title="bbox 1732 885 2726 955; baseline -0.008 -14"><span class='ocrx_word' id='word_1_279' title='bbox 1732 891 1889 954; x_wconf 85' lang='lat' dir='ltr'><strong><em>Heus,</em></strong></span> <span class='ocrx_word' id='word_1_280' title='bbox 1909 891 2084 955; x_wconf 83' lang='lat' dir='ltr'><strong><em>inquit,</em></strong></span> <span class='ocrx_word' id='word_1_281' title='bbox 2114 889 2253 955; x_wconf 81' lang='lat' dir='ltr'><strong><em>puer]</em></strong></span> <span class='ocrx_word' id='word_1_282' title='bbox 2277 888 2384 938; x_wconf 89' lang='lat' dir='ltr'><strong><em>Hic</em></strong></span> <span class='ocrx_word' id='word_1_283' title='bbox 2415 885 2726 949; x_wconf 83' lang='lat' dir='ltr'><strong><em>ostenditur,</em></strong></span> 
     </span>
     <span class='ocr_line' id='line_1_59' title="bbox 1668 964 2623 1031; baseline -0.006 -15"><span class='ocrx_word' id='word_1_284' title='bbox 1668 967 1805 1031; x_wconf 87' lang='lat' dir='ltr'><strong><em>quod</em></strong></span> <span class='ocrx_word' id='word_1_285' title='bbox 1830 982 1987 1031; x_wconf 90' lang='lat' dir='ltr'><strong><em>supra</em></strong></span> <span class='ocrx_word' id='word_1_286' title='bbox 2004 974 2309 1031; x_wconf 87' lang='lat' dir='ltr'><strong><em>apparatum</em></strong></span> <span class='ocrx_word' id='word_1_287' title='bbox 2332 974 2433 1015; x_wconf 89' lang='lat' dir='ltr'><strong><em>est.</em></strong></span> <span class='ocrx_word' id='word_1_288' title='bbox 2469 964 2623 1012; x_wconf 87' lang='lat' dir='ltr'><strong><em>Idem.</em></strong></span> 
     </span>
    </p>

    <p class='ocr_par' dir='ltr' id='par_1_23' title="bbox 1669 1042 2728 1252">
     <span class='ocr_line' id='line_1_60' title="bbox 1734 1042 2726 1107; baseline -0.003 -17"><span class='ocrx_word' id='word_1_289' title='bbox 1734 1043 2036 1107; x_wconf 76' lang='lat' dir='ltr'><strong><em>Pamphilam</em></strong></span> <span class='ocrx_word' id='word_1_290' title='bbox 2075 1042 2279 1105; x_wconf 82' lang='lat' dir='ltr'><strong><em>accerse]</em></strong></span> <span class='ocrx_word' id='word_1_291' title='bbox 2334 1043 2456 1092; x_wconf 87' lang='lat' dir='ltr'><strong><em>Non</em></strong></span> <span class='ocrx_word' id='word_1_292' title='bbox 2507 1054 2726 1103; x_wconf 80' lang='lat' dir='ltr'><strong><em>provoca,</em></strong></span> 
     </span>
     <span class='ocr_line' id='line_1_61' title="bbox 1669 1118 2728 1184; baseline -0.003 -16"><span class='ocrx_word' id='word_1_293' title='bbox 1669 1118 1763 1168; x_wconf 88' lang='lat' dir='ltr'><strong><em>sed</em></strong></span> <span class='ocrx_word' id='word_1_294' title='bbox 1781 1133 1992 1170; x_wconf 82' lang='lat' dir='ltr'><strong><em>accerse:</em></strong></span> <span class='ocrx_word' id='word_1_295' title='bbox 2025 1120 2146 1184; x_wconf 88' lang='lat' dir='ltr'><strong><em>quia</em></strong></span> <span class='ocrx_word' id='word_1_296' title='bbox 2167 1134 2269 1169; x_wconf 90' lang='lat' dir='ltr'><strong><em>non</em></strong></span> <span class='ocrx_word' id='word_1_297' title='bbox 2295 1126 2375 1169; x_wconf 89' lang='lat' dir='ltr'><strong><em>est</em></strong></span> <span class='ocrx_word' id='word_1_298' title='bbox 2398 1126 2576 1182; x_wconf 86' lang='lat' dir='ltr'><strong><em>aptum</em></strong></span> <span class='ocrx_word' id='word_1_299' title='bbox 2595 1118 2728 1168; x_wconf 89' lang='lat' dir='ltr'><strong><em>mili·</em></strong></span> 
     </span>
     <span class='ocr_line' id='line_1_62' title="bbox 1670 1196 2619 1252; baseline 0.008 -8"><span class='ocrx_word' id='word_1_300' title='bbox 1670 1196 1729 1246; x_wconf 87' lang='lat' dir='ltr'><strong><em>ti.</em></strong></span> <span class='ocrx_word' id='word_1_301' title='bbox 1765 1196 1917 1245; x_wconf 66' lang='lat' dir='ltr'><strong><em>Idem</em></strong></span> <span class='ocrx_word' id='word_1_302' title='bbox 2614 1246 2619 1252; x_wconf 90' lang='lat'><strong><em>.</em></strong></span> 
     </span>
    </p>

    <p class='ocr_par' dir='ltr' id='par_1_24' title="bbox 1667 1269 2728 1643">
     <span class='ocr_line' id='line_1_63' title="bbox 1735 1269 2726 1335; baseline 0.002 -14"><span class='ocrx_word' id='word_1_303' title='bbox 1735 1276 1794 1321; x_wconf 90' lang='lat'><strong><em>11</em></strong></span> <span class='ocrx_word' id='word_1_304' title='bbox 1841 1274 1911 1322; x_wconf 88' lang='lat' dir='ltr'><strong><em>Ut</em></strong></span> <span class='ocrx_word' id='word_1_305' title='bbox 1930 1274 2126 1324; x_wconf 85' lang='lat' dir='ltr'><strong><em>delectet</em></strong></span> <span class='ocrx_word' id='word_1_306' title='bbox 2149 1273 2229 1322; x_wconf 72' lang='lat' dir='ltr'><strong><em>hic</em></strong></span> <span class='ocrx_word' id='word_1_307' title='bbox 2250 1272 2357 1335; x_wconf 85' lang='lat' dir='ltr'><strong><em>nos]</em></strong></span> <span class='ocrx_word' id='word_1_308' title='bbox 2379 1269 2541 1325; x_wconf 84' lang='lat' dir='ltr'><strong><em>Quasi</em></strong></span> <span class='ocrx_word' id='word_1_309' title='bbox 2562 1271 2726 1333; x_wconf 86' lang='lat' dir='ltr'><strong><em>dicat,</em></strong></span> 
     </span>
     <span class='ocr_line' id='line_1_64' title="bbox 1671 1348 2724 1414; baseline -0.001 -17"><span class='ocrx_word' id='word_1_310' title='bbox 1671 1348 1808 1414; x_wconf 85' lang='lat' dir='ltr'><strong><em>quod</em></strong></span> <span class='ocrx_word' id='word_1_311' title='bbox 1831 1350 1944 1399; x_wconf 80' lang='lat' dir='ltr'><strong><em>hoec</em></strong></span> <span class='ocrx_word' id='word_1_312' title='bbox 1970 1364 2070 1399; x_wconf 88' lang='lat' dir='ltr'><strong><em>non</em></strong></span> <span class='ocrx_word' id='word_1_313' title='bbox 2093 1349 2240 1399; x_wconf 82' lang='lat' dir='ltr'><strong><em>facit.</em></strong></span> <span class='ocrx_word' id='word_1_314' title='bbox 2307 1349 2410 1413; x_wconf 73' lang='lat' dir='ltr'><strong><em>Sed</em></strong></span> <span class='ocrx_word' id='word_1_315' title='bbox 2435 1349 2724 1409; x_wconf 82' lang='lat' dir='ltr'><strong><em>delectare,</em></strong></span> 
     </span>
     <span class='ocr_line' id='line_1_65' title="bbox 1667 1424 2725 1491; baseline -0.001 -18"><span class='ocrx_word' id='word_1_316' title='bbox 1667 1424 1891 1484; x_wconf 82' lang='lat' dir='ltr'><strong><em>fidicinae</em></strong></span> <span class='ocrx_word' id='word_1_317' title='bbox 1914 1433 2027 1475; x_wconf 88' lang='lat' dir='ltr'><strong><em>est:</em></strong></span> <span class='ocrx_word' id='word_1_318' title='bbox 2063 1426 2186 1491; x_wconf 88' lang='lat' dir='ltr'><strong><em>quia</em></strong></span> <span class='ocrx_word' id='word_1_319' title='bbox 2223 1441 2380 1489; x_wconf 84' lang='lat' dir='ltr'><strong><em>supra</em></strong></span> <span class='ocrx_word' id='word_1_320' title='bbox 2417 1426 2483 1474; x_wconf 87' lang='lat' dir='ltr'><strong><em>de</em></strong></span> <span class='ocrx_word' id='word_1_321' title='bbox 2506 1426 2594 1474; x_wconf 82' lang='lat' dir='ltr'><strong><em>illa</em></strong></span> <span class='ocrx_word' id='word_1_322' title='bbox 2615 1425 2725 1474; x_wconf 87' lang='lat' dir='ltr'><strong><em>dix-</em></strong></span> 
     </span>
     <span class='ocr_line' id='line_1_66' title="bbox 1670 1501 2728 1563; baseline -0.002 -12"><span class='ocrx_word' id='word_1_323' title='bbox 1670 1509 1800 1563; x_wconf 88' lang='lat' dir='ltr'><strong><em>erat,</em></strong></span> <span class='ocrx_word' id='word_1_324' title='bbox 1826 1503 1843 1529; x_wconf 87' lang='lat'>‘</span> <span class='ocrx_word' id='word_1_325' title='bbox 1861 1503 1931 1551; x_wconf 87' lang='lat' dir='ltr'><strong><em>Et</em></strong></span> <span class='ocrx_word' id='word_1_326' title='bbox 1949 1501 2138 1551; x_wconf 87' lang='lat' dir='ltr'><strong><em>fidibus</em></strong></span> <span class='ocrx_word' id='word_1_327' title='bbox 2163 1502 2314 1552; x_wconf 89' lang='lat' dir='ltr'><strong><em>scire.</em></strong></span> <span class='ocrx_word' id='word_1_328' title='bbox 2316 1501 2332 1523; x_wconf 93' lang='lat'>&#39;</span> <span class='ocrx_word' id='word_1_329' title='bbox 2385 1503 2458 1551; x_wconf 89' lang='lat' dir='ltr'><strong><em>Et</em></strong></span> <span class='ocrx_word' id='word_1_330' title='bbox 2481 1502 2612 1550; x_wconf 87' lang='lat' dir='ltr'><strong><em>bene</em></strong></span> <span class='ocrx_word' id='word_1_331' title='bbox 2631 1501 2728 1562; x_wconf 67' lang='lat' dir='ltr'><strong><em>hic,</em></strong></span> 
     </span>
     <span class='ocr_line' id='line_1_67' title="bbox 1669 1578 2731 1643; baseline -0.002 -16"><span class='ocrx_word' id='word_1_332' title='bbox 1669 1579 1817 1643; x_wconf 89' lang='lat' dir='ltr'><strong><em>quasi</em></strong></span> <span class='ocrx_word' id='word_1_333' title='bbox 1838 1580 2119 1628; x_wconf 83' lang='lat' dir='ltr'><strong><em>insuaviter</em></strong></span> <span class='ocrx_word' id='word_1_334' title='bbox 2142 1593 2280 1628; x_wconf 89' lang='lat' dir='ltr'><strong><em>nunc</em></strong></span> <span class='ocrx_word' id='word_1_335' title='bbox 2311 1578 2731 1628; x_wconf 83' lang='lat' dir='ltr'><strong><em>tractemnr.1d.</em></strong></span> 
     </span>
    </p>

    <p class='ocr_par' dir='ltr' id='par_1_25' title="bbox 1668 1654 2731 1795">
     <span class='ocr_line' id='line_1_68' title="bbox 1732 1654 2731 1744; baseline -0.003 -40"><span class='ocrx_word' id='word_1_336' title='bbox 1732 1655 1827 1704; x_wconf 85' lang='lat' dir='ltr'><strong><em>Illa</em></strong></span> <span class='ocrx_word' id='word_1_337' title='bbox 1870 1655 2125 1717; x_wconf 77' lang='lat' dir='ltr'><strong><em>exclamat]</em></strong></span> <span class='ocrx_word' id='word_1_338' title='bbox 2169 1655 2289 1703; x_wconf 89' lang='lat' dir='ltr'><strong><em>Non</em></strong></span> <span class='ocrx_word' id='word_1_339' title='bbox 2343 1655 2601 1744; x_wconf 77' lang='lat' dir='ltr'><strong><em>respondit,</em></strong></span> <span class='ocrx_word' id='word_1_340' title='bbox 2656 1654 2731 1701; x_wconf 89' lang='lat' dir='ltr'><strong><em>in-</em></strong></span> 
     </span>
     <span class='ocr_line' id='line_1_69' title="bbox 1668 1731 2428 1795; baseline 0 -14"><span class='ocrx_word' id='word_1_341' title='bbox 1668 1731 1811 1795; x_wconf 91' lang='lat' dir='ltr'><strong><em>quit.</em></strong></span> <span class='ocrx_word' id='word_1_342' title='bbox 1850 1732 1943 1781; x_wconf 89' lang='lat' dir='ltr'><strong><em>sed</em></strong></span> <span class='ocrx_word' id='word_1_343' title='bbox 1965 1734 2220 1783; x_wconf 77' lang='lat' dir='ltr'><strong><em>exclamat.</em></strong></span> <span class='ocrx_word' id='word_1_344' title='bbox 2255 1732 2428 1782; x_wconf 86' lang='lat' dir='ltr'><strong><em>Idem.</em></strong></span> 
     </span>
    </p>

    <p class='ocr_par' dir='ltr' id='par_1_26' title="bbox 1668 1809 2733 2012">
     <span class='ocr_line' id='line_1_70' title="bbox 1733 1809 2733 1873; baseline 0 -16"><span class='ocrx_word' id='word_1_345' title='bbox 1733 1810 2187 1872; x_wconf 82' lang='lat' dir='ltr'><strong><em>Minimegentium]</em></strong></span> <span class='ocrx_word' id='word_1_346' title='bbox 2209 1810 2328 1859; x_wconf 87' lang='lat' dir='ltr'><strong><em>Hoc</em></strong></span> <span class='ocrx_word' id='word_1_347' title='bbox 2345 1810 2508 1873; x_wconf 82' lang='lat' dir='ltr'><strong><em>magis</em></strong></span> <span class='ocrx_word' id='word_1_348' title='bbox 2527 1809 2733 1869; x_wconf 86' lang='lat' dir='ltr'><strong><em>mirum,</em></strong></span> 
     </span>
     <span class='ocr_line' id='line_1_71' title="bbox 1669 1886 2732 1950; baseline 0 -17"><span class='ocrx_word' id='word_1_349' title='bbox 1669 1886 1861 1935; x_wconf 86' lang='lat' dir='ltr'><strong><em>minime</em></strong></span> <span class='ocrx_word' id='word_1_350' title='bbox 1876 1887 2126 1950; x_wconf 70' lang='lat' dir='ltr'><strong><em>¹gentium,</em></strong></span> <span class='ocrx_word' id='word_1_351' title='bbox 2157 1901 2309 1950; x_wconf 88' lang='lat' dir='ltr'><strong><em>quam</em></strong></span> <span class='ocrx_word' id='word_1_352' title='bbox 2345 1900 2573 1949; x_wconf 84' lang='lat' dir='ltr'><strong><em>nusquam</em></strong></span> <span class='ocrx_word' id='word_1_353' title='bbox 2611 1899 2732 1947; x_wconf 76' lang='lat' dir='ltr'><strong><em>gen-</em></strong></span> 
     </span>
     <span class='ocr_line' id='line_1_72' title="bbox 1668 1962 2005 2012; baseline 0.009 -3"><span class='ocrx_word' id='word_1_354' title='bbox 1668 1962 1806 2012; x_wconf 84' lang='lat' dir='ltr'><strong><em>tium.</em></strong></span> <span class='ocrx_word' id='word_1_355' title='bbox 1830 1962 2005 2012; x_wconf 87' lang='lat' dir='ltr'><strong><em>·1dem.</em></strong></span> 
     </span>
    </p>

    <p class='ocr_par' dir='ltr' id='par_1_27' title="bbox 1667 2037 2733 2165">
     <span class='ocr_line' id='line_1_73' title="bbox 1734 2037 2733 2101; baseline -0.002 -15"><span class='ocrx_word' id='word_1_356' title='bbox 1734 2042 1796 2088; x_wconf 85' lang='lat'><strong><em>12</em></strong></span> <span class='ocrx_word' id='word_1_357' title='bbox 1832 2040 1893 2087; x_wconf 89' lang='lat' dir='ltr'><strong><em>In</em></strong></span> <span class='ocrx_word' id='word_1_358' title='bbox 1928 2038 2191 2087; x_wconf 75' lang='lat' dir='ltr'><strong><em>convicium</em></strong></span> <span class='ocrx_word' id='word_1_359' title='bbox 2225 2038 2383 2101; x_wconf 82' lang='lat' dir='ltr'><strong><em>illam]</em></strong></span> <span class='ocrx_word' id='word_1_360' title='bbox 2419 2037 2733 2099; x_wconf 72' lang='grc' dir='ltr'>Ἔμφατικὸς.</span> 
     </span>
     <span class='ocr_line' id='line_1_74' title="bbox 1667 2116 2469 2165; baseline -0.001 0"><span class='ocrx_word' id='word_1_361' title='bbox 1667 2121 1728 2165; x_wconf 86' lang='lat' dir='ltr'><strong><em>ut</em></strong></span> <span class='ocrx_word' id='word_1_362' title='bbox 1753 2116 2002 2165; x_wconf 83' lang='lat' dir='ltr'><strong><em>Cantando</em></strong></span> <span class='ocrx_word' id='word_1_363' title='bbox 2026 2120 2077 2165; x_wconf 86' lang='lat' dir='ltr'><strong><em>tu</em></strong></span> <span class='ocrx_word' id='word_1_364' title='bbox 2098 2116 2267 2165; x_wconf 80' lang='lat' dir='ltr'><strong><em>illam?</em></strong></span> <span class='ocrx_word' id='word_1_365' title='bbox 2303 2116 2469 2165; x_wconf 89' lang='lat' dir='ltr'><strong><em>Idem.</em></strong></span> 
     </span>
    </p>

    <p class='ocr_par' dir='ltr' id='par_1_28' title="bbox 1669 2190 2738 2327">
     <span class='ocr_line' id='line_1_75' title="bbox 1734 2190 2738 2255; baseline -0.001 -15"><span class='ocrx_word' id='word_1_366' title='bbox 1734 2192 1899 2255; x_wconf 74' lang='grc' dir='ltr'><strong><em>ΙΠαηι]</em></strong></span> <span class='ocrx_word' id='word_1_367' title='bbox 1931 2192 2114 2249; x_wconf 86' lang='lat' dir='ltr'><strong><em>Deest,</em></strong></span> <span class='ocrx_word' id='word_1_368' title='bbox 2137 2206 2379 2241; x_wconf 83' lang='lat' dir='ltr'><strong><em>accer:sas</em></strong></span> <span class='ocrx_word' id='word_1_369' title='bbox 2419 2199 2477 2241; x_wconf 89' lang='lat' dir='ltr'><strong><em>et</em></strong></span> <span class='ocrx_word' id='word_1_370' title='bbox 2498 2200 2582 2241; x_wconf 89' lang='lat' dir='ltr'><strong><em>est</em></strong></span> <span class='ocrx_word' id='word_1_371' title='bbox 2605 2190 2738 2254; x_wconf 85' lang='lat' dir='ltr'><strong><em>figu-</em></strong></span> 
     </span>
     <span class='ocr_line' id='line_1_76' title="bbox 1669 2268 2260 2327; baseline 0 -10"><span class='ocrx_word' id='word_1_372' title='bbox 1669 2283 1727 2317; x_wconf 86' lang='lat' dir='ltr'><strong><em>ra</em></strong></span> <span class='ocrx_word' id='word_1_373' title='bbox 1743 2268 2076 2327; x_wconf 76' lang='grc' dir='ltr'><strong><em>ἂποσιώπησις.</em></strong></span> <span class='ocrx_word' id='word_1_374' title='bbox 2109 2269 2260 2317; x_wconf 87' lang='lat' dir='ltr'><strong><em>Idem.</em></strong></span> 
     </span>
    </p>

    <p class='ocr_par' dir='ltr' id='par_1_29' title="bbox 1669 2344 2745 3315">
     <span class='ocr_line' id='line_1_77' title="bbox 1739 2344 2739 2407; baseline -0.001 -13"><span class='ocrx_word' id='word_1_375' title='bbox 1739 2344 1858 2394; x_wconf 82' lang='lat' dir='ltr'><strong><em>Tun’</em></strong></span> <span class='ocrx_word' id='word_1_376' title='bbox 1900 2345 1970 2406; x_wconf 88' lang='lat' dir='ltr'><strong><em>in,</em></strong></span> <span class='ocrx_word' id='word_1_377' title='bbox 2012 2345 2115 2407; x_wconf 64' lang='lat' dir='ltr'><strong><em>lfa]</em></strong></span> <span class='ocrx_word' id='word_1_378' title='bbox 2155 2346 2270 2394; x_wconf 86' lang='lat' dir='ltr'><strong><em>Cic.</em></strong></span> <span class='ocrx_word' id='word_1_379' title='bbox 2307 2345 2647 2395; x_wconf 86' lang='lat' dir='ltr'><strong><em>accusatione</em></strong></span> <span class='ocrx_word' id='word_1_380' title='bbox 2682 2345 2739 2394; x_wconf 89' lang='lat' dir='ltr'><strong><em>in</em></strong></span> 
     </span>
     <span class='ocr_line' id='line_1_78' title="bbox 1669 2420 2742 2487; baseline -0.001 -15"><span class='ocrx_word' id='word_1_381' title='bbox 1669 2420 1983 2473; x_wconf 75' lang='lat' dir='ltr'><strong><em>Verremz‘</em></strong></span> <span class='ocrx_word' id='word_1_382' title='bbox 2009 2424 2220 2485; x_wconf 79' lang='lat' dir='ltr'><strong><em>Quaeso,</em></strong></span> <span class='ocrx_word' id='word_1_383' title='bbox 2265 2422 2437 2487; x_wconf 87' lang='lat' dir='ltr'><strong><em>inquit</em></strong></span> <span class='ocrx_word' id='word_1_384' title='bbox 2490 2422 2742 2486; x_wconf 87' lang='lat' dir='ltr'><strong><em>Rubrius,</em></strong></span> 
     </span>
     <span class='ocr_line' id='line_1_79' title="bbox 1669 2498 2738 2560; baseline 0.002 -14"><span class='ocrx_word' id='word_1_385' title='bbox 1669 2498 1997 2560; x_wconf 88' lang='lat' dir='ltr'><strong><em>Philodame,</em></strong></span> <span class='ocrx_word' id='word_1_386' title='bbox 2034 2513 2128 2549; x_wconf 87' lang='lat' dir='ltr'><strong><em>cur</em></strong></span> <span class='ocrx_word' id='word_1_387' title='bbox 2164 2500 2229 2547; x_wconf 88' lang='lat' dir='ltr'><strong><em>ad</em></strong></span> <span class='ocrx_word' id='word_1_388' title='bbox 2268 2512 2360 2547; x_wconf 90' lang='lat' dir='ltr'><strong><em>nos</em></strong></span> <span class='ocrx_word' id='word_1_389' title='bbox 2394 2498 2554 2548; x_wconf 87' lang='lat' dir='ltr'><strong><em>filiam</em></strong></span> <span class='ocrx_word' id='word_1_390' title='bbox 2593 2506 2738 2548; x_wconf 84' lang='lat' dir='ltr'><strong><em>tuam</em></strong></span> 
     </span>
     <span class='ocr_line' id='line_1_80' title="bbox 1671 2575 2741 2645; baseline 0.004 -22"><span class='ocrx_word' id='word_1_391' title='bbox 1671 2589 1774 2624; x_wconf 90' lang='lat' dir='ltr'><strong><em>non</em></strong></span> <span class='ocrx_word' id='word_1_392' title='bbox 1797 2575 1936 2626; x_wconf 89' lang='lat' dir='ltr'><strong><em>intro</em></strong></span> <span class='ocrx_word' id='word_1_393' title='bbox 1971 2575 2144 2626; x_wconf 83' lang='lat' dir='ltr'><strong><em>vocari</em></strong></span> <span class='ocrx_word' id='word_1_394' title='bbox 2177 2576 2513 2645; x_wconf 34' lang='lat' dir='ltr'><strong><em>jubesdtum</em></strong></span> <span class='ocrx_word' id='word_1_395' title='bbox 2536 2577 2626 2627; x_wconf 88' lang='lat' dir='ltr'><strong><em>ille</em></strong></span> <span class='ocrx_word' id='word_1_396' title='bbox 2647 2592 2741 2627; x_wconf 90' lang='lat' dir='ltr'><strong><em>ne·</em></strong></span> 
     </span>
     <span class='ocr_line' id='line_1_81' title="bbox 1671 2652 2743 2716; baseline 0.002 -15"><span class='ocrx_word' id='word_1_397' title='bbox 1671 2652 1817 2716; x_wconf 77' lang='lat' dir='ltr'><strong><em>gavit</em></strong></span> <span class='ocrx_word' id='word_1_398' title='bbox 1860 2652 2015 2702; x_wconf 88' lang='lat' dir='ltr'><strong><em>moris</em></strong></span> <span class='ocrx_word' id='word_1_399' title='bbox 2070 2667 2189 2702; x_wconf 87' lang='lat' dir='ltr'><strong><em>esse</em></strong></span> <span class='ocrx_word' id='word_1_400' title='bbox 2234 2653 2565 2714; x_wconf 82' lang='lat' dir='ltr'><strong><em>Graecorum,</em></strong></span> <span class='ocrx_word' id='word_1_401' title='bbox 2597 2659 2661 2703; x_wconf 89' lang='lat' dir='ltr'><strong><em>ut</em></strong></span> <span class='ocrx_word' id='word_1_402' title='bbox 2689 2655 2743 2703; x_wconf 87' lang='lat' dir='ltr'><strong><em>in</em></strong></span> 
     </span>
     <span class='ocr_line' id='line_1_82' title="bbox 1671 2729 2742 2780; baseline 0.003 -3"><span class='ocrx_word' id='word_1_403' title='bbox 1671 2729 1906 2779; x_wconf 82' lang='lat' dir='ltr'><strong><em>convivio</em></strong></span> <span class='ocrx_word' id='word_1_404' title='bbox 1943 2730 2167 2778; x_wconf 79' lang='lat' dir='ltr'><strong><em>virorum</em></strong></span> <span class='ocrx_word' id='word_1_405' title='bbox 2215 2731 2590 2780; x_wconf 88' lang='lat' dir='ltr'><strong><em>accumberent</em></strong></span> <span class='ocrx_word' id='word_1_406' title='bbox 2627 2746 2742 2780; x_wconf 86' lang='lat' dir='ltr'><strong><em>mu·</em></strong></span> 
     </span>
     <span class='ocr_line' id='line_1_83' title="bbox 1670 2804 2743 2857; baseline 0.004 -4"><span class='ocrx_word' id='word_1_407' title='bbox 1670 2804 1857 2855; x_wconf 86' lang='lat' dir='ltr'><strong><em>lieres.&#39;</em></strong></span> <span class='ocrx_word' id='word_1_408' title='bbox 1881 2806 2149 2855; x_wconf 84' lang='lat' dir='ltr'><strong><em>Demosth.</em></strong></span> <span class='ocrx_word' id='word_1_409' title='bbox 2174 2806 2312 2855; x_wconf 90' lang='lat' dir='ltr'><strong><em>idem</em></strong></span> <span class='ocrx_word' id='word_1_410' title='bbox 2337 2807 2388 2856; x_wconf 91' lang='lat' dir='ltr'><strong><em>in</em></strong></span> <span class='ocrx_word' id='word_1_411' title='bbox 2413 2808 2651 2857; x_wconf 88' lang='lat' dir='ltr'><strong><em>oratione</em></strong></span> <span class='ocrx_word' id='word_1_412' title='bbox 2675 2808 2743 2856; x_wconf 79' lang='lat' dir='ltr'><strong><em>dc</em></strong></span> 
     </span>
     <span class='ocr_line' id='line_1_84' title="bbox 1670 2880 2742 2945; baseline 0.004 -17"><span class='ocrx_word' id='word_1_413' title='bbox 1670 2880 1858 2943; x_wconf 84' lang='lat' dir='ltr'><strong><em>Pyrrhi</em></strong></span> <span class='ocrx_word' id='word_1_414' title='bbox 1896 2881 2164 2945; x_wconf 89' lang='lat' dir='ltr'><strong><em>cujusdam</em></strong></span> <span class='ocrx_word' id='word_1_415' title='bbox 2203 2881 2532 2932; x_wconf 67' lang='lat' dir='ltr'><strong><em>haereditate.</em></strong></span> <span class='ocrx_word' id='word_1_416' title='bbox 2603 2883 2742 2932; x_wconf 82' lang='lat' dir='ltr'><strong><em>Item</em></strong></span> 
     </span>
     <span class='ocr_line' id='line_1_85' title="bbox 1672 2957 2745 3020; baseline 0.003 -15"><span class='ocrx_word' id='word_1_417' title='bbox 1672 2959 1840 3007; x_wconf 90' lang='lat' dir='ltr'><strong><em>Varro</em></strong></span> <span class='ocrx_word' id='word_1_418' title='bbox 1884 2957 2025 3020; x_wconf 85' lang='lat' dir='ltr'><strong><em>apud</em></strong></span> <span class='ocrx_word' id='word_1_419' title='bbox 2068 2958 2313 3020; x_wconf 87' lang='lat' dir='ltr'><strong><em>Nonium,</em></strong></span> <span class='ocrx_word' id='word_1_420' title='bbox 2360 2974 2410 3007; x_wconf 85' lang='lat' dir='ltr'><strong><em>v.</em></strong></span> <span class='ocrx_word' id='word_1_421' title='bbox 2455 2958 2745 3020; x_wconf 85' lang='lat' dir='ltr'><strong><em>Acerbum,</em></strong></span> 
     </span>
     <span class='ocr_line' id='line_1_86' title="bbox 1670 3033 2743 3098; baseline 0.002 -15"><span class='ocrx_word' id='word_1_422' title='bbox 1670 3034 1868 3098; x_wconf 85' lang='lat' dir='ltr'><strong><em>‘Virgo</em></strong></span> <span class='ocrx_word' id='word_1_423' title='bbox 1907 3033 1972 3083; x_wconf 90' lang='lat' dir='ltr'><strong><em>de</em></strong></span> <span class='ocrx_word' id='word_1_424' title='bbox 2009 3034 2246 3083; x_wconf 85' lang='lat' dir='ltr'><strong><em>convivio</em></strong></span> <span class='ocrx_word' id='word_1_425' title='bbox 2284 3034 2563 3084; x_wconf 87' lang='lat' dir='ltr'><strong><em>abdicatur</em></strong></span> <span class='ocrx_word' id='word_1_426' title='bbox 2597 3035 2743 3098; x_wconf 90' lang='lat' dir='ltr'><strong><em>ideo,</em></strong></span> 
     </span>
     <span class='ocr_line' id='line_1_87' title="bbox 1672 3110 2742 3175; baseline 0.002 -16"><span class='ocrx_word' id='word_1_427' title='bbox 1672 3111 1808 3174; x_wconf 89' lang='lat' dir='ltr'><strong><em>quod</em></strong></span> <span class='ocrx_word' id='word_1_428' title='bbox 1830 3110 2049 3172; x_wconf 88' lang='lat' dir='ltr'><strong><em>majores</em></strong></span> <span class='ocrx_word' id='word_1_429' title='bbox 2073 3110 2238 3160; x_wconf 79' lang='lat' dir='ltr'><strong><em>nostrl</em></strong></span> <span class='ocrx_word' id='word_1_430' title='bbox 2272 3111 2484 3175; x_wconf 80' lang='lat' dir='ltr'><strong><em>virginis</em></strong></span> <span class='ocrx_word' id='word_1_431' title='bbox 2527 3112 2742 3161; x_wconf 77' lang='lat' dir='ltr'><strong><em>acerbae</em></strong></span> 
     </span>
     <span class='ocr_line' id='line_1_88' title="bbox 1672 3186 2742 3238; baseline 0.003 -3"><span class='ocrx_word' id='word_1_432' title='bbox 1672 3201 1822 3236; x_wconf 85' lang='lat' dir='ltr'><strong><em>aures</em></strong></span> <span class='ocrx_word' id='word_1_433' title='bbox 1846 3186 2069 3236; x_wconf 83' lang='lat' dir='ltr'><strong><em>Veneris</em></strong></span> <span class='ocrx_word' id='word_1_434' title='bbox 2101 3187 2368 3237; x_wconf 89' lang='lat' dir='ltr'><strong><em>vocabulis</em></strong></span> <span class='ocrx_word' id='word_1_435' title='bbox 2404 3187 2570 3238; x_wconf 88' lang='lat' dir='ltr'><strong><em>imbui</em></strong></span> <span class='ocrx_word' id='word_1_436' title='bbox 2591 3190 2742 3238; x_wconf 86' lang='lat' dir='ltr'><strong><em>nolu-</em></strong></span> 
     </span>
     <span class='ocr_line' id='line_1_89' title="bbox 1673 3264 2181 3315; baseline 0.004 -2"><span class='ocrx_word' id='word_1_437' title='bbox 1673 3264 1860 3315; x_wconf 88' lang='lat' dir='ltr'><strong><em>erunt.&#39;</em></strong></span> <span class='ocrx_word' id='word_1_438' title='bbox 1890 3265 2181 3315; x_wconf 76' lang='lat' dir='ltr'><strong><em>Farnabius.¹</em></strong></span> 
     </span>
    </p>

    <p class='ocr_par' dir='ltr' id='par_1_30' title="bbox 1675 3340 2745 3622">
     <span class='ocr_line' id='line_1_90' title="bbox 1741 3340 2745 3405; baseline 0.002 -14"><span class='ocrx_word' id='word_1_439' title='bbox 1741 3342 1889 3391; x_wconf 83' lang='lat' dir='ltr'><strong><em>Miles</em></strong></span> <span class='ocrx_word' id='word_1_440' title='bbox 1931 3340 2146 3404; x_wconf 84' lang='lat' dir='ltr'><strong><em>tendere]</em></strong></span> <span class='ocrx_word' id='word_1_441' title='bbox 2191 3341 2415 3405; x_wconf 84' lang='lat' dir='ltr'><strong><em>Proprie</em></strong></span> <span class='ocrx_word' id='word_1_442' title='bbox 2461 3342 2602 3392; x_wconf 84' lang='lat' dir='ltr'><strong><em>dixit</em></strong></span> <span class='ocrx_word' id='word_1_443' title='bbox 2639 3349 2745 3393; x_wconf 75' lang='lat' dir='ltr'><strong><em>ten·</em></strong></span> 
     </span>
     <span class='ocr_line' id='line_1_91' title="bbox 1675 3418 2745 3483; baseline 0.002 -15"><span class='ocrx_word' id='word_1_444' title='bbox 1675 3421 1801 3468; x_wconf 85' lang='lat' dir='ltr'><strong><em>derc.</em></strong></span> <span class='ocrx_word' id='word_1_445' title='bbox 1825 3419 1960 3483; x_wconf 90' lang='lat' dir='ltr'><strong><em>quod</em></strong></span> <span class='ocrx_word' id='word_1_446' title='bbox 1991 3418 2250 3481; x_wconf 80' lang='lat' dir='ltr'><strong><em>significat</em></strong></span> <span class='ocrx_word' id='word_1_447' title='bbox 2274 3420 2598 3482; x_wconf 83' lang='lat' dir='ltr'><strong><em>pertinacem</em></strong></span> <span class='ocrx_word' id='word_1_448' title='bbox 2622 3435 2745 3470; x_wconf 89' lang='lat' dir='ltr'><strong><em>con·</em></strong></span> 
     </span>
     <span class='ocr_line' id='line_1_92' title="bbox 1677 3496 2744 3558; baseline 0.002 -13"><span class='ocrx_word' id='word_1_449' title='bbox 1677 3496 1983 3546; x_wconf 85' lang='lat' dir='ltr'><strong><em>tentionem.</em></strong></span> <span class='ocrx_word' id='word_1_450' title='bbox 2049 3496 2314 3558; x_wconf 73' lang='lat' dir='ltr'><strong><em>Virgilius,</em></strong></span> <span class='ocrx_word' id='word_1_451' title='bbox 2340 3497 2357 3523; x_wconf 87' lang='lat'>‘</span> <span class='ocrx_word' id='word_1_452' title='bbox 2377 3497 2549 3546; x_wconf 83' lang='lat' dir='ltr'><strong><em>Vasto</em></strong></span> <span class='ocrx_word' id='word_1_453' title='bbox 2571 3506 2744 3547; x_wconf 59' lang='lat' dir='ltr'><strong><em>certa*</em></strong></span> 
     </span>
     <span class='ocr_line' id='line_1_93' title="bbox 1675 3570 2363 3622; baseline 0.004 -3"><span class='ocrx_word' id='word_1_454' title='bbox 1675 3570 1813 3619; x_wconf 88' lang='lat' dir='ltr'><strong><em>mine</em></strong></span> <span class='ocrx_word' id='word_1_455' title='bbox 1838 3570 2092 3621; x_wconf 86' lang='lat' dir='ltr'><strong><em>tendunt.’</em></strong></span> <span class='ocrx_word' id='word_1_456' title='bbox 2125 3572 2363 3622; x_wconf 82' lang='lat' dir='ltr'><strong><em>Donatus.</em></strong></span> 
     </span>
    </p>

    <p class='ocr_par' dir='ltr' id='par_1_31' title="bbox 1677 3647 2745 3774">
     <span class='ocr_line' id='line_1_94' title="bbox 1741 3647 2745 3712; baseline 0.006 -17"><span class='ocrx_word' id='word_1_457' title='bbox 1741 3647 1862 3696; x_wconf 85' lang='lat' dir='ltr'><strong><em>Inde</em></strong></span> <span class='ocrx_word' id='word_1_458' title='bbox 1895 3649 1957 3697; x_wconf 87' lang='lat' dir='ltr'><strong><em>ad</em></strong></span> <span class='ocrx_word' id='word_1_459' title='bbox 1976 3647 2224 3712; x_wconf 73' lang='lat' dir='ltr'><strong><em>jurgium]</em></strong></span> <span class='ocrx_word' id='word_1_460' title='bbox 2249 3648 2601 3711; x_wconf 76' lang='lat' dir='ltr'><strong><em>subauditur,</em></strong></span> <span class='ocrx_word' id='word_1_461' title='bbox 2632 3665 2745 3701; x_wconf 73' lang='lat' dir='ltr'><strong><em>vcn-</em></strong></span> 
     </span>
     <span class='ocr_line' id='line_1_95' title="bbox 1677 3723 2086 3774; baseline 0.012 -5"><span class='ocrx_word' id='word_1_462' title='bbox 1677 3727 1774 3770; x_wconf 88' lang='lat' dir='ltr'><strong><em>tum</em></strong></span> <span class='ocrx_word' id='word_1_463' title='bbox 1796 3729 1885 3773; x_wconf 88' lang='lat' dir='ltr'><strong><em>est.</em></strong></span> <span class='ocrx_word' id='word_1_464' title='bbox 1920 3723 2086 3774; x_wconf 88' lang='lat' dir='ltr'><strong><em>Idem.</em></strong></span> 
     </span>
    </p>

    <p class='ocr_par' dir='ltr' id='par_1_32' title="bbox 1672 3799 2742 4002">
     <span class='ocr_line' id='line_1_96' title="bbox 1740 3799 2742 3864; baseline 0.004 -17"><span class='ocrx_word' id='word_1_465' title='bbox 1740 3799 1887 3849; x_wconf 84' lang='lat' dir='ltr'><strong><em>Miles</em></strong></span> <span class='ocrx_word' id='word_1_466' title='bbox 1908 3801 2114 3850; x_wconf 82' lang='lat' dir='ltr'><strong><em>tendere.</em></strong></span> <span class='ocrx_word' id='word_1_467' title='bbox 2145 3799 2257 3849; x_wconf 82' lang='lat' dir='ltr'><strong><em>inde</em></strong></span> <span class='ocrx_word' id='word_1_468' title='bbox 2288 3801 2351 3848; x_wconf 88' lang='lat' dir='ltr'><strong><em>ad</em></strong></span> <span class='ocrx_word' id='word_1_469' title='bbox 2371 3801 2631 3864; x_wconf 76' lang='lat' dir='ltr'><strong><em>jurgium]</em></strong></span> <span class='ocrx_word' id='word_1_470' title='bbox 2654 3802 2742 3851; x_wconf 87' lang='lat' dir='ltr'><strong><em>Ita</em></strong></span> 
     </span>
     <span class='ocr_line' id='line_1_97' title="bbox 1675 3876 2740 3940; baseline 0.006 -17"><span class='ocrx_word' id='word_1_471' title='bbox 1675 3876 1910 3925; x_wconf 83' lang='lat' dir='ltr'><strong><em>Donatus</em></strong></span> <span class='ocrx_word' id='word_1_472' title='bbox 1950 3876 2240 3940; x_wconf 84' lang='lat' dir='ltr'><strong><em>distinguit,</em></strong></span> <span class='ocrx_word' id='word_1_473' title='bbox 2275 3883 2332 3926; x_wconf 84' lang='lat' dir='ltr'><strong><em>et</em></strong></span> <span class='ocrx_word' id='word_1_474' title='bbox 2355 3878 2627 3940; x_wconf 82' lang='lat' dir='ltr'><strong><em>explicat·</em></strong></span> <span class='ocrx_word' id='word_1_475' title='bbox 2645 3880 2740 3928; x_wconf 82' lang='lat' dir='ltr'><strong><em>sci·</em></strong></span> 
     </span>
     <span class='ocr_line' id='line_1_98' title="bbox 1672 3951 2459 4011; baseline -0.001 -10"><span class='ocrx_word' id='word_1_476' title='bbox 1672 3951 1804 4011; x_wconf 87' lang='lat' dir='ltr'><strong><em>licet,</em></strong></span> <span class='ocrx_word' id='word_1_477' title='bbox 1833 3957 2025 4001; x_wconf 78' lang='lat' dir='ltr'><strong><em>ventum</em></strong></span> <span class='ocrx_word' id='word_1_478' title='bbox 2045 3956 2135 4003; x_wconf 86' lang='lat' dir='ltr'><strong><em>est.</em></strong></span> <span class='ocrx_word' id='word_1_479' title='bbox 2168 3953 2459 4004; x_wconf 84' lang='lat' dir='ltr'><strong><em>Boeclerus.</em></strong></span> 
     </span>
    </p>

    <p class='ocr_par' dir='ltr' id='par_1_33' title="bbox 1673 3990 2751 4325">
     <span class='ocr_line' id='line_1_99' title="bbox 1688 3990 2751 4081; baseline 0.003 -5"><span class='ocrx_word' id='word_1_480' title='bbox 1688 4044 1691 4047; x_wconf 94' lang='lat'>·</span> <span class='ocrx_word' id='word_1_481' title='bbox 1741 4030 1801 4076; x_wconf 73' lang='lat'><strong><em>13</em></strong></span> <span class='ocrx_word' id='word_1_482' title='bbox 1837 4029 2030 4077; x_wconf 79' lang='lat' dir='ltr'><strong><em>Interea</em></strong></span> <span class='ocrx_word' id='word_1_483' title='bbox 2060 4043 2230 4077; x_wconf 79' lang='lat' dir='ltr'><strong><em>aarum</em></strong></span> <span class='ocrx_word' id='word_1_484' title='bbox 2261 4028 2355 4077; x_wconf 83' lang='lat' dir='ltr'><strong><em>sibi</em></strong></span> <span class='ocrx_word' id='word_1_485' title='bbox 2397 4031 2523 4078; x_wconf 88' lang='lat' dir='ltr'><strong><em>clam</em></strong></span> <span class='ocrx_word' id='word_1_486' title='bbox 2564 3990 2751 4081; x_wconf 70' lang='lat' dir='ltr'><strong><em>mulier</em></strong></span> 
     </span>
     <span class='ocr_line' id='line_1_100' title="bbox 1673 4102 2747 4170; baseline 0.005 -18"><span class='ocrx_word' id='word_1_487' title='bbox 1673 4102 1844 4165; x_wconf 85' lang='lat' dir='ltr'><strong><em>demit]</em></strong></span> <span class='ocrx_word' id='word_1_488' title='bbox 1880 4104 1962 4153; x_wconf 89' lang='lat' dir='ltr'><strong><em>Ne</em></strong></span> <span class='ocrx_word' id='word_1_489' title='bbox 2000 4118 2181 4153; x_wconf 89' lang='lat' dir='ltr'><strong><em>aurum</em></strong></span> <span class='ocrx_word' id='word_1_490' title='bbox 2219 4119 2315 4168; x_wconf 90' lang='lat' dir='ltr'><strong><em>pro</em></strong></span> <span class='ocrx_word' id='word_1_491' title='bbox 2356 4105 2578 4170; x_wconf 79' lang='lat' dir='ltr'><strong><em>virgine,</em></strong></span> <span class='ocrx_word' id='word_1_492' title='bbox 2600 4108 2747 4170; x_wconf 83' lang='lat' dir='ltr'><strong><em>quod</em></strong></span> 
     </span>
     <span class='ocr_line' id='line_1_101' title="bbox 1674 4178 2745 4246; baseline 0.007 -18"><span class='ocrx_word' id='word_1_493' title='bbox 1674 4178 1955 4237; x_wconf 76' lang='lat' dir='ltr'><strong><em>retinebat,</em></strong></span> <span class='ocrx_word' id='word_1_494' title='bbox 1967 4180 2256 4230; x_wconf 77' lang='lat' dir='ltr'><strong><em>amitteret:</em></strong></span> <span class='ocrx_word' id='word_1_495' title='bbox 2280 4183 2366 4231; x_wconf 84' lang='lat' dir='ltr'><strong><em>vel</em></strong></span> <span class='ocrx_word' id='word_1_496' title='bbox 2383 4196 2558 4233; x_wconf 75' lang='lat' dir='ltr'><strong><em>aurum</em></strong></span> <span class='ocrx_word' id='word_1_497' title='bbox 2576 4185 2745 4246; x_wconf 72' lang='lat' dir='ltr'><strong><em>demit,</em></strong></span> 
     </span>
     <span class='ocr_line' id='line_1_102' title="bbox 1674 4254 2742 4325; baseline 0.007 -20"><span class='ocrx_word' id='word_1_498' title='bbox 1674 4262 1734 4305; x_wconf 87' lang='lat' dir='ltr'><strong><em>ut</em></strong></span> <span class='ocrx_word' id='word_1_499' title='bbox 1757 4261 1901 4306; x_wconf 43' lang='lat' dir='ltr'><strong><em>esset.</em></strong></span> <span class='ocrx_word' id='word_1_500' title='bbox 1920 4256 1986 4304; x_wconf 87' lang='lat' dir='ltr'><strong><em>ad</em></strong></span> <span class='ocrx_word' id='word_1_501' title='bbox 2015 4254 2191 4322; x_wconf 81' lang='lat' dir='ltr'><strong><em>fugam</em></strong></span> <span class='ocrx_word' id='word_1_502' title='bbox 2215 4258 2542 4325; x_wconf 78' lang='lat' dir='ltr'><strong><em>expeditior,</em></strong></span> <span class='ocrx_word' id='word_1_503' title='bbox 2559 4258 2652 4311; x_wconf 78' lang='lat' dir='ltr'><strong><em>&#39;vel</em></strong></span> <span class='ocrx_word' id='word_1_504' title='bbox 2673 4262 2742 4312; x_wconf 81' lang='lat' dir='ltr'><strong><em>ad</em></strong></span> 
     </span>
    </p>
   </div>
  </div>
 </body>
</html>
