3035 4941
445 335 620 401 1026
998 342 1009 369 s

446 501 548 556 est,
571 500 627 543 et
648 492 755 542 otio
775 491 944 556 opimo
964 507 979 552 ;
1016 505 1130 556 quae
1157 503 1351 554 genera
1369 487 1507 539 haud

444 570 601 620 facile
623 571 705 620 hic
727 574 982 620 crescunt.
1025 568 1194 618 Faber.

515 651 718 711 Titulus,
739 664 818 698 seu
841 646 1141 709 Didascalia]
1164 643 1504 695 Pseudo-Do-

443 733 593 777 natus
660 727 872 776 Titulum
926 730 1112 784 vocat,
1150 768 1153 769 γ
1179 722 1504 783 Interpretes

415 846 431 865 .
442 804 747 855 Graecorum
763 802 1042 853 Poetarum
1054 792 1402 848 Didascaliam
1416 795 1506 846 aut

440 881 770 931 Didascalias
788 878 1117 942 appellitant.
1153 874 1295 925 Olim
1314 877 1508 934 autem,

441 964 504 1008 ut
525 972 591 1007 ex
609 955 815 1013 scholiis
834 955 1102 1004 doctorum
1123 950 1386 1001 hominum
1408 948 1508 998 dis-

443 1033 624 1096 cimus,
648 1032 766 1081 ideo
787 1030 946 1081 Tituli
971 1027 1249 1080 Comoediis
1272 1034 1364 1077 aut
1381 1028 1509 1092 Tra-y

443 1109 628 1173 goediis
667 1106 1086 1172 praefigebantur,
1130 1112 1190 1154 ut
1232 1104 1355 1154 iude
1398 1104 1506 1154 lec-

443 1192 584 1236 tores
609 1186 803 1235 scirent
825 1198 941 1249 quae
961 1183 1130 1232 dicam
1150 1183 1316 1232 modo.
1374 1182 1506 1230 Erat

443 1277 507 1311 ea
529 1263 681 1326 louge
704 1262 940 1310 maximae
969 1260 1249 1321 utilitatis;
1285 1273 1402 1308 nam
1439 1272 1506 1307 ex

344 1352 359 1370 ⁶
441 1353 510 1388 eo
533 1339 822 1403 apparebat
842 1352 943 1403 quo
961 1343 1215 1401 tempore,
1234 1351 1336 1402 qua
1357 1349 1504 1386 occa·

444 1415 586 1464 sione
621 1421 754 1464 actae
791 1421 967 1464 essent
989 1413 1217 1462 Fabulae.
1286 1412 1368 1461 Ibi
1392 1412 1506 1460 Ma·-

371 1482 374 1486 “
447 1493 753 1555 gistratuum
777 1490 1003 1553 nomina,
1032 1489 1076 1539 si
1099 1488 1389 1538 Archontes
1412 1487 1505 1551 illi,

443 1569 552 1618 sive
574 1568 784 1630 AEdiles‚
814 1583 903 1616 seu
927 1567 1175 1617 Consules
1197 1573 1394 1627 essent,
1416 1579 1506 1614 no·

443 1646 544 1696 tari
563 1661 672 1695 mos
689 1653 822 1695 erat.
883 1646 1072 1694 Earum
1090 1641 1507 1694 Didascaliarum

443 1724 685 1787 plurima,
705 1738 870 1788 eaque
905 1723 1029 1772 satis
1063 1735 1328 1785 expressa,
1350 1720 1507 1769 vesti-

443 1801 529 1862 gia
573 1807 781 1850 exstant
825 1800 878 1849 in
920 1798 1102 1862 priscis
1148 1797 1248 1846 illis
1281 1792 1507 1850 Graeciae

440 1877 777 1928 Doctoribus.
844 1877 949 1927 Sed
980 1877 1077 1926 hoc
1111 1877 1161 1925 in
1199 1874 1379 1938 primis
1415 1872 1504 1921 do-

431 1952 671 2015 lendum,
704 1953 843 2018 quod
888 1968 955 2003 ex
990 1951 1225 2003 omnibus
1262 1950 1362 2002 illis
1412 1949 1505 2000 Di·

445 2029 683 2080 dascaliis
723 2032 862 2080 nulla
903 2031 1055 2080 hodie
1095 2036 1351 2094 superest,
1387 2043 1503 2092 quae

443 2120 539 2169 pro
578 2122 699 2156 vera
727 2115 781 2157 et
821 2122 1066 2172 germana
1096 2106 1274 2157 haberi
1300 2104 1496 2168 possit:

441 2197 559 2234 nam
602 2198 668 2232 ue
711 2183 789 2233 hae
829 2183 1396 2249 quidempTerentianae
1434 2180 1501 2231 ad

428 2273 534 2331 §nos
557 2259 774 2323 integrae
796 2266 1162 2324 pervenerunt,
1191 2259 1242 2308 id
1268 2257 1404 2324 quod
1425 2255 1502 2307 fu-

428 2335 546 2405 ,οἰιο
581 2331 800 2397 probare
837 2336 1108 2400 possimus.
1178 2335 1250 2384 At
1273 2334 1409 2399 quod
1432 2332 1500 2384 de

443 2410 656 2462 Fabulis
698 2410 834 2477 dico,
871 2419 926 2461 et
959 2426 1135 2462 earum
1167 2409 1503 2476 Didascaliis‚

443 2490 496 2539 id
523 2506 620 2553 ego
643 2491 708 2540 de
731 2491 792 2541 iis
817 2498 1018 2546 tantum
1043 2492 1254 2541 Fabulis
1277 2490 1502 2554 intelligi

445 2567 621 2630 velim,
655 2583 768 2633 quae
812 2568 876 2620 ad
923 2569 1252 2619 celebritates
1297 2567 1500 2616 dierum

426 2629 709 2706 'festorum‚
735 2643 801 2693 ad
821 2645 1077 2709 Cerealia,
1106 2645 1171 2695 ad
1196 2642 1504 2709 Megalesia,

442 2718 509 2770 ad
533 2720 809 2789 Dionysia,
837 2721 902 2770 ad
927 2722 1170 2785 Floralia,
1201 2726 1302 2772 ὅτε.
1339 2720 1501 2785 perti-

439 2801 660 2856 nerent3
715 2797 887 2860 aliter,
946 2799 1101 2848 nullae
1167 2798 1501 2849 Didascaliae.

420 2870 598 2920 'Ratio
642 2881 721 2921 est
777 2872 914 2938 quod
959 2888 1075 2923 cum
1121 2875 1500 2939 approbatione

440 2947 846 3011 Magistratuum
876 2964 976 2999 non
1008 2950 1302 3002 edebantur
1322 2968 1500 3004 omnes

426 3023 681 3075 Fabulae:
740 3028 810 3076 At
832 3043 947 3094 quoe
973 3028 1036 3077 ad
1063 3029 1170 3077 dies
1193 3027 1355 3083 festos
1378 3045 1499 3080 con-

439 3101 779 3153 celebrandos
805 3104 1117 3169 edebantur,
1152 3106 1255 3156 illae
1287 3123 1411 3158 vero
1445 3109 1500 3159 in

424 3177 638 3228 'aedibus
715 3196 1025 3233 summorum
1096 3184 1499 3249 Magistratuum

438 3255 582 3318 prius
608 3273 613 3280 ⁸
636 3258 945 3323 agebantur,
997 3275 1147 3325 quam
1206 3261 1320 3310 vilis
1388 3264 1496 3326 ple-

428 3329 640 3381 'beculae
675 3347 824 3382 aures
848 3348 1023 3384 earum
1054 3336 1358 3387 recitatione
1383 3352 1495 3400 pas·

441 3414 701 3458 cereutur.
788 3408 853 3458 In
913 3424 1028 3459 eam
1070 3425 1180 3460 rem
1221 3413 1493 3463 Terentius

439 3482 568 3530 satis
613 3482 827 3533 idoneus
870 3485 1024 3534 testis
1068 3500 1177 3536 esse
1217 3488 1400 3553 possit,
1440 3490 1494 3539 in

438 3556 675 3606 Eunuchi
699 3561 931 3625 prologo,
969 3562 1057 3611 ubi
1089 3562 1156 3611 de
1192 3564 1369 3614 nescio
1392 3581 1495 3630 quo

436 3635 692 3685 malevolo
715 3639 881 3687 veteri
902 3638 1089 3703 Poeta,
1123 3638 1306 3705 (Lusc.
1332 3641 1499 3691 Lanu-

436 3711 608 3776 vino,)
629 3714 702 3763 sic
718 3716 932 3766 scribit:
956 3716 971 3743 ‘
990 3718 1143 3770 Nunc
1160 3733 1308 3783 quam
1326 3710 1497 3771 acturi

438 3803 630 3854 sumus,
671 3791 946 3841 Menandri
995 3795 1300 3845 Eunuchum
1356 3805 1497 3861 post·

438 3880 592 3928 quam
610 3866 804 3918 AEdiles
828 3878 1086 3935 emerunt,
1121 3871 1364 3922 Perfecit
1396 3874 1497 3924 sibi

433 3946 494 3991 ut
512 3942 824 4006 inspiciundi
847 3954 989 3998 esset
1010 3947 1179 4009 copia.
1217 3938 1496 4015 Magistra-

432 4024 521 4067 tus
545 4032 662 4070 cum
685 4019 759 4068 ibi
782 4021 1004 4084 adesset,
1029 4032 1248 4089 occepta
1270 4034 1350 4077 est
1373 4027 1496 4092 agi,'

431 4094 530 4142 &c.
557 4093 676 4143 Hoc
690 4095 822 4146 addo
836 4098 1021 4148 etiam:
1047 4101 1109 4150 Iu
1126 4103 1225 4152 illis
1241 4104 1496 4154 Didasca-

430 4173 514 4222 liis
526 4182 760 4227 notatum
776 4176 935 4229 fuisse
955 4183 1198 4247 pretium,
1209 4183 1346 4248 quod
1360 4184 1496 4234 Poe-

433 4257 488 4298 ta
505 4265 571 4299 ex
595 4254 781 4302 aerario
799 4258 1108 4321 accepisset,
1124 4267 1184 4309 ut
1205 4275 1271 4310 ex
1289 4262 1390 4311 illis
1409 4262 1495 4311 bo-

432 4326 626 4380 diernis
649 4334 913 4398 excerptis
936 4334 1140 4387 discere
1163 4344 1263 4389 est.
1317 4339 1496 4389 Inter-

1143 323 1359 396 No‘rAE
1409 340 1817 403 unionum
1871 340 1949 388 m

1583 498 1703 547 dum
1740 498 1792 546 in
1829 496 1890 546 iis
1928 509 2133 561 quoque
2170 493 2418 543 honorum
2458 472 2656 545 mentio

1582 574 1762 637 fiebat,
1809 574 2098 637 taeniarum,
2130 570 2335 634 florum,
2368 579 2659 634 unguento-

1583 656 1819 715 rum,&c.
1839 651 1888 700 in
1903 650 2127 711 Graecia,
2148 649 2327 698 scilice
2342 655 2383 710 t,
2404 648 2492 696 ubi
2511 647 2658 696 thea-

1541 746 1552 791 ζ
1584 731 1773 780 tricum
1789 727 1917 779 illud
1933 743 2094 792 genus
2110 729 2381 776 honestum
2398 741 2413 787 ;
2434 740 2536 773 non
2550 725 2656 773 Ro-

1582 822 1700 857 inas.
1751 805 1894 856 Dein
1916 806 2033 871 quis
2057 803 2282 854 Musicae
2316 801 2523 863 Modus,
2560 815 2655 850 seu

1579 884 1806 946 Nemus,
1837 882 1889 930 in
1919 878 2117 945 agenda
2150 880 2353 930 Fabula
2395 879 2656 928 adhibitus

1581 958 1791 1010 fuisset.
1848 957 2072 1009 Nomina
2089 957 2248 1007 etiam
2269 955 2541 1017 Actorum,
2564 956 2655 1021 qui
2718 953 2722 956 ’

1580 1035 1860 1099 Principes
1885 1034 2075 1099 Gregis
2098 1032 2345 1095 fuissent,
2381 1033 2435 1081 in
2470 1033 2531 1081 iis
2554 1033 2656 1096 sig-³

1581 1113 1694 1162 nari
1718 1112 1973 1162 solebant.
2039 1110 2143 1160 Sed
2177 1123 2271 1160 cur
2294 1109 2346 1158 in
2366 1109 2445 1158 his
2471 1108 2655 1158 Didas·

1584 1192 1746 1255 caliis‚
1797 1205 1886 1239 seu
1938 1189 2127 1238 Titulis
2183 1188 2401 1252 Latinis,
2456 1187 2654 1238 AEdiles

1584 1267 1892 1318 Consulibus
1930 1266 2343 1330 praeponuntur?
2408 1265 2544 1316 Quia
2575 1266 2655 1315 lu-

1583 1344 1767 1395 dorum
1812 1343 2139 1410 publicorum
2187 1356 2314 1392 cura
2351 1340 2416 1391 ad
2456 1341 2653 1391 AEdiles

1582 1421 1833 1485 Major-es,
1890 1435 1980 1470 seu
2047 1419 2282 1481 Curules,
2337 1417 2654 1481 pertinebat.

1584 1499 1864 1548 Consulum
1890 1504 2062 1547 tamen
2082 1496 2141 1546 iis
2161 1497 2316 1546 etiam
2334 1493 2651 1550 nominasad·

1559 1575 1715 1638 dita,
1757 1574 1914 1639 idque
1954 1574 2286 1634 necessari03
2319 1586 2490 1636 neque
2513 1571 2653 1620 enim

1583 1653 1705 1701 anni
1749 1651 1970 1702 Romani
2016 1664 2111 1713 per
2153 1648 2371 1711 AEdiles,
2418 1649 2510 1697 sed
2555 1662 2653 1712 per

1584 1728 1835 1777 Consules
1858 1726 2282 1776 numerabantur.
2348 1726 2543 1774 Verum
2583 1724 2651 1774 de

1563 1805 1662 1854 ‘his
1686 1806 1811 1854 satis
1837 1812 1979 1854 esto:
2017 1805 2032 1832 ‘
2060 1802 2212 1854 Quod
2236 1803 2343 1852 dixi
2375 1803 2561 1866 minus,
2594 1801 2648 1851 id

1582 1898 1759 1932 omnes
1784 1881 1936 1931 facile
1960 1879 2219 1931 viderint!
2265 1881 2418 1930 Idem.

1645 1962 1816 2014 Modus
1835 1959 1985 2024 fecit]
2016 1959 2155 2010 Gall.
2189 1957 2352 2020 dicaS,
2369 1957 2441 2022 fit
2474 1957 2524 2005 la
2544 1970 2653 2011 mua.

1579 2037 1711 2102 sique
1754 2038 1813 2086 de
1858 2040 1980 2085 cette
2026 2034 2263 2084 Comedie.
2348 2029 2489 2081 Alibi
2536 2044 2653 2095 pro,

1575 2117 1735 2166 modos
1753 2114 1900 2179 fecit,
1932 2115 2187 2179 scriptum
2222 2119 2323 2175 est,
2369 2109 2651 2160 modulavit.

1576 2193 1750 2244 Idem.

1642 2268 2080 2332 Fines-usmaitau]
2116 2268 2255 2319 Ante
2278 2266 2550 2316 Muretum
2570 2266 2645 2315 le-

1572 2345 1814 2408 gebatur,
1835 2345 2027 2393 Claudii
2034 2343 2175 2409 filius
2185 2359 2205 2401 ‚-
2228 2342 2471 2405 pessime.
2506 2341 2644 2392 Nam

1575 2422 1675 2473 iste
1696 2423 1919 2473 Flaccus
1943 2420 2124 2470 debuit
2147 2434 2258 2468 esse
2279 2419 2527 2484 libertus,
2544 2433 2664 2469 non.

1573 2499 1846 2564 ingenuus.
1935 2498 2258 2549 Histrionica
2318 2498 2458 2546 euim
2506 2496 2647 2561 apud

1576 2577 1792 2628 Graecos
1814 2576 2044 2642 quidem,
2080 2575 2131 2624 in
2164 2575 2355 2624 honore
2393 2580 2528 2637 erat,
2564 2574 2644 2623 ita

1576 2661 1637 2704 ut
1680 2660 1733 2705 et
1768 2653 1990 2705 Actores
2038 2651 2422 2703 Comoediarum
2476 2652 2638 2701 inter·

1576 2730 1698 2781 dum
1721 2731 2005 2795 legationes
2025 2729 2091 2779 ad
2111 2731 2281 2793 Reges
2306 2728 2542 2791 obirent;
2561 2727 2642 2794 (in

1551 2810 1683 2872 rvita
1722 2809 1957 2874 Philippi
1982 2807 2025 2875 ς)
2068 2809 2246 2858 Romae
2270 2806 2477 2858 infamis
2501 2814 2645 2870 erat,

1576 2884 1676 2934 nisi
1695 2886 1750 2935 in
1773 2884 2007 2949 Togatis,
2030 2891 2103 2947 et,
2126 2890 2183 2934 ut
2205 2884 2386 2933 videor
2408 2888 2645 2941 notasse,

1577 2962 1632 3011 in
1686 2960 1979 3026 Atellanis3
2032 2976 2144 3026 quae
2208 2961 2471 3025 probrosae
2538 2973 2643 3010 nou

1578 3046 1747 3100 erant,
1779 3046 1870 3088 aut
1893 3038 2044 3088 valde
2066 3036 2235 3087 fallor.
2296 3038 2447 3088 Idem:

1645 3115 1799 3166 Tibiis
1835 3115 2055 3180 paribus]
2088 3117 2177 3165 De
2224 3114 2365 3165 tibiis
2411 3112 2644 3178 paribus,

1576 3191 1877 3256 imparibus,
1897 3191 2116 3255 dextris,
2134 3192 2370 3250 sinistris,
2382 3190 2646 3255 Serranis,

1577 3269 1773 3334 Lydiis,
1812 3272 1914 3319 διο.
1962 3268 2083 3317 olim
2131 3267 2235 3329 egit
2280 3267 2543 3331 Donatus,
2575 3253 2643 3319 Ἰ.

1574 3346 1829 3411 Scaliger,
1862 3344 1927 3394 P.
1965 3344 2250 3405 Victorius,
2287 3344 2481 3393 Paulus
2528 3344 2645 3393 Ma-

1576 3424 1766 3485 nutius,
1796 3431 1853 3472 et
1875 3435 2042 3485 nuper
2063 3422 2364 3472 Salmasius.
2430 3421 2643 3472 Isaacus

1578 3514 1783 3564 quoque
1821 3499 2149 3548 Casaubonus
2192 3496 2387 3562 aliquid
2429 3498 2496 3547 de
2539 3497 2643 3546 isto

1575 3582 1879 3639 argumento
1914 3574 2091 3639 attigit
2131 3574 2183 3624 in
2226 3574 2315 3624 illo
2351 3572 2551 3637 optimo
2585 3573 2646 3621 li·

1574 3651 1713 3703 bello
1758 3651 1825 3701 de
1868 3651 2059 3716 Satyra
2102 3657 2157 3702 et
2201 3650 2455 3717 Satyrica.
2536 3647 2643 3700 Sed

1573 3731 1703 3782 adeo
1728 3732 1863 3783 inter
1886 3744 1941 3779 se
1966 3730 2172 3779 diversa
2195 3728 2335 3792 apud
2372 3742 2462 3778 eos
2492 3740 2644 3791 repe-

1574 3807 1698 3869 rias,
1737 3812 1797 3856 ut
1830 3804 2062 3870 quamvis
2099 3818 2165 3867 ea
2197 3803 2288 3852 diu
2319 3802 2645 3868 multumque

1572 3882 1779 3946 legeris,
1814 3881 2008 3948 aliquid
2050 3886 2224 3930 tamen
2260 3894 2465 3943 semper
2504 3880 2643 3929 desi-

1572 3958 1741 4011 deres.
1823 3959 2040 4009 Scilicet
2096 3958 2287 4022 vidisse
2332 3966 2390 4010 et
2432 3959 2641 4010 audisse

1572 4034 1807 4098 oportuit
1829 4034 2070 4086 tibiarum
2093 4034 2298 4084 illarum
2322 4034 2531 4099 formas,
2553 4049 2660 4100 ges

1570 4126 1716 4176 nera,
1752 4119 1808 4163 et
1846 4112 2174 4175 harmonias3
2208 4114 2405 4180 absque
2446 4129 2510 4165 eo
2548 4114 2638 4173 sit,

1569 4188 1692 4237 nihil
1715 4189 1846 4239 certi
1868 4188 2177 4239 constituas.
2226 4191 2517 4241 Contentus
2541 4190 2640 4243 ita·

1570 4279 1672 4329 que
1696 4279 1907 4329 magnos
1931 4265 2069 4316 viros
2090 4266 2344 4318 indicasse
2385 4281 2483 4331 per
2505 4281 2635 4334 quos

1570 4341 1895 4408 aliquatenus
1919 4343 1972 4393 in
1996 4359 2060 4395 eo
2082 4344 2294 4409 negotio
2315 4343 2639 4410 proficiatur,
