3035 4941
498 335 694 402 ³108«)

524 498 651 563 agit.
720 495 1043 560 Ptiueipium
1089 495 1228 546 euim
1261 495 1364 546 vim
1383 503 1587 559 praepa·

524 576 580 625 di
620 573 817 624 habet:
873 575 936 622 ad
978 579 1026 623 te
1068 573 1221 634 venio,
1262 587 1338 622 sc.
1368 573 1585 622 advenio.

522 650 664 714 Spem
698 648 869 713 primo
882 649 1009 698 loeo
1034 649 1289 709 nominat,
1313 647 1441 710 jam
1447 646 1586 696 seili-

524 736 611 777 ent
636 728 989 791 desperatam,
1011 724 1106 773 nisi
1131 724 1447 787 aPamphilo
1470 724 1587 774 red-

525 806 764 865 deretur3
781 811 836 853 et
858 817 974 852 cum
992 800 1212 851 eaSalus
1226 817 1243 850 .·
1262 801 1430 864 perire
1447 801 1586 852 enim

527 881 898 942 destinaverat,
919 879 1016 928 nisi
1040 879 1210 927 omnia
1228 884 1474 941 experto,
1495 893 1586 927 uo·

524 973 593 1007 va
610 971 731 1021 spes
755 954 1059 1019 affulgeret:
1083 954 1317 1003 auxilium
1332 954 1474 1016 inde,
1493 958 1587 1003 aut

523 1035 565 1084 si
581 1036 749 1084 miuus
771 1033 822 1083 id
848 1031 961 1081 fieri
984 1033 1166 1096 possit,
1198 1032 1464 1093 cnsilium,
1484 1046 1584 1082 nee

526 1111 663 1173 petit
700 1108 790 1159 sed
836 1109 1034 1172 expetit.
1099 1109 1389 1172 Responsio
1429 1109 1586 1158 Pam·

525 1186 653 1249 phili
681 1200 756 1235 vs.
776 1189 859 1234 2⁰.
878 1200 1026 1249 aeque
1037 1186 1118 1249 pol
1134 1185 1319 1235 consilii
1334 1187 1484 1235 locum
1498 1186 1583 1237 Ιια·

526 1262 624 1323 beo,
640 1276 784 1325 aeque
802 1261 979 1311 auxilia·
993 1264 1191 1325 copiam,
1209 1276 1275 1311 ex
1291 1268 1465 1312 mente
1480 1262 1586 1312 Do·

525 1337 658 1399 nati,
689 1337 1038 1388 conditionem
1073 1338 1186 1402 ejus
1209 1338 1476 1403 describit,
1496 1339 1585 1404 qui

527 1422 584 1464 et
607 1429 784 1464 amans
810 1421 866 1465 et
889 1417 1046 1465 miser
1069 1423 1224 1478 esset,
1245 1416 1452 1481 suisque
1470 1417 1585 1480 ipse

527 1490 681 1539 rebus
718 1503 815 1540 nee
838 1491 1074 1553 consilio,
1111 1493 1165 1541 in
1189 1494 1585 1555 perturbatione

528 1567 705 1630 animi,
727 1582 826 1617 nee
848 1567 1061 1624 aunxilio,
1084 1569 1134 1617 in
1174 1575 1323 1618 tanta
1359 1569 1590 1620 fortuna

527 1643 684 1694 turba
718 1659 993 1708 superesse
1010 1652 1206 1708 posset.
1238 1647 1498 1698 Boeclerus.

593 1721 827 1779 Salutem,
868 1723 1122 1787 auxilium,
1159 1724 1408 1787 eonsilium
1434 1727 1589 1789 ›expe-

527 1799 651 1862 tm]
687 1798 765 1849 Ut
799 1799 849 1848 in
885 1801 1230 1864 petitionibus
1271 1801 1388 1853 fieri
1432 1805 1589 1866 solet,

528 1875 837 1927 beneficium
886 1883 1091 1942 petens,
1149 1879 1314 1931 utitur
1346 1879 1589 1942 partibus

529 1950 914 2002 deliberativae.
947 1953 1185 2002 Donatus.

597 2029 856 2078 Comitium
869 2029 1116 2093 expetens]
1133 2031 1416 2094 Eleganter
1430 2046 1444 2080 ι
1466 2045 1591 2096 qno-

529 2104 669 2153 niam
691 2104 904 2155 demens
927 2111 982 2154 et
1003 2106 1297 2170 improbum
1336 2113 1415 2156 est
1448 2107 1589 2171 quod

528 2181 681 2243 petit,
720 2180 1050 2231 novissimum
1087 2183 1260 2246 posuit
1284 2183 1556 2233 consilium
1575 2199 1593 2234 ε

492 2292 497 2293 ⁷
530 2264 591 2305 ut
612 2257 655 2304 si
680 2271 783 2304 non
806 2258 971 2320 possit
998 2257 1239 2321 concedi,
1274 2259 1359 2308 vel
1383 2259 1593 2309 consili-

530 2346 616 2380 um
651 2338 870 2395 expetat
910 2331 975 2381 ad
1004 2333 1300 2383 sanandam
1340 2333 1592 2384 dementi-

529 2423 632 2457 am.
699 2408 910 2472 cicero,
941 2412 955 2435 ‘
976 2409 1052 2459 Tu
1102 2409 1170 2460 da
1222 2411 1461 2474 salutem,
1504 2412 1596 2478 qui

533 2499 677 2548 spem
697 2485 921 2538 dedisti?
957 2487 1106 2536 Idem.

597 2565 661 2610 20
696 2562 862 2626 Neque
897 2563 978 2626 pol
1013 2555 1199 2613 consilii
1222 2565 1393 2614 =los-mu
1431 2563 1597 2627 habeo,

531 2652 676 2701 aeque
692 2638 869 2703 auxilii
901 2637 1107 2702 copiam]
1144 2639 1299 2704 Apud
1336 2649 1595 2693 amantem

533 2728 700 2779 neque
723 2716 922 2765 consilii
944 2714 1168 2766 facultas
1190 2732 1203 2766 ι
1230 2718 1598 2782 apudinopem

532 2806 701 2855 neque
724 2789 877 2856 eopia
898 2792 1097 2843 auxilii.
1166 2793 1264 2842 His
1289 2794 1490 2844 duobus
1512 2809 1596 2844 os-

535 2868 706 2919 tendit
758 2870 916 2919 etiam
959 2883 1074 2920 sese
1117 2877 1420 2924 amatorem.
1487 2873 1596 2923 Ne-

533 2959 634 3008 que
678 2945 766 3009 pol
811 2945 1013 2996 consilii
1062 2945 1234 2996 locum
1267 2946 1453 3009 habeo,
1476 2947 1598 3012 quia

535 3035 684 3072 amo:
732 3036 902 3087 neque
926 3022 1126 3080 auxilii,
1146 3023 1271 3140 quia
1293 3037 1405 3073 snm
1420 3024 1597 3074 miser.

599 3176 775 3239 Neque
800 3176 881 3240 pol
911 3175 1121 3226 consiliis
1141 3131 1291 3226 locum
1325 3141 1493 3240 liabeo]
1529 3178 1598 3228 Ο.

536 3205 570 3300 l.
600 3265 641 3301 s.
676 3252 910 3301 Donatus
941 3261 1000 3302 et
1030 3253 1360 3318 Eugraphius
1381 3256 1593 3306 consilii.
1585 3271 1601 3291 ι

535 3332 592 3374 et
613 3327 689 3376 ita
711 3327 973 3378 Robertus
995 3330 1330 3393 Stephanus
1316 3336 1596 3432 impressit.

535 3402 777 3454 Fuimus..

603 3481 768 3545 Neque
799 3482 882 3545 pol
918 3482 1107 3531 consilii
1137 3482 1285 3532 locum
1310 3484 1478 3550 habeo]
1512 3486 1597 3540 Ab

536 3565 746 3607 amante
789 3558 978 3608 nullam
1021 3559 1222 3608 consilii
1273 3558 1600 3627 facultatem,

537 3648 569 3682 a
585 3634 774 3683 misero
797 3641 852 3684 et
866 3635 1020 3698 inope
1045 3635 1436 3687 nullamauxilii
1457 3641 1599 3704 copi-

538 3723 620 3758 am
636 3716 931 3774 exspectes,
950 3711 966 3741 ⁴
978 3712 1318 3776 Magisqueei
1335 3716 1464 3764 adeo
1478 3729 1599 3766 oon·

537 3785 760 3835 siliarius
781 3785 863 3837 bie
887 3787 1080 3837 amicus
1111 3796 1209 3851 est,
1230 3803 1382 3852 quam
1417 3792 1602 3841 auxili·

537 3860 712 3912 arius!
757 3858 976 3916 Plautus
999 3863 1052 3913 in
1072 3866 1391 3928 Truculento
1408 3875 1515 3920 act.
1532 3882 1598 3918 11.

536 3954 609 3989 se.
628 3944 675 3989 l.
715 3939 931 3991 Famub„

549 4050 553 4053 >
601 4022 682 4068 21.
700 4017 1269 4084 Sedistucquidnamest]
1297 4020 1414 4072 Hoc
1434 4023 1599 4074 sinon

508 4126 511 4130 -
538 4092 775 4155 adderet,
793 4093 939 4143 locus
963 4095 1246 4146 confitendi
1264 4100 1455 4149 amoris
1470 4100 1601 4151 Cha·

499 4196 503 4200 .
541 4171 653 4240 riano
674 4171 844 4220 nuilus
867 4171 1070 4222 fuisset.
1104 4174 1338 4225 Donatus.

604 4247 763 4306 deie
805 4263 998 4297 uxorem
1031 4245 1188 4314 ducis]
1235 4249 1373 4298 Vide
1418 4252 1600 4304 miram

1231 350 1446 400 1⁹01!AE
1495 350 1900 401 vsluomm
1951 351 2034 400 m

1661 495 2126 560 interrogationem
2158 497 2282 579 ante
2327 492 2726 547 confessionem.

1669 573 1820 622 Idem.

1723 648 1902 712 Aiunt]
1940 649 2024 697 De
2044 663 2109 698 ea
2131 661 2187 698 re
2208 647 2430 701 dicimus
2451 661 2606 713 qnam
2633 662 2728 698 vo·

1660 726 1826 776 lamus
1846 740 1963 775 esse
1976 724 2184 776 falsam.
2221 726 2372 775 Idem.

1724 806 1790 852 22
1823 802 1884 851 Si
1916 801 1967 850 id
1997 800 2155 865 fucis]
2193 801 2340 851 Nihil
2383 801 2549 864 priua,
2571 815 2727 866 qnam

1657 891 1715 927 se
1743 877 2055 927 moriturum
2085 876 2238 939 dixit,
2270 877 2520 941 pudenda
2558 877 2732 928 dictu·

1659 966 1763 1002 rus.
1829 951 1966 1002 Inde
1989 953 2165 1002 datum
2188 960 2289 1015 est,
2308 960 2368 1002 ut
2402 953 2491 1002 ille
2525 953 2725 1004 instan-

1660 1031 1763 1081 tius
1776 1038 2037 1095 quaereret
2060 1045 2286 1081 causam.
2309 1031 2463 1081 Idem.

1723 1104 1888 1155 Hodie
1898 1105 2208 1168 postremum]
2233 1105 2364 1154 Pius
2380 1105 2536 1168 dixit,
2559 1119 2720 1171 quam

1659 1180 1703 1231 si
1726 1181 1963 1242 dixisset,
1985 1181 2341 1232 Μανίαν-Μὴ.
2376 1181 2546 1232 Idem.

1726 1257 1885 1307 Hodie
1937 1258 2246 1322 postremum]
2296 1257 2347 1309 Α
2391 1259 2692 1310 necessario
2714 1278 2731 1310 ι

1659 1333 1801 1400 quia,
1834 1333 2011 1384 vivere
2044 1349 2146 1384 non
2178 1341 2372 1398 potest.
2438 1337 2511 1385 Et
2540 1341 2734 1399 postre-

1660 1426 1787 1460 mam
1807 1409 2110 1471 adverbium
2128 1420 2229 1462 est.
2262 1412 2416 1461 Idam.

1727 1487 1789 1537 Si
1823 1487 2178 1548 idsncishodie
2209 1493 2433 1552 poserem.
2450 1503 2524 1538 me
2554 1442 2720 1553 vides]

1662 1566 1945 1615 Servantur
1984 1563 2175 1629 gradus
2241 1565 2405 1613 semel
2449 1564 2727 1615 institutit

1661 1655 1791 1705 wem
1843 1640 2126 1704 expetebat·
2106 1676 2123 1700 ,
2179 1641 2278 1692 hoe
2324 1641 2416 1690 illo
2477 1655 2738 1705 responso

1663 1717 1944 1781 Pamphili,
1966 1717 2120 1780 uiuat,
2138 1716 2325 1768 iterum
2345 1717 2637 1781 imminuta,
2662 1717 2735 1767 ad

1664 1793 1932 1842 eonsilium
1969 1793 2225 1857 pereundi
2267 1799 2360 1844 aut
2404 1792 2743 1857 profugiendi

1666 1869 1971 1932 revolvitur,
1990 1869 2129 1934 qnod
2173 1870 2269 1920 hac
2320 1870 2739 1922 verborumam·

1667 1945 1799 2010 hage
1851 1953 2081 2013 notatur,
2119 1947 2203 1996 eui
2247 1945 2471 1997 conferri
2504 1955 2741 1998 meretur

1666 2025 1814 2073 locus
1853 2026 1906 2074 in
1962 2025 2276 2075 Phormione
2313 2034 2420 2075 act.
2446 2039 2535 2075 ιιι.
2577 2039 2653 2074 so.
2687 2029 2740 2074 3.

1668 2115 1744 2151 vs.
1771 2106 1848 2155 16.
1889 2105 1989 2151 &m
2055 2102 2288 2151 Subinde
2325 2117 2443 2152 cum
2465 2101 2740 2166 Pamphili

1669 2176 1737 2229 de
1747 2177 1943 2242 nuptiis
1956 2177 2183 2228 animum
2207 2179 2591 2242 perspexisset,
2608 2193 2737 2228 eum

1668 2268 1785 2318 spe,
1814 2257 1945 2304 salsas
1966 2255 2133 2305 redit:
2157 2270 2237 2304 vs.
2262 2259 2346 2305 83.
2364 2254 2620 2305 reddidisti
2635 2255 2745 2304 uai-

1667 2344 1821 2385 mum:
1842 2329 1928 2378 ubi
1964 2330 2238 2381 Donatus:
2272 2332 2461 2381 '‘Plus
2484 2331 2592 2381 diei
2626 2344 2733 2395 non

1670 2408 1846 2472 potuit
1857 2404 1890 2457 ι’
1904 2407 1970 2455 de
1987 2408 2003 2436 ‘
2018 2408 2229 2458 auxilio’
2241 2418 2302 2458 *et
2314 2412 2331 2441 ‘
2346 2410 2581 2460 eonsilio'
2594 2411 2740 2460 dein·

1670 2499 1795 2549 ceps
1817 2486 2005 2547 agitur,
2035 2488 2242 2537 sociata
2275 2502 2466 2551 opera,
2489 2489 2737 2539 ⁸etiumin

1669 2577 1830 2613 scena
1851 2570 2128 2627 sequente.
2155 2565 2424 2616 Boeclem.
2683 2591 2686 2598 2

1735 2643 1799 2690 28
1840 2639 2015 2691 Vereor
2033 2640 2210 2705 dicere]
2247 2643 2431 2707 Eloqui
2466 2656 2549 2692 me
2596 2648 2743 2693 vetat

1673 2717 2006 2767 verecundia.
2042 2718 2327 2770 Fmabim.

1738 2796 1802 2842 24
1837 2792 2067 2855 Spmmm
2087 2794 2165 2843 hic
2209 2794 2364 2858 lum]
2401 2794 2562 2845 Nulla
2585 2808 2745 2845 mune·
2817 2845 2826 2850 .

1674 2867 1873 2917 tatione
1895 2868 2141 2932 Byrrhia,
2160 2868 2252 2919 sed
2293 2868 2542 2931 facete-,n-
2505 2872 2746 2937 πᾳρῥησίφ

1673 2946 1856 2998 servili
1875 2949 2205 3011 paratissime
2228 2937 2423 2999 narrat.
2456 2952 2699 3001 Βοιιαιιιε.

1740 3023 1973 3086 Sponsam
1993 3024 2071 3073 hio
2092 3029 2224 3075 taam
2251 3027 2404 3091 amat]
2438 3026 2647 3076 Callide
2688 3031 2747 3076 et
2843 3079 2860 3084 ,

1672 3114 1908 3163 woman,
1930 3107 1988 3150 et
2006 3106 2160 3157 amat.
2152 3117 2165 3131 ·
2201 3103 2297 3152 hoc
2321 3111 2421 3164 est,
2454 3117 2551 3152 nee
2573 3102 2747 3154 adhue

1674 3191 1804 3226 uxor
1827 3183 1915 3226 tua
1949 3184 2048 3239 est,
2070 3192 2240 3242 neque
2274 3178 2466 3244 aliquid
2505 3178 2740 3239 admisit,

1675 3255 1795 3320 quia
1813 3262 1956 3305 amat
1982 3262 2201 3314 tantum.
2228 3257 2380 3307 Idem.

1743 3331 1838 3380 Nae
1853 3330 1942 3379 iste
1955 3331 2106 3394 haud]
2137 3333 2252 3394 Nae,
2270 3332 2454 3383 valde:
2483 3339 2552 3384 nt
2567 3295 2631 3383 et
2656 3333 2747 3385 Ci-

1676 3419 1818 3465 cero,
1842 3406 1936 3459 Nae
1956 3406 2031 3455 illa·
2052 3408 2350 3460 vehementer
2370 3414 2551 3459 errant.
2587 3409 2750 3459 Sen-

1674 3495 1762 3529 sus
1792 3481 1874 3529 hic
1896 3488 1999 3544 est,
2024 3483 2143 3532 Non
2179 3484 2232 3535 id
2268 3491 2410 3535 amat
2442 3485 2581 3550 quod
2607 3499 2750 3549 amo,

1674 3569 1771 3616 nec
1790 3556 1841 3605 id
1868 3558 1988 3610 odio
2019 3558 2341 3625 habetquod
2364 3561 2451 3618 odi
2473 3578 2485 3608 :
2522 3562 2622 3612 hoc
2644 3567 2750 3625 est,

1674 3636 1842 3686 Valde
1879 3638 2002 3699 iste,
2023 3639 2212 3704 inquit,
2236 3654 2341 3688 non
2379 3654 2582 3690 meeum
2621 3654 2742 3691 sen-

1653 3716 1655 3718 ’
1676 3713 1770 3765 tit:
1799 3712 1855 3762 id
1875 3721 2014 3764 amat
2038 3715 2180 3779 quod
2202 3729 2303 3779 ego
2316 3716 2422 3766 odi.
2462 3717 2616 3769 Idem‘.

1744 3790 1839 3842 Noe
1861 3789 1952 3841 iste
1972 3790 2098 3841 haud
2113 3806 2291 3846 mecvm
2310 3794 2484 3858 sentit]
2503 3795 2622 3859 Ne,
2642 3796 2753 3845 val·

1677 3865 1782 3917 de:
1818 3875 1928 3925 aut,
1966 3875 2023 3918 ut
2045 3869 2254 3934 quidam
2293 3870 2495 3933 volunt,
2530 3888 2557 3920 ο
2589 3887 2751 3936 qaam.

1678 3945 1908 3997 Lucilius
1926 3944 1978 3994 in
2004 3958 2062 3995 x.
2128 3946 2145 3974 ‘
2170 3946 2271 3996 Nae
2306 3947 2361 4002 in
2402 3962 2523 3998 aree
2559 3946 2749 3999 bovem

1678 4022 1933 4085 discerpsi
1956 4021 2264 4085 magnifiee,'
2285 4023 2475 4088 inquit.
2509 4024 2665 4075 Idem.

1742 4103 1805 4148 25
1844 4098 1975 4146 Νιιιιι
2013 4097 2242 4162 quidum
2272 4100 2476 4164 amplius
2513 4100 2609 4150 tibi
2639 4116 2751 4152 eum

1678 4160 1768 4225 iila
1791 4173 1923 4236 fuit]
1977 4171 2282 4224 Artificiose
2321 4190 2597 4238 personam
2643 4190 2756 4225 ex-

1681 4252 1867 4315 pressit
1907 4251 2203 4313 Terentius,
2250 4254 2460 4317 nuptias
2501 4268 2750 4305 recusan-
