<?xml version="1.0" encoding="UTF-8"?>
<!DOCTYPE html PUBLIC "-//W3C//DTD XHTML 1.0 Transitional//EN"
    "http://www.w3.org/TR/xhtml1/DTD/xhtml1-transitional.dtd">
<html xmlns="http://www.w3.org/1999/xhtml" xml:lang="en" lang="en">
 <head>
  <title>
</title>
<meta http-equiv="Content-Type" content="text/html;charset=utf-8" />
  <meta name='ocr-system' content='tesseract 3.04.00' />
  <meta name='ocr-capabilities' content='ocr_page ocr_carea ocr_par ocr_line ocrx_word'/>
</head>
<body>
  <div class='ocr_page' id='page_1' title='image "./comoedisexvolum00westgoog_0107.png"; bbox 0 0 3035 4941; ppageno 0'>
   <div class='ocr_carea' id='block_1_1' title="bbox 745 359 2033 414">
    <p class='ocr_par' dir='ltr' id='par_1_1' title="bbox 745 359 2033 414">
     <span class='ocr_line' id='line_1_1' title="bbox 745 359 2033 414; baseline 0.005 -8"><span class='ocrx_word' id='word_1_1' title='bbox 745 359 1107 407; x_wconf 82' lang='lat' dir='ltr'><strong>TERENTII</strong></span> <span class='ocrx_word' id='word_1_2' title='bbox 1157 360 1391 408; x_wconf 76' lang='lat' dir='ltr'>ANDR.</span> <span class='ocrx_word' id='word_1_3' title='bbox 1444 362 1605 410; x_wconf 76' lang='lat' dir='ltr'>AGT.</span> <span class='ocrx_word' id='word_1_4' title='bbox 1655 363 1766 411; x_wconf 86' lang='lat'>111.</span> <span class='ocrx_word' id='word_1_5' title='bbox 1811 366 1915 412; x_wconf 80' lang='lat' dir='ltr'>SC.</span> <span class='ocrx_word' id='word_1_6' title='bbox 1966 366 2033 414; x_wconf 83' lang='lat' dir='ltr'>V.</span> 
     </span>
    </p>
   </div>
   <div class='ocr_carea' id='block_1_2' title="bbox 286 498 1362 2190">
    <p class='ocr_par' dir='ltr' id='par_1_2' title="bbox 303 498 1353 642">
     <span class='ocr_line' id='line_1_2' title="bbox 370 498 1353 568; baseline 0.003 -17"><span class='ocrx_word' id='word_1_7' title='bbox 370 500 533 551; x_wconf 79' lang='lat' dir='ltr'>Videu’</span> <span class='ocrx_word' id='word_1_8' title='bbox 578 498 677 562; x_wconf 75' lang='lat' dir='ltr'>me]</span> <span class='ocrx_word' id='word_1_9' title='bbox 712 499 828 550; x_wconf 85' lang='lat' dir='ltr'>Hoc</span> <span class='ocrx_word' id='word_1_10' title='bbox 862 510 961 564; x_wconf 84' lang='lat' dir='ltr'>est,</span> <span class='ocrx_word' id='word_1_11' title='bbox 999 501 1230 568; x_wconf 81' lang='lat' dir='ltr'>nunquid</span> <span class='ocrx_word' id='word_1_12' title='bbox 1265 518 1353 554; x_wconf 87' lang='lat' dir='ltr'>ne-</span> 
     </span>
     <span class='ocr_line' id='line_1_3' title="bbox 303 579 818 642; baseline 0.004 -15"><span class='ocrx_word' id='word_1_13' title='bbox 303 592 420 642; x_wconf 76' lang='lat' dir='ltr'>gare</span> <span class='ocrx_word' id='word_1_14' title='bbox 444 579 633 641; x_wconf 79' lang='lat' dir='ltr'>potes?</span> <span class='ocrx_word' id='word_1_15' title='bbox 670 579 818 629; x_wconf 66' lang='lat' dir='ltr'>Idan.</span> 
     </span>
    </p>

    <p class='ocr_par' dir='ltr' id='par_1_3' title="bbox 297 656 1358 952">
     <span class='ocr_line' id='line_1_4' title="bbox 363 656 1356 724; baseline 0.006 -20"><span class='ocrx_word' id='word_1_16' title='bbox 363 659 424 705; x_wconf 92' lang='lat'>11</span> <span class='ocrx_word' id='word_1_17' title='bbox 471 656 758 719; x_wconf 81' lang='lat' dir='ltr'>Impeditum</span> <span class='ocrx_word' id='word_1_18' title='bbox 794 658 915 721; x_wconf 84' lang='lat' dir='ltr'>esse]</span> <span class='ocrx_word' id='word_1_19' title='bbox 970 659 1232 724; x_wconf 80' lang='lat' dir='ltr'>Impeditus</span> <span class='ocrx_word' id='word_1_20' title='bbox 1273 667 1356 711; x_wconf 85' lang='lat' dir='ltr'>est</span> 
     </span>
     <span class='ocr_line' id='line_1_5' title="bbox 300 732 1358 802; baseline 0.006 -22"><span class='ocrx_word' id='word_1_21' title='bbox 300 732 528 797; x_wconf 79' lang='lat' dir='ltr'>proprie,</span> <span class='ocrx_word' id='word_1_22' title='bbox 547 734 734 798; x_wconf 80' lang='lat' dir='ltr'>quiita</span> <span class='ocrx_word' id='word_1_23' title='bbox 755 736 915 799; x_wconf 87' lang='lat' dir='ltr'>pedes</span> <span class='ocrx_word' id='word_1_24' title='bbox 931 737 1088 787; x_wconf 84' lang='lat' dir='ltr'>habet</span> <span class='ocrx_word' id='word_1_25' title='bbox 1113 739 1358 802; x_wconf 75' lang='lat' dir='ltr'>illigatos,</span> 
     </span>
     <span class='ocr_line' id='line_1_6' title="bbox 299 810 1354 877; baseline 0.005 -17"><span class='ocrx_word' id='word_1_26' title='bbox 299 817 358 861; x_wconf 89' lang='lat' dir='ltr'>ut</span> <span class='ocrx_word' id='word_1_27' title='bbox 377 810 628 875; x_wconf 74' lang='lat' dir='ltr'>progredi</span> <span class='ocrx_word' id='word_1_28' title='bbox 664 825 766 861; x_wconf 85' lang='lat' dir='ltr'>non</span> <span class='ocrx_word' id='word_1_29' title='bbox 801 812 984 877; x_wconf 83' lang='lat' dir='ltr'>possit.</span> <span class='ocrx_word' id='word_1_30' title='bbox 1049 813 1154 864; x_wconf 88' lang='lat' dir='ltr'>Sed</span> <span class='ocrx_word' id='word_1_31' title='bbox 1183 815 1268 864; x_wconf 86' lang='lat' dir='ltr'>hic</span> <span class='ocrx_word' id='word_1_32' title='bbox 1288 815 1354 865; x_wconf 93' lang='lat' dir='ltr'>ad</span> 
     </span>
     <span class='ocr_line' id='line_1_7' title="bbox 297 890 967 952; baseline 0.003 -13"><span class='ocrx_word' id='word_1_33' title='bbox 297 890 566 952; x_wconf 72' lang='lat' dir='ltr'>negotium</span> <span class='ocrx_word' id='word_1_34' title='bbox 586 890 782 940; x_wconf 87' lang='lat' dir='ltr'>retulit.</span> <span class='ocrx_word' id='word_1_35' title='bbox 814 890 967 941; x_wconf 81' lang='lat' dir='ltr'>Idem.</span> 
     </span>
    </p>

    <p class='ocr_par' dir='ltr' id='par_1_4' title="bbox 295 966 1357 1188">
     <span class='ocr_line' id='line_1_8' title="bbox 359 966 1357 1033; baseline 0.004 -18"><span class='ocrx_word' id='word_1_36' title='bbox 359 967 650 1031; x_wconf 72' lang='lat' dir='ltr'>Impeditum</span> <span class='ocrx_word' id='word_1_37' title='bbox 686 966 805 1030; x_wconf 83' lang='lat' dir='ltr'>esse]</span> <span class='ocrx_word' id='word_1_38' title='bbox 844 967 1178 1033; x_wconf 76' lang='lat' dir='ltr'>implicitum,</span> <span class='ocrx_word' id='word_1_39' title='bbox 1212 968 1357 1021; x_wconf 88' lang='lat' dir='ltr'>intri-</span> 
     </span>
     <span class='ocr_line' id='line_1_9' title="bbox 295 1043 1357 1110; baseline 0.004 -16"><span class='ocrx_word' id='word_1_40' title='bbox 295 1049 489 1107; x_wconf 83' lang='lat' dir='ltr'>catum,</span> <span class='ocrx_word' id='word_1_41' title='bbox 525 1043 746 1107; x_wconf 81' lang='lat' dir='ltr'>pedibus</span> <span class='ocrx_word' id='word_1_42' title='bbox 793 1046 937 1110; x_wconf 85' lang='lat' dir='ltr'>quasi</span> <span class='ocrx_word' id='word_1_43' title='bbox 986 1046 1258 1110; x_wconf 81' lang='lat' dir='ltr'>illigatum,</span> <span class='ocrx_word' id='word_1_44' title='bbox 1298 1054 1357 1098; x_wconf 91' lang='lat' dir='ltr'>ut</span> 
     </span>
     <span class='ocr_line' id='line_1_10' title="bbox 296 1122 1228 1188; baseline 0.008 -17"><span class='ocrx_word' id='word_1_45' title='bbox 296 1122 543 1188; x_wconf 78' lang='lat' dir='ltr'>progredi</span> <span class='ocrx_word' id='word_1_46' title='bbox 559 1137 661 1174; x_wconf 89' lang='lat' dir='ltr'>nou</span> <span class='ocrx_word' id='word_1_47' title='bbox 685 1125 898 1174; x_wconf 73' lang='lat' dir='ltr'>valeam.</span> <span class='ocrx_word' id='word_1_48' title='bbox 947 1126 1228 1180; x_wconf 60' lang='lat' dir='ltr'>Fau-nabin.</span> 
     </span>
    </p>

    <p class='ocr_par' dir='ltr' id='par_1_5' title="bbox 295 1199 1360 1575">
     <span class='ocr_line' id='line_1_11' title="bbox 345 1199 1360 1266; baseline 0.003 -17"><span class='ocrx_word' id='word_1_49' title='bbox 345 1199 553 1262; x_wconf 73' lang='lat' dir='ltr'>&#39;Atjom</span> <span class='ocrx_word' id='word_1_50' title='bbox 572 1199 841 1264; x_wconf 69' lang='lat' dir='ltr'>expediam]</span> <span class='ocrx_word' id='word_1_51' title='bbox 883 1200 1002 1251; x_wconf 90' lang='lat' dir='ltr'>Non</span> <span class='ocrx_word' id='word_1_52' title='bbox 1027 1215 1083 1251; x_wconf 88' lang='lat' dir='ltr'>se</span> <span class='ocrx_word' id='word_1_53' title='bbox 1104 1200 1360 1266; x_wconf 76' lang='lat' dir='ltr'><strong>defendit,</strong></span> 
     </span>
     <span class='ocr_line' id='line_1_12' title="bbox 295 1273 1357 1341; baseline 0.001 -14"><span class='ocrx_word' id='word_1_54' title='bbox 295 1277 387 1327; x_wconf 86' lang='lat' dir='ltr'>sed</span> <span class='ocrx_word' id='word_1_55' title='bbox 410 1273 808 1328; x_wconf 79' lang='lat' dir='ltr'>emendaturum</span> <span class='ocrx_word' id='word_1_56' title='bbox 830 1277 1126 1341; x_wconf 64' lang='lat' dir='ltr'>promittite</span> <span class='ocrx_word' id='word_1_57' title='bbox 1149 1284 1206 1329; x_wconf 88' lang='lat' dir='ltr'>et</span> <span class='ocrx_word' id='word_1_58' title='bbox 1222 1279 1357 1329; x_wconf 86' lang='lat' dir='ltr'>bene</span> 
     </span>
     <span class='ocr_line' id='line_1_13' title="bbox 296 1352 1357 1418; baseline 0.002 -15"><span class='ocrx_word' id='word_1_59' title='bbox 296 1354 361 1403; x_wconf 86' lang='lat' dir='ltr'>ad</span> <span class='ocrx_word' id='word_1_60' title='bbox 384 1352 715 1418; x_wconf 88' lang='lat' dir='ltr'>impeditum,</span> <span class='ocrx_word' id='word_1_61' title='bbox 736 1353 982 1418; x_wconf 72' lang='lat' dir='ltr'>expediam</span> <span class='ocrx_word' id='word_1_62' title='bbox 1004 1355 1184 1405; x_wconf 84' lang='lat' dir='ltr'>retulit</span> <span class='ocrx_word' id='word_1_63' title='bbox 1206 1371 1221 1404; x_wconf 71' lang='grc' dir='ltr'>ι</span> <span class='ocrx_word' id='word_1_64' title='bbox 1257 1355 1357 1406; x_wconf 87' lang='lat' dir='ltr'>duo</span> 
     </span>
     <span class='ocr_line' id='line_1_14' title="bbox 297 1432 1358 1496; baseline 0.003 -15"><span class='ocrx_word' id='word_1_65' title='bbox 297 1432 539 1496; x_wconf 76' lang='lat' dir='ltr'><strong>promisit</strong></span> <span class='ocrx_word' id='word_1_66' title='bbox 562 1432 743 1482; x_wconf 80' lang='lat' dir='ltr'>simul:</span> <span class='ocrx_word' id='word_1_67' title='bbox 778 1439 834 1483; x_wconf 91' lang='lat' dir='ltr'>et</span> <span class='ocrx_word' id='word_1_68' title='bbox 852 1440 1060 1496; x_wconf 85' lang='lat' dir='ltr'>tempus</span> <span class='ocrx_word' id='word_1_69' title='bbox 1082 1447 1202 1483; x_wconf 87' lang='lat' dir='ltr'>cum</span> <span class='ocrx_word' id='word_1_70' title='bbox 1223 1434 1358 1484; x_wconf 88' lang='lat' dir='ltr'>ceie-</span> 
     </span>
     <span class='ocr_line' id='line_1_15' title="bbox 297 1508 1122 1575; baseline 0.002 -15"><span class='ocrx_word' id='word_1_71' title='bbox 297 1509 480 1575; x_wconf 84' lang='lat' dir='ltr'>ritate,</span> <span class='ocrx_word' id='word_1_72' title='bbox 504 1517 564 1561; x_wconf 87' lang='lat' dir='ltr'>et</span> <span class='ocrx_word' id='word_1_73' title='bbox 586 1508 850 1563; x_wconf 81' lang='lat' dir='ltr'>effectum.</span> <span class='ocrx_word' id='word_1_74' title='bbox 884 1512 1122 1562; x_wconf 70' lang='lat' dir='ltr'>Donatus.</span> 
     </span>
    </p>

    <p class='ocr_par' dir='ltr' id='par_1_6' title="bbox 295 1587 1359 1806">
     <span class='ocr_line' id='line_1_16' title="bbox 363 1587 1359 1653; baseline 0.004 -17"><span class='ocrx_word' id='word_1_75' title='bbox 363 1591 426 1637; x_wconf 83' lang='lat'>12</span> <span class='ocrx_word' id='word_1_76' title='bbox 461 1587 570 1637; x_wconf 82' lang='lat' dir='ltr'>Imo</span> <span class='ocrx_word' id='word_1_77' title='bbox 605 1589 771 1639; x_wconf 74' lang='lat' dir='ltr'>melias</span> <span class='ocrx_word' id='word_1_78' title='bbox 797 1589 964 1653; x_wconf 78' lang='lat' dir='ltr'>spero]</span> <span class='ocrx_word' id='word_1_79' title='bbox 1010 1591 1159 1639; x_wconf 85' lang='lat' dir='ltr'>Bene</span> <span class='ocrx_word' id='word_1_80' title='bbox 1194 1590 1359 1641; x_wconf 78' lang='lat' dir='ltr'>melius</span> 
     </span>
     <span class='ocr_line' id='line_1_17' title="bbox 298 1666 1358 1732; baseline 0.004 -18"><span class='ocrx_word' id='word_1_81' title='bbox 298 1666 656 1729; x_wconf 83' lang='lat' dir='ltr'>comparativo</span> <span class='ocrx_word' id='word_1_82' title='bbox 693 1674 777 1717; x_wconf 88' lang='lat' dir='ltr'>est</span> <span class='ocrx_word' id='word_1_83' title='bbox 809 1681 950 1731; x_wconf 86' lang='lat' dir='ltr'>usus,</span> <span class='ocrx_word' id='word_1_84' title='bbox 969 1666 1245 1732; x_wconf 79' lang='lat' dir='ltr'>quusihoc</span> <span class='ocrx_word' id='word_1_85' title='bbox 1268 1667 1358 1719; x_wconf 88' lang='lat' dir='ltr'>bo-</span> 
     </span>
     <span class='ocr_line' id='line_1_18' title="bbox 295 1742 1089 1806; baseline 0.005 -15"><span class='ocrx_word' id='word_1_86' title='bbox 295 1756 420 1791; x_wconf 83' lang='lat' dir='ltr'>num</span> <span class='ocrx_word' id='word_1_87' title='bbox 436 1742 525 1806; x_wconf 90' lang='lat' dir='ltr'>sit,</span> <span class='ocrx_word' id='word_1_88' title='bbox 545 1742 673 1793; x_wconf 84' lang='lat' dir='ltr'>illud</span> <span class='ocrx_word' id='word_1_89' title='bbox 696 1745 902 1795; x_wconf 88' lang='lat' dir='ltr'>melius.</span> <span class='ocrx_word' id='word_1_90' title='bbox 935 1745 1089 1795; x_wconf 84' lang='lat' dir='ltr'>Idem.</span> 
     </span>
    </p>

    <p class='ocr_par' dir='ltr' id='par_1_7' title="bbox 286 1818 1362 2190">
     <span class='ocr_line' id='line_1_19' title="bbox 364 1818 1360 1889; baseline 0.005 -20"><span class='ocrx_word' id='word_1_91' title='bbox 364 1818 612 1883; x_wconf 68' lang='lat' dir='ltr'>Furcifer]</span> <span class='ocrx_word' id='word_1_92' title='bbox 649 1821 890 1883; x_wconf 64' lang='lat' dir='ltr'>Furcifer-i</span> <span class='ocrx_word' id='word_1_93' title='bbox 912 1822 1239 1885; x_wconf 76' lang='lat' dir='ltr'><strong>dicebantur,</strong></span> <span class='ocrx_word' id='word_1_94' title='bbox 1270 1824 1360 1889; x_wconf 90' lang='lat' dir='ltr'>qui</span> 
     </span>
     <span class='ocr_line' id='line_1_20' title="bbox 301 1894 1361 1963; baseline 0.005 -18"><span class='ocrx_word' id='word_1_95' title='bbox 301 1894 366 1945; x_wconf 86' lang='lat' dir='ltr'>ob</span> <span class='ocrx_word' id='word_1_96' title='bbox 385 1896 505 1946; x_wconf 81' lang='lat' dir='ltr'>leve</span> <span class='ocrx_word' id='word_1_97' title='bbox 527 1896 779 1954; x_wconf 84' lang='lat' dir='ltr'>delictum</span> <span class='ocrx_word' id='word_1_98' title='bbox 801 1899 1125 1963; x_wconf 80' lang='lat' dir='ltr'>cogebantur</span> <span class='ocrx_word' id='word_1_99' title='bbox 1144 1914 1177 1949; x_wconf 87' lang='lat' dir='ltr'>a</span> <span class='ocrx_word' id='word_1_100' title='bbox 1198 1899 1361 1950; x_wconf 87' lang='lat' dir='ltr'>domi-</span> 
     </span>
     <span class='ocr_line' id='line_1_21' title="bbox 300 1971 1360 2040; baseline 0.005 -20"><span class='ocrx_word' id='word_1_101' title='bbox 300 1971 397 2034; x_wconf 83' lang='lat' dir='ltr'>nis,</span> <span class='ocrx_word' id='word_1_102' title='bbox 422 1971 720 2035; x_wconf 70' lang='lat' dir='ltr'>ignominias</span> <span class='ocrx_word' id='word_1_103' title='bbox 755 1973 939 2037; x_wconf 83' lang='lat' dir='ltr'>magis,</span> <span class='ocrx_word' id='word_1_104' title='bbox 976 1990 1130 2039; x_wconf 88' lang='lat' dir='ltr'>quam</span> <span class='ocrx_word' id='word_1_105' title='bbox 1164 1976 1360 2040; x_wconf 86' lang='lat' dir='ltr'>suppli-</span> 
     </span>
     <span class='ocr_line' id='line_1_22' title="bbox 298 2048 1362 2111; baseline 0.003 -14"><span class='ocrx_word' id='word_1_106' title='bbox 298 2048 364 2098; x_wconf 89' lang='lat' dir='ltr'>cii</span> <span class='ocrx_word' id='word_1_107' title='bbox 406 2063 584 2111; x_wconf 83' lang='lat' dir='ltr'>causa,</span> <span class='ocrx_word' id='word_1_108' title='bbox 632 2049 775 2099; x_wconf 88' lang='lat' dir='ltr'>circa</span> <span class='ocrx_word' id='word_1_109' title='bbox 824 2050 1017 2100; x_wconf 84' lang='lat' dir='ltr'>vicinos</span> <span class='ocrx_word' id='word_1_110' title='bbox 1056 2049 1255 2101; x_wconf 84' lang='lat' dir='ltr'>furcam</span> <span class='ocrx_word' id='word_1_111' title='bbox 1306 2052 1362 2100; x_wconf 91' lang='lat' dir='ltr'>in</span> 
     </span>
     <span class='ocr_line' id='line_1_23' title="bbox 286 2124 1361 2190; baseline 0.003 -16"><span class='ocrx_word' id='word_1_112' title='bbox 286 2125 435 2175; x_wconf 83' lang='lat' dir='ltr'>&#39;eollo</span> <span class='ocrx_word' id='word_1_113' title='bbox 472 2124 629 2187; x_wconf 80' lang='lat' dir='ltr'>serre,</span> <span class='ocrx_word' id='word_1_114' title='bbox 661 2125 933 2190; x_wconf 82' lang='lat' dir='ltr'>subligatis</span> <span class='ocrx_word' id='word_1_115' title='bbox 968 2126 1033 2176; x_wconf 86' lang='lat' dir='ltr'>ad</span> <span class='ocrx_word' id='word_1_116' title='bbox 1062 2141 1177 2177; x_wconf 91' lang='lat' dir='ltr'>eam</span> <span class='ocrx_word' id='word_1_117' title='bbox 1199 2130 1361 2177; x_wconf 87' lang='lat' dir='ltr'>maui-</span> 
     </span>
    </p>
   </div>
   <div class='ocr_carea' id='block_1_3' title="bbox 298 2201 1375 2268">
    <p class='ocr_par' dir='ltr' id='par_1_8' title="bbox 298 2201 1375 2268">
     <span class='ocr_line' id='line_1_24' title="bbox 298 2201 1375 2268; baseline -0.001 -17"><span class='ocrx_word' id='word_1_118' title='bbox 298 2202 414 2266; x_wconf 82' lang='lat' dir='ltr'>bus,</span> <span class='ocrx_word' id='word_1_119' title='bbox 461 2210 519 2252; x_wconf 87' lang='lat' dir='ltr'>et</span> <span class='ocrx_word' id='word_1_120' title='bbox 552 2201 847 2266; x_wconf 77' lang='lat' dir='ltr'>praedicare</span> <span class='ocrx_word' id='word_1_121' title='bbox 882 2211 1155 2268; x_wconf 89' lang='lat' dir='ltr'>peecatum</span> <span class='ocrx_word' id='word_1_122' title='bbox 1197 2220 1375 2267; x_wconf 75' lang='lat' dir='ltr'>suum,</span> 
     </span>
    </p>
   </div>
   <div class='ocr_carea' id='block_1_4' title="bbox 294 2277 1369 4351">
    <p class='ocr_par' dir='ltr' id='par_1_9' title="bbox 297 2277 1361 2576">
     <span class='ocr_line' id='line_1_25' title="bbox 300 2277 1360 2343; baseline 0.004 -16"><span class='ocrx_word' id='word_1_123' title='bbox 300 2277 560 2343; x_wconf 89' lang='lat' dir='ltr'>simulque</span> <span class='ocrx_word' id='word_1_124' title='bbox 627 2293 953 2329; x_wconf 87' lang='lat' dir='ltr'>summouere</span> <span class='ocrx_word' id='word_1_125' title='bbox 1005 2286 1245 2343; x_wconf 81' lang='lat' dir='ltr'>caeteros,</span> <span class='ocrx_word' id='word_1_126' title='bbox 1293 2296 1360 2331; x_wconf 86' lang='lat' dir='ltr'>ne</span> 
     </span>
     <span class='ocr_line' id='line_1_26' title="bbox 299 2355 1361 2422; baseline 0.004 -18"><span class='ocrx_word' id='word_1_127' title='bbox 299 2355 424 2420; x_wconf 89' lang='lat' dir='ltr'>quid</span> <span class='ocrx_word' id='word_1_128' title='bbox 484 2355 653 2406; x_wconf 89' lang='lat' dir='ltr'>simile</span> <span class='ocrx_word' id='word_1_129' title='bbox 698 2356 1019 2407; x_wconf 84' lang='lat' dir='ltr'>admittant.·</span> <span class='ocrx_word' id='word_1_130' title='bbox 1062 2356 1250 2422; x_wconf 86' lang='lat' dir='ltr'>Itaque</span> <span class='ocrx_word' id='word_1_131' title='bbox 1304 2366 1361 2408; x_wconf 89' lang='lat' dir='ltr'>et</span> 
     </span>
     <span class='ocr_line' id='line_1_27' title="bbox 300 2422 1360 2498; baseline 0.003 -14"><span class='ocrx_word' id='word_1_132' title='bbox 300 2432 492 2484; x_wconf 86' lang='lat' dir='ltr'>Cicero</span> <span class='ocrx_word' id='word_1_133' title='bbox 523 2422 595 2484; x_wconf 79' lang='lat' dir='ltr'>de</span> <span class='ocrx_word' id='word_1_134' title='bbox 632 2441 802 2498; x_wconf 79' lang='lat' dir='ltr'>servo,</span> <span class='ocrx_word' id='word_1_135' title='bbox 832 2435 848 2461; x_wconf 89' lang='lat'>‘</span> <span class='ocrx_word' id='word_1_136' title='bbox 870 2434 1012 2486; x_wconf 79' lang='lat' dir='ltr'>Quid</span> <span class='ocrx_word' id='word_1_137' title='bbox 1046 2434 1168 2486; x_wconf 89' lang='lat' dir='ltr'>iude</span> <span class='ocrx_word' id='word_1_138' title='bbox 1201 2434 1360 2487; x_wconf 87' lang='lat' dir='ltr'>furci-</span> 
     </span>
     <span class='ocr_line' id='line_1_28' title="bbox 297 2509 1152 2576; baseline 0.005 -16"><span class='ocrx_word' id='word_1_139' title='bbox 297 2509 417 2561; x_wconf 85' lang='lat' dir='ltr'>fer?</span> <span class='ocrx_word' id='word_1_140' title='bbox 451 2526 557 2576; x_wconf 85' lang='lat' dir='ltr'>quo</span> <span class='ocrx_word' id='word_1_141' title='bbox 580 2512 967 2576; x_wconf 60' lang='lat' dir='ltr'>progreditur?</span> <span class='ocrx_word' id='word_1_142' title='bbox 1001 2513 1152 2564; x_wconf 78' lang='lat' dir='ltr'>Idem.</span> 
     </span>
    </p>

    <p class='ocr_par' dir='ltr' id='par_1_10' title="bbox 299 2589 1361 2716">
     <span class='ocr_line' id='line_1_29' title="bbox 365 2589 1361 2653; baseline -0.002 -13"><span class='ocrx_word' id='word_1_143' title='bbox 365 2589 621 2653; x_wconf 63' lang='lat' dir='ltr'>Furcifer]</span> <span class='ocrx_word' id='word_1_144' title='bbox 657 2589 760 2640; x_wconf 86' lang='lat' dir='ltr'>Adi</span> <span class='ocrx_word' id='word_1_145' title='bbox 798 2591 1031 2642; x_wconf 87' lang='lat' dir='ltr'>Eunuch.</span> <span class='ocrx_word' id='word_1_146' title='bbox 1060 2598 1167 2641; x_wconf 89' lang='lat' dir='ltr'>act.</span> <span class='ocrx_word' id='word_1_147' title='bbox 1203 2605 1257 2642; x_wconf 75' lang='lat' dir='ltr'>v.</span> <span class='ocrx_word' id='word_1_148' title='bbox 1290 2605 1361 2642; x_wconf 90' lang='lat' dir='ltr'>sc.</span> 
     </span>
     <span class='ocr_line' id='line_1_30' title="bbox 299 2665 672 2716; baseline 0.003 -1"><span class='ocrx_word' id='word_1_149' title='bbox 299 2670 348 2715; x_wconf 99' lang='grc'>2.</span> <span class='ocrx_word' id='word_1_150' title='bbox 380 2665 672 2716; x_wconf 60' lang='lat' dir='ltr'>Fas-sabim.</span> 
     </span>
    </p>

    <p class='ocr_par' dir='ltr' id='par_1_11' title="bbox 296 2743 1365 3116">
     <span class='ocr_line' id='line_1_31' title="bbox 365 2743 1364 2808; baseline -0.001 -15"><span class='ocrx_word' id='word_1_151' title='bbox 365 2747 429 2793; x_wconf 71' lang='lat'>13</span> <span class='ocrx_word' id='word_1_152' title='bbox 469 2743 543 2793; x_wconf 74' lang='lat' dir='ltr'>Tu</span> <span class='ocrx_word' id='word_1_153' title='bbox 561 2757 661 2792; x_wconf 74' lang='lat' dir='ltr'>rem</span> <span class='ocrx_word' id='word_1_154' title='bbox 680 2743 953 2808; x_wconf 73' lang='lat' dir='ltr'><strong><em>impeditam</em></strong></span> <span class='ocrx_word' id='word_1_155' title='bbox 972 2749 1019 2794; x_wconf 85' lang='lat' dir='ltr'>et</span> <span class='ocrx_word' id='word_1_156' title='bbox 1036 2744 1273 2808; x_wconf 81' lang='lat' dir='ltr'>perditam</span> <span class='ocrx_word' id='word_1_157' title='bbox 1292 2760 1364 2793; x_wconf 83' lang='lat' dir='ltr'>re·</span> 
     </span>
     <span class='ocr_line' id='line_1_32' title="bbox 296 2819 1363 2885; baseline 0 -15"><span class='ocrx_word' id='word_1_158' title='bbox 296 2819 502 2885; x_wconf 61' lang='lat' dir='ltr'>uum]</span> <span class='ocrx_word' id='word_1_159' title='bbox 534 2819 758 2870; x_wconf 88' lang='lat' dir='ltr'>Multum</span> <span class='ocrx_word' id='word_1_160' title='bbox 782 2834 1085 2884; x_wconf 82' lang='lat' dir='ltr'>progressus</span> <span class='ocrx_word' id='word_1_161' title='bbox 1100 2829 1202 2884; x_wconf 88' lang='lat' dir='ltr'>est,</span> <span class='ocrx_word' id='word_1_162' title='bbox 1220 2822 1363 2884; x_wconf 78' lang='lat' dir='ltr'>impe-</span> 
     </span>
     <span class='ocr_line' id='line_1_33' title="bbox 298 2896 1363 2960; baseline 0 -12"><span class='ocrx_word' id='word_1_163' title='bbox 298 2898 466 2947; x_wconf 73' lang='lat' dir='ltr'>ditum</span> <span class='ocrx_word' id='word_1_164' title='bbox 494 2897 706 2948; x_wconf 91' lang='lat' dir='ltr'>dicere·</span> <span class='ocrx_word' id='word_1_165' title='bbox 741 2897 895 2947; x_wconf 89' lang='lat' dir='ltr'>modo</span> <span class='ocrx_word' id='word_1_166' title='bbox 936 2897 1173 2960; x_wconf 79' lang='lat' dir='ltr'>perditum</span> <span class='ocrx_word' id='word_1_167' title='bbox 1209 2896 1363 2948; x_wconf 86' lang='lat' dir='ltr'>dixit.</span> 
     </span>
     <span class='ocr_line' id='line_1_34' title="bbox 301 2974 1365 3038; baseline 0 -13"><span class='ocrx_word' id='word_1_168' title='bbox 301 2976 494 3026; x_wconf 78' lang='lat' dir='ltr'><strong>Sensus</strong></span> <span class='ocrx_word' id='word_1_169' title='bbox 537 2975 621 3025; x_wconf 81' lang='lat' dir='ltr'>hic</span> <span class='ocrx_word' id='word_1_170' title='bbox 651 2980 750 3032; x_wconf 86' lang='lat' dir='ltr'>est,</span> <span class='ocrx_word' id='word_1_171' title='bbox 779 2975 1044 3038; x_wconf 76' lang='lat' dir='ltr'>integram</span> <span class='ocrx_word' id='word_1_172' title='bbox 1067 2974 1365 3038; x_wconf 76' lang='lat' dir='ltr'>perdidisti,</span> 
     </span>
     <span class='ocr_line' id='line_1_35' title="bbox 303 3053 1212 3116; baseline 0 -13"><span class='ocrx_word' id='word_1_173' title='bbox 303 3060 357 3103; x_wconf 91' lang='lat' dir='ltr'>et</span> <span class='ocrx_word' id='word_1_174' title='bbox 377 3053 638 3116; x_wconf 86' lang='lat' dir='ltr'>perditam</span> <span class='ocrx_word' id='word_1_175' title='bbox 662 3054 943 3104; x_wconf 81' lang='lat' dir='ltr'>restituas?</span> <span class='ocrx_word' id='word_1_176' title='bbox 976 3054 1212 3103; x_wconf 72' lang='lat' dir='ltr'>Donatus.</span> 
     </span>
    </p>

    <p class='ocr_par' dir='ltr' id='par_1_12' title="bbox 303 3130 1363 3272">
     <span class='ocr_line' id='line_1_36' title="bbox 369 3130 1363 3196; baseline 0.001 -15"><span class='ocrx_word' id='word_1_177' title='bbox 369 3131 468 3196; x_wconf 76' lang='lat' dir='ltr'>Tu]</span> <span class='ocrx_word' id='word_1_178' title='bbox 501 3130 622 3181; x_wconf 86' lang='lat' dir='ltr'>Hoc</span> <span class='ocrx_word' id='word_1_179' title='bbox 643 3139 746 3194; x_wconf 88' lang='lat' dir='ltr'>est,</span> <span class='ocrx_word' id='word_1_180' title='bbox 766 3131 855 3196; x_wconf 84' lang='lat' dir='ltr'>qui</span> <span class='ocrx_word' id='word_1_181' title='bbox 877 3132 1131 3195; x_wconf 83' lang='lat' dir='ltr'>integram</span> <span class='ocrx_word' id='word_1_182' title='bbox 1149 3130 1363 3195; x_wconf 85' lang='lat' dir='ltr'>expedi·</span> 
     </span>
     <span class='ocr_line' id='line_1_37' title="bbox 303 3207 966 3272; baseline -0.002 -15"><span class='ocrx_word' id='word_1_183' title='bbox 303 3212 511 3272; x_wconf 77' lang='lat' dir='ltr'>tamque</span> <span class='ocrx_word' id='word_1_184' title='bbox 535 3207 779 3258; x_wconf 85' lang='lat' dir='ltr'>turbasti.</span> <span class='ocrx_word' id='word_1_185' title='bbox 814 3208 966 3257; x_wconf 72' lang='lat' dir='ltr'>Idem.</span> 
     </span>
    </p>

    <p class='ocr_par' dir='ltr' id='par_1_13' title="bbox 302 3284 1365 3488">
     <span class='ocr_line' id='line_1_38' title="bbox 367 3284 1363 3350; baseline 0.002 -16"><span class='ocrx_word' id='word_1_186' title='bbox 367 3284 653 3346; x_wconf 66' lang='lat' dir='ltr'>Quasi-etus</span> <span class='ocrx_word' id='word_1_187' title='bbox 667 3285 805 3350; x_wconf 71' lang='lat' dir='ltr'>sim]</span> <span class='ocrx_word' id='word_1_188' title='bbox 837 3286 933 3335; x_wconf 88' lang='lat' dir='ltr'>Est</span> <span class='ocrx_word' id='word_1_189' title='bbox 951 3298 1149 3334; x_wconf 87' lang='lat' dir='ltr'>memor</span> <span class='ocrx_word' id='word_1_190' title='bbox 1167 3298 1225 3333; x_wconf 89' lang='lat' dir='ltr'>se</span> <span class='ocrx_word' id='word_1_191' title='bbox 1242 3292 1363 3336; x_wconf 89' lang='lat' dir='ltr'>ante</span> 
     </span>
     <span class='ocr_line' id='line_1_39' title="bbox 303 3360 1365 3426; baseline 0.001 -16"><span class='ocrx_word' id='word_1_192' title='bbox 303 3363 517 3422; x_wconf 75' lang='lat' dir='ltr'>dixisse,</span> <span class='ocrx_word' id='word_1_193' title='bbox 536 3362 746 3410; x_wconf 82' lang='lat' dir='ltr'>Davum</span> <span class='ocrx_word' id='word_1_194' title='bbox 767 3360 944 3424; x_wconf 87' lang='lat' dir='ltr'>video,</span> <span class='ocrx_word' id='word_1_195' title='bbox 970 3362 1115 3426; x_wconf 83' lang='lat' dir='ltr'>cujus</span> <span class='ocrx_word' id='word_1_196' title='bbox 1150 3361 1365 3411; x_wconf 85' lang='lat' dir='ltr'>consilio</span> 
     </span>
     <span class='ocr_line' id='line_1_40' title="bbox 302 3437 816 3488; baseline -0.002 -1"><span class='ocrx_word' id='word_1_197' title='bbox 302 3438 472 3488; x_wconf 82' lang='lat' dir='ltr'>fretus</span> <span class='ocrx_word' id='word_1_198' title='bbox 496 3452 628 3487; x_wconf 86' lang='lat' dir='ltr'>sum.</span> <span class='ocrx_word' id='word_1_199' title='bbox 663 3437 816 3488; x_wconf 83' lang='lat' dir='ltr'>Idem.</span> 
     </span>
    </p>

    <p class='ocr_par' dir='ltr' id='par_1_14' title="bbox 303 3514 1366 3721">
     <span class='ocr_line' id='line_1_41' title="bbox 369 3514 1366 3579; baseline -0.001 -14"><span class='ocrx_word' id='word_1_200' title='bbox 369 3516 502 3566; x_wconf 81' lang='lat' dir='ltr'>Hem</span> <span class='ocrx_word' id='word_1_201' title='bbox 521 3531 612 3579; x_wconf 82' lang='lat' dir='ltr'>quo</span> <span class='ocrx_word' id='word_1_202' title='bbox 623 3514 786 3576; x_wconf 76' lang='lat' dir='ltr'>fretas</span> <span class='ocrx_word' id='word_1_203' title='bbox 804 3514 943 3578; x_wconf 71' lang='lat' dir='ltr'>sient]</span> <span class='ocrx_word' id='word_1_204' title='bbox 957 3515 1172 3572; x_wconf 79' lang='lat' dir='ltr'>Versus,</span> <span class='ocrx_word' id='word_1_205' title='bbox 1189 3521 1244 3564; x_wconf 88' lang='lat' dir='ltr'>et</span> <span class='ocrx_word' id='word_1_206' title='bbox 1259 3529 1366 3564; x_wconf 85' lang='lat' dir='ltr'>ser·</span> 
     </span>
     <span class='ocr_line' id='line_1_42' title="bbox 304 3591 1364 3657; baseline -0.002 -14"><span class='ocrx_word' id='word_1_207' title='bbox 304 3608 386 3643; x_wconf 86' lang='lat' dir='ltr'>mo</span> <span class='ocrx_word' id='word_1_208' title='bbox 410 3593 581 3657; x_wconf 76' lang='lat' dir='ltr'>exigit</span> <span class='ocrx_word' id='word_1_209' title='bbox 610 3608 732 3654; x_wconf 79' lang='lat' dir='ltr'>sum,</span> <span class='ocrx_word' id='word_1_210' title='bbox 752 3600 812 3642; x_wconf 87' lang='lat' dir='ltr'>ut</span> <span class='ocrx_word' id='word_1_211' title='bbox 831 3599 887 3641; x_wconf 90' lang='lat' dir='ltr'>et</span> <span class='ocrx_word' id='word_1_212' title='bbox 908 3591 1096 3642; x_wconf 86' lang='lat' dir='ltr'>alicubi</span> <span class='ocrx_word' id='word_1_213' title='bbox 1115 3593 1364 3656; x_wconf 85' lang='lat' dir='ltr'>scriptum</span> 
     </span>
     <span class='ocr_line' id='line_1_43' title="bbox 303 3670 877 3721; baseline 0.005 -3"><span class='ocrx_word' id='word_1_214' title='bbox 303 3671 613 3720; x_wconf 82' lang='lat' dir='ltr'>invenimus.</span> <span class='ocrx_word' id='word_1_215' title='bbox 647 3670 877 3721; x_wconf 78' lang='lat' dir='ltr'>Fa‘e&#39;rnus.</span> 
     </span>
    </p>

    <p class='ocr_par' dir='ltr' id='par_1_15' title="bbox 294 3748 1367 4029">
     <span class='ocr_line' id='line_1_44' title="bbox 371 3748 1367 3811; baseline -0.002 -13"><span class='ocrx_word' id='word_1_216' title='bbox 371 3753 436 3798; x_wconf 77' lang='lat'>14</span> <span class='ocrx_word' id='word_1_217' title='bbox 472 3749 574 3804; x_wconf 75' lang='lat' dir='ltr'>Qui</span> <span class='ocrx_word' id='word_1_218' title='bbox 594 3763 668 3797; x_wconf 84' lang='lat' dir='ltr'>me</span> <span class='ocrx_word' id='word_1_219' title='bbox 689 3748 825 3796; x_wconf 72' lang='lat' dir='ltr'>hodie</span> <span class='ocrx_word' id='word_1_220' title='bbox 840 3762 902 3796; x_wconf 83' lang='lat' dir='ltr'>ex</span> <span class='ocrx_word' id='word_1_221' title='bbox 918 3748 1165 3811; x_wconf 76' lang='lat' dir='ltr'>tranquill.</span> <span class='ocrx_word' id='word_1_222' title='bbox 1185 3762 1239 3797; x_wconf 82' lang='lat' dir='ltr'>re</span> <span class='ocrx_word' id='word_1_223' title='bbox 1258 3762 1367 3796; x_wconf 78' lang='lat' dir='ltr'>con-</span> 
     </span>
     <span class='ocr_line' id='line_1_45' title="bbox 294 3824 1365 3889; baseline -0.002 -14"><span class='ocrx_word' id='word_1_224' title='bbox 294 3826 413 3889; x_wconf 72' lang='lat' dir='ltr'>J&#39;ec.]</span> <span class='ocrx_word' id='word_1_225' title='bbox 459 3825 683 3875; x_wconf 87' lang='lat' dir='ltr'>Plautus</span> <span class='ocrx_word' id='word_1_226' title='bbox 722 3825 928 3888; x_wconf 83' lang='lat' dir='ltr'>captiv.</span> <span class='ocrx_word' id='word_1_227' title='bbox 960 3838 1047 3874; x_wconf 78' lang='grc' dir='ltr'>ιιι.</span> <span class='ocrx_word' id='word_1_228' title='bbox 1068 3829 1116 3874; x_wconf 81' lang='grc'>4.</span> <span class='ocrx_word' id='word_1_229' title='bbox 1137 3829 1188 3874; x_wconf 85' lang='grc'>6.</span> <span class='ocrx_word' id='word_1_230' title='bbox 1223 3824 1238 3851; x_wconf 91' lang='lat'>‘</span> <span class='ocrx_word' id='word_1_231' title='bbox 1262 3825 1365 3876; x_wconf 84' lang='lat' dir='ltr'>Qui</span> 
     </span>
     <span class='ocr_line' id='line_1_46' title="bbox 305 3898 1367 3966; baseline -0.003 -15"><span class='ocrx_word' id='word_1_232' title='bbox 305 3917 370 3951; x_wconf 90' lang='lat' dir='ltr'>ex</span> <span class='ocrx_word' id='word_1_233' title='bbox 411 3909 601 3966; x_wconf 85' lang='lat' dir='ltr'>parata</span> <span class='ocrx_word' id='word_1_234' title='bbox 635 3916 695 3951; x_wconf 90' lang='lat' dir='ltr'>re</span> <span class='ocrx_word' id='word_1_235' title='bbox 723 3901 1030 3965; x_wconf 81' lang='lat' dir='ltr'>imparatam</span> <span class='ocrx_word' id='word_1_236' title='bbox 1062 3914 1265 3950; x_wconf 90' lang='lat' dir='ltr'>omnem</span> <span class='ocrx_word' id='word_1_237' title='bbox 1290 3898 1367 3948; x_wconf 88' lang='lat' dir='ltr'>fa-</span> 
     </span>
     <span class='ocr_line' id='line_1_47' title="bbox 306 3980 709 4029; baseline -0.002 -2"><span class='ocrx_word' id='word_1_238' title='bbox 306 3980 417 4028; x_wconf 89' lang='lat' dir='ltr'>cis.’</span> <span class='ocrx_word' id='word_1_239' title='bbox 448 3981 709 4029; x_wconf 69' lang='lat' dir='ltr'>Boeclerus.</span> 
     </span>
    </p>

    <p class='ocr_par' dir='ltr' id='par_1_16' title="bbox 308 4054 1369 4260">
     <span class='ocr_line' id='line_1_48' title="bbox 373 4054 1369 4120; baseline -0.002 -14"><span class='ocrx_word' id='word_1_240' title='bbox 373 4061 434 4106; x_wconf 87' lang='lat'>15</span> <span class='ocrx_word' id='word_1_241' title='bbox 472 4056 582 4106; x_wconf 84' lang='lat' dir='ltr'>Hoc</span> <span class='ocrx_word' id='word_1_242' title='bbox 602 4070 702 4105; x_wconf 85' lang='lat' dir='ltr'>esse</span> <span class='ocrx_word' id='word_1_243' title='bbox 712 4056 962 4120; x_wconf 77' lang='lat' dir='ltr'>futurum]</span> <span class='ocrx_word' id='word_1_244' title='bbox 992 4054 1068 4104; x_wconf 86' lang='lat' dir='ltr'>Ut</span> <span class='ocrx_word' id='word_1_245' title='bbox 1084 4055 1150 4104; x_wconf 84' lang='lat' dir='ltr'>ab</span> <span class='ocrx_word' id='word_1_246' title='bbox 1163 4055 1255 4103; x_wconf 89' lang='lat' dir='ltr'>illa</span> <span class='ocrx_word' id='word_1_247' title='bbox 1278 4068 1369 4104; x_wconf 88' lang='lat' dir='ltr'>ex·</span> 
     </span>
     <span class='ocr_line' id='line_1_49' title="bbox 308 4130 1369 4195; baseline -0.001 -15"><span class='ocrx_word' id='word_1_248' title='bbox 308 4131 507 4194; x_wconf 80' lang='lat' dir='ltr'>cludat,</span> <span class='ocrx_word' id='word_1_249' title='bbox 545 4133 647 4181; x_wconf 89' lang='lat' dir='ltr'>huc</span> <span class='ocrx_word' id='word_1_250' title='bbox 686 4131 995 4182; x_wconf 71' lang='lat' dir='ltr'>concludere</span> <span class='ocrx_word' id='word_1_251' title='bbox 1030 4137 1087 4181; x_wconf 91' lang='lat' dir='ltr'>et</span> <span class='ocrx_word' id='word_1_252' title='bbox 1125 4130 1242 4180; x_wconf 87' lang='lat' dir='ltr'>vide</span> <span class='ocrx_word' id='word_1_253' title='bbox 1265 4145 1369 4195; x_wconf 90' lang='lat' dir='ltr'>quo</span> 
     </span>
     <span class='ocr_line' id='line_1_50' title="bbox 310 4210 917 4260; baseline -0.003 -2"><span class='ocrx_word' id='word_1_254' title='bbox 310 4224 388 4259; x_wconf 88' lang='lat' dir='ltr'>me</span> <span class='ocrx_word' id='word_1_255' title='bbox 411 4210 649 4260; x_wconf 81' lang='lat' dir='ltr'>inducas.</span> <span class='ocrx_word' id='word_1_256' title='bbox 681 4210 917 4259; x_wconf 74' lang='lat' dir='ltr'>Donatus.</span> 
     </span>
    </p>

    <p class='ocr_par' dir='ltr' id='par_1_17' title="bbox 376 4284 1368 4351">
     <span class='ocr_line' id='line_1_51' title="bbox 376 4284 1368 4351; baseline -0.001 -14"><span class='ocrx_word' id='word_1_257' title='bbox 376 4289 455 4337; x_wconf 78' lang='lat' dir='ltr'>An</span> <span class='ocrx_word' id='word_1_258' title='bbox 488 4302 584 4337; x_wconf 80' lang='lat' dir='ltr'>non</span> <span class='ocrx_word' id='word_1_259' title='bbox 617 4288 726 4337; x_wconf 79' lang='lat' dir='ltr'>dixi</span> <span class='ocrx_word' id='word_1_260' title='bbox 752 4289 838 4338; x_wconf 78' lang='lat' dir='ltr'>hoc</span> <span class='ocrx_word' id='word_1_261' title='bbox 870 4301 988 4350; x_wconf 79' lang='lat' dir='ltr'>esse,</span> <span class='ocrx_word' id='word_1_262' title='bbox 1008 4284 1112 4349; x_wconf 62' lang='lat' dir='ltr'>&amp;se-J</span> <span class='ocrx_word' id='word_1_263' title='bbox 1148 4286 1222 4335; x_wconf 89' lang='lat' dir='ltr'>Hi</span> <span class='ocrx_word' id='word_1_264' title='bbox 1247 4300 1368 4351; x_wconf 85' lang='lat' dir='ltr'>qua·</span> 
     </span>
    </p>
   </div>
   <div class='ocr_carea' id='block_1_5' title="bbox 2313 255 2481 417">
    <p class='ocr_par' dir='ltr' id='par_1_18' title="bbox 2313 255 2481 417">
     <span class='ocr_line' id='line_1_52' title="bbox 2418 255 2427 286; baseline 0 0"><span class='ocrx_word' id='word_1_265' title='bbox 2418 255 2427 286; x_wconf 42' lang='grc' dir='ltr'>ι</span> 
     </span>
     <span class='ocr_line' id='line_1_53' title="bbox 2313 311 2481 417; baseline -0.006 0"><span class='ocrx_word' id='word_1_266' title='bbox 2313 311 2481 417; x_wconf 62' lang='grc'><strong>1117</strong></span> 
     </span>
    </p>
   </div>
   <div class='ocr_carea' id='block_1_6' title="bbox 1425 508 2537 2660">
    <p class='ocr_par' dir='ltr' id='par_1_19' title="bbox 1425 508 2491 1329">
     <span class='ocr_line' id='line_1_54' title="bbox 1425 508 2485 573; baseline 0.008 -18"><span class='ocrx_word' id='word_1_267' title='bbox 1425 512 1545 556; x_wconf 82' lang='grc' dir='ltr'>ιιιοι·</span> <span class='ocrx_word' id='word_1_268' title='bbox 1564 508 1810 570; x_wconf 82' lang='lat' dir='ltr'>postremi</span> <span class='ocrx_word' id='word_1_269' title='bbox 1834 523 2014 568; x_wconf 52' lang='lat' dir='ltr'>versus</span> <span class='ocrx_word' id='word_1_270' title='bbox 2038 516 2158 560; x_wconf 89' lang='lat' dir='ltr'>sunt</span> <span class='ocrx_word' id='word_1_271' title='bbox 2178 511 2448 563; x_wconf 65' lang='lat' dir='ltr'>Troch‘aici</span> <span class='ocrx_word' id='word_1_272' title='bbox 2471 531 2485 573; x_wconf 91' lang='lat'>;</span> 
     </span>
     <span class='ocr_line' id='line_1_55' title="bbox 1425 584 2484 646; baseline 0.009 -15"><span class='ocrx_word' id='word_1_273' title='bbox 1425 597 1586 646; x_wconf 85' lang='lat' dir='ltr'>quare</span> <span class='ocrx_word' id='word_1_274' title='bbox 1609 584 1760 634; x_wconf 85' lang='lat' dir='ltr'>aliter</span> <span class='ocrx_word' id='word_1_275' title='bbox 1777 585 2061 636; x_wconf 86' lang='lat' dir='ltr'>scribendi.</span> <span class='ocrx_word' id='word_1_276' title='bbox 2093 585 2361 639; x_wconf 76' lang='lat' dir='ltr'>Secundus</span> <span class='ocrx_word' id='word_1_277' title='bbox 2379 592 2484 640; x_wconf 84' lang='lat' dir='ltr'>sic:</span> 
     </span>
     <span class='ocr_line' id='line_1_56' title="bbox 1428 664 2486 732; baseline 0.007 -20"><span class='ocrx_word' id='word_1_278' title='bbox 1428 664 1528 712; x_wconf 81' lang='lat' dir='ltr'>Sed</span> <span class='ocrx_word' id='word_1_279' title='bbox 1562 665 1755 727; x_wconf 72' lang='lat' dir='ltr'>paulum</span> <span class='ocrx_word' id='word_1_280' title='bbox 1773 665 1874 714; x_wconf 82' lang='lat' dir='ltr'>sine</span> <span class='ocrx_word' id='word_1_281' title='bbox 1895 667 1956 713; x_wconf 82' lang='lat' dir='ltr'>ud</span> <span class='ocrx_word' id='word_1_282' title='bbox 1986 682 2059 715; x_wconf 88' lang='lat' dir='ltr'>me</span> <span class='ocrx_word' id='word_1_283' title='bbox 2090 673 2147 715; x_wconf 80' lang='lat' dir='ltr'>ut</span> <span class='ocrx_word' id='word_1_284' title='bbox 2174 670 2379 731; x_wconf 79' lang='lat' dir='ltr'>redeam,</span> <span class='ocrx_word' id='word_1_285' title='bbox 2407 673 2486 732; x_wconf 60' lang='lat' dir='ltr'>&amp;a</span> 
     </span>
     <span class='ocr_line' id='line_1_57' title="bbox 1427 738 2491 808; baseline 0.004 -19"><span class='ocrx_word' id='word_1_286' title='bbox 1427 738 1658 789; x_wconf 79' lang='lat' dir='ltr'>Quartus</span> <span class='ocrx_word' id='word_1_287' title='bbox 1682 746 1890 790; x_wconf 86' lang='lat' dir='ltr'>autem:</span> <span class='ocrx_word' id='word_1_288' title='bbox 1927 741 2145 805; x_wconf 78' lang='lat' dir='ltr'>Namque</span> <span class='ocrx_word' id='word_1_289' title='bbox 2173 743 2258 791; x_wconf 73' lang='lat' dir='ltr'>hoc</span> <span class='ocrx_word' id='word_1_290' title='bbox 2293 749 2491 808; x_wconf 77' lang='lat' dir='ltr'>tempus,</span> 
     </span>
     <span class='ocr_line' id='line_1_58' title="bbox 1426 809 2488 879; baseline 0.005 -14"><span class='ocrx_word' id='word_1_291' title='bbox 1426 818 1508 879; x_wconf 74' lang='lat'>⁸50·</span> <span class='ocrx_word' id='word_1_292' title='bbox 1552 816 1624 866; x_wconf 88' lang='lat' dir='ltr'>Et</span> <span class='ocrx_word' id='word_1_293' title='bbox 1662 816 1817 866; x_wconf 84' lang='lat' dir='ltr'>sicin</span> <span class='ocrx_word' id='word_1_294' title='bbox 1846 809 1990 868; x_wconf 81' lang='lat' dir='ltr'>Edit.</span> <span class='ocrx_word' id='word_1_295' title='bbox 2025 817 2232 869; x_wconf 67' lang='lat' dir='ltr'>Faerni.</span> <span class='ocrx_word' id='word_1_296' title='bbox 2298 820 2362 869; x_wconf 89' lang='lat' dir='ltr'>In</span> <span class='ocrx_word' id='word_1_297' title='bbox 2384 820 2488 871; x_wconf 84' lang='lat' dir='ltr'>flue</span> 
     </span>
     <span class='ocr_line' id='line_1_59' title="bbox 1427 892 2489 960; baseline 0.007 -20"><span class='ocrx_word' id='word_1_298' title='bbox 1427 892 1579 942; x_wconf 88' lang='lat' dir='ltr'>tertii</span> <span class='ocrx_word' id='word_1_299' title='bbox 1601 906 1784 942; x_wconf 77' lang='lat' dir='ltr'>versus</span> <span class='ocrx_word' id='word_1_300' title='bbox 1805 895 1978 944; x_wconf 80' lang='lat' dir='ltr'>scribe</span> <span class='ocrx_word' id='word_1_301' title='bbox 1997 911 2017 945; x_wconf 66' lang='grc' dir='ltr'>ι</span> <span class='ocrx_word' id='word_1_302' title='bbox 2037 902 2091 945; x_wconf 70' lang='lat' dir='ltr'>ut</span> <span class='ocrx_word' id='word_1_303' title='bbox 2112 898 2235 956; x_wconf 81' lang='lat' dir='ltr'>volo,</span> <span class='ocrx_word' id='word_1_304' title='bbox 2251 911 2372 960; x_wconf 91' lang='lat' dir='ltr'>non,</span> <span class='ocrx_word' id='word_1_305' title='bbox 2394 900 2489 948; x_wconf 75' lang='lat' dir='ltr'>uti.</span> 
     </span>
     <span class='ocr_line' id='line_1_60' title="bbox 1431 968 2491 1037; baseline 0.007 -20"><span class='ocrx_word' id='word_1_306' title='bbox 1431 968 1629 1019; x_wconf 86' lang='lat' dir='ltr'>Nescio</span> <span class='ocrx_word' id='word_1_307' title='bbox 1642 979 1815 1020; x_wconf 85' lang='lat' dir='ltr'>autem</span> <span class='ocrx_word' id='word_1_308' title='bbox 1831 971 1954 1036; x_wconf 90' lang='lat' dir='ltr'>quid</span> <span class='ocrx_word' id='word_1_309' title='bbox 1972 972 2137 1022; x_wconf 83' lang='lat' dir='ltr'>visum</span> <span class='ocrx_word' id='word_1_310' title='bbox 2150 974 2206 1022; x_wconf 87' lang='lat' dir='ltr'>M</span> <span class='ocrx_word' id='word_1_311' title='bbox 2213 974 2409 1037; x_wconf 25' lang='lat' dir='ltr'>uretoxf</span> <span class='ocrx_word' id='word_1_312' title='bbox 2405 990 2491 1024; x_wconf 84' lang='lat' dir='ltr'>ue-</span> 
     </span>
     <span class='ocr_line' id='line_1_61' title="bbox 1429 1045 2489 1103; baseline 0.005 -8"><span class='ocrx_word' id='word_1_313' title='bbox 1429 1045 1517 1103; x_wconf 87' lang='lat' dir='ltr'>rit,</span> <span class='ocrx_word' id='word_1_314' title='bbox 1543 1055 1602 1097; x_wconf 90' lang='lat' dir='ltr'>ut</span> <span class='ocrx_word' id='word_1_315' title='bbox 1638 1046 1796 1096; x_wconf 88' lang='lat' dir='ltr'>bonos</span> <span class='ocrx_word' id='word_1_316' title='bbox 1816 1049 2125 1098; x_wconf 76' lang='lat' dir='ltr'>Trocliaicos</span> <span class='ocrx_word' id='word_1_317' title='bbox 2156 1049 2489 1100; x_wconf 84' lang='lat' dir='ltr'>transforma-</span> 
     </span>
     <span class='ocr_line' id='line_1_62' title="bbox 1429 1122 2489 1193; baseline 0.008 -21"><span class='ocrx_word' id='word_1_318' title='bbox 1429 1122 1499 1172; x_wconf 81' lang='lat' dir='ltr'>rit</span> <span class='ocrx_word' id='word_1_319' title='bbox 1519 1122 1572 1172; x_wconf 89' lang='lat' dir='ltr'>in</span> <span class='ocrx_word' id='word_1_320' title='bbox 1594 1123 1853 1187; x_wconf 86' lang='lat' dir='ltr'>Iambeos,</span> <span class='ocrx_word' id='word_1_321' title='bbox 1887 1140 1981 1189; x_wconf 89' lang='lat' dir='ltr'>per</span> <span class='ocrx_word' id='word_1_322' title='bbox 2018 1128 2294 1191; x_wconf 80' lang='lat' dir='ltr'>syllabicus</span> <span class='ocrx_word' id='word_1_323' title='bbox 2318 1130 2489 1193; x_wconf 84' lang='lat' dir='ltr'>adjec-</span> 
     </span>
     <span class='ocr_line' id='line_1_63' title="bbox 1431 1199 2491 1268; baseline 0.006 -19"><span class='ocrx_word' id='word_1_324' title='bbox 1431 1199 1634 1263; x_wconf 84' lang='lat' dir='ltr'>tiones;</span> <span class='ocrx_word' id='word_1_325' title='bbox 1675 1201 1775 1251; x_wconf 83' lang='lat' dir='ltr'>uisi</span> <span class='ocrx_word' id='word_1_326' title='bbox 1835 1202 1970 1268; x_wconf 91' lang='lat' dir='ltr'>quod</span> <span class='ocrx_word' id='word_1_327' title='bbox 2014 1204 2113 1253; x_wconf 91' lang='lat' dir='ltr'>hoc</span> <span class='ocrx_word' id='word_1_328' title='bbox 2154 1204 2233 1254; x_wconf 90' lang='lat' dir='ltr'>illi</span> <span class='ocrx_word' id='word_1_329' title='bbox 2277 1206 2491 1255; x_wconf 87' lang='lat' dir='ltr'>solenne</span> 
     </span>
     <span class='ocr_line' id='line_1_64' title="bbox 1431 1279 1778 1329; baseline 0.006 -2"><span class='ocrx_word' id='word_1_330' title='bbox 1431 1284 1563 1329; x_wconf 86' lang='lat' dir='ltr'>erat.</span> <span class='ocrx_word' id='word_1_331' title='bbox 1603 1279 1778 1329; x_wconf 79' lang='lat' dir='ltr'>Faber.</span> 
     </span>
    </p>

    <p class='ocr_par' dir='ltr' id='par_1_20' title="bbox 1430 1353 2537 2660">
     <span class='ocr_line' id='line_1_65' title="bbox 1498 1353 2491 1420; baseline 0.005 -15"><span class='ocrx_word' id='word_1_332' title='bbox 1498 1353 1629 1412; x_wconf 69' lang='lat' dir='ltr'>Quia</span> <span class='ocrx_word' id='word_1_333' title='bbox 1679 1353 1900 1420; x_wconf 75' lang='lat' dir='ltr'>meritas]</span> <span class='ocrx_word' id='word_1_334' title='bbox 1939 1357 2122 1408; x_wconf 78' lang='lat' dir='ltr'>Sceuae</span> <span class='ocrx_word' id='word_1_335' title='bbox 2166 1358 2366 1410; x_wconf 82' lang='lat' dir='ltr'>Atticae</span> <span class='ocrx_word' id='word_1_336' title='bbox 2409 1371 2491 1410; x_wconf 86' lang='lat' dir='ltr'>ac·</span> 
     </span>
     <span class='ocr_line' id='line_1_66' title="bbox 1430 1431 2494 1486; baseline 0.005 -5"><span class='ocrx_word' id='word_1_337' title='bbox 1430 1431 1829 1484; x_wconf 77' lang='lat' dir='ltr'>commodatum.</span> <span class='ocrx_word' id='word_1_338' title='bbox 1863 1433 2085 1484; x_wconf 85' lang='lat' dir='ltr'>Athenis</span> <span class='ocrx_word' id='word_1_339' title='bbox 2108 1436 2244 1485; x_wconf 89' lang='lat' dir='ltr'>enim</span> <span class='ocrx_word' id='word_1_340' title='bbox 2267 1437 2494 1486; x_wconf 76' lang='lat' dir='ltr'>convicti</span> 
     </span>
     <span class='ocr_line' id='line_1_67' title="bbox 1431 1508 2493 1574; baseline 0.004 -15"><span class='ocrx_word' id='word_1_341' title='bbox 1431 1508 1672 1574; x_wconf 67' lang='lat' dir='ltr'>capitalis</span> <span class='ocrx_word' id='word_1_342' title='bbox 1695 1509 1943 1561; x_wconf 82' lang='lat' dir='ltr'>facinoris</span> <span class='ocrx_word' id='word_1_343' title='bbox 1957 1519 2012 1562; x_wconf 85' lang='lat' dir='ltr'>et</span> <span class='ocrx_word' id='word_1_344' title='bbox 2028 1512 2357 1564; x_wconf 87' lang='lat' dir='ltr'>condemnati</span> <span class='ocrx_word' id='word_1_345' title='bbox 2380 1516 2493 1563; x_wconf 85' lang='lat' dir='ltr'>nul·</span> 
     </span>
     <span class='ocr_line' id='line_1_68' title="bbox 1433 1586 2493 1654; baseline 0.005 -19"><span class='ocrx_word' id='word_1_346' title='bbox 1433 1586 1483 1636; x_wconf 83' lang='lat' dir='ltr'>lo</span> <span class='ocrx_word' id='word_1_347' title='bbox 1505 1600 1754 1651; x_wconf 85' lang='lat' dir='ltr'>expresso</span> <span class='ocrx_word' id='word_1_348' title='bbox 1786 1590 2064 1653; x_wconf 85' lang='lat' dir='ltr'>supplicio,</span> <span class='ocrx_word' id='word_1_349' title='bbox 2099 1591 2493 1654; x_wconf 78' lang='lat' dir='ltr'>interrogaban-</span> 
     </span>
     <span class='ocr_line' id='line_1_69' title="bbox 1433 1659 2494 1731; baseline 0.006 -20"><span class='ocrx_word' id='word_1_350' title='bbox 1433 1669 1524 1712; x_wconf 86' lang='lat' dir='ltr'>tur</span> <span class='ocrx_word' id='word_1_351' title='bbox 1544 1664 1668 1728; x_wconf 87' lang='lat' dir='ltr'>quid</span> <span class='ocrx_word' id='word_1_352' title='bbox 1691 1678 1747 1715; x_wconf 90' lang='lat' dir='ltr'>se</span> <span class='ocrx_word' id='word_1_353' title='bbox 1770 1666 1980 1716; x_wconf 85' lang='lat' dir='ltr'>meritos</span> <span class='ocrx_word' id='word_1_354' title='bbox 2003 1675 2280 1731; x_wconf 81' lang='lat' dir='ltr'>putarent:</span> <span class='ocrx_word' id='word_1_355' title='bbox 2313 1669 2405 1729; x_wconf 90' lang='lat' dir='ltr'>illi,</span> <span class='ocrx_word' id='word_1_356' title='bbox 2429 1659 2494 1717; x_wconf 70' lang='lat' dir='ltr'>aii</span> 
     </span>
     <span class='ocr_line' id='line_1_70' title="bbox 1433 1739 2495 1807; baseline 0.006 -20"><span class='ocrx_word' id='word_1_357' title='bbox 1433 1739 1843 1791; x_wconf 88' lang='lat' dir='ltr'>misericordiam</span> <span class='ocrx_word' id='word_1_358' title='bbox 1888 1743 2191 1793; x_wconf 82' lang='lat' dir='ltr'>movendam</span> <span class='ocrx_word' id='word_1_359' title='bbox 2228 1745 2283 1793; x_wconf 90' lang='lat' dir='ltr'>in</span> <span class='ocrx_word' id='word_1_360' title='bbox 2327 1745 2495 1807; x_wconf 86' lang='lat' dir='ltr'>majus</span> 
     </span>
     <span class='ocr_line' id='line_1_71' title="bbox 1433 1819 2497 1885; baseline 0.006 -22"><span class='ocrx_word' id='word_1_361' title='bbox 1433 1828 1578 1865; x_wconf 88' lang='lat' dir='ltr'>suam</span> <span class='ocrx_word' id='word_1_362' title='bbox 1602 1831 1803 1879; x_wconf 81' lang='lat' dir='ltr'>poenam</span> <span class='ocrx_word' id='word_1_363' title='bbox 1823 1819 2169 1870; x_wconf 82' lang='lat' dir='ltr'>aestimabant.</span> <span class='ocrx_word' id='word_1_364' title='bbox 2205 1821 2358 1873; x_wconf 83' lang='lat' dir='ltr'>Quod</span> <span class='ocrx_word' id='word_1_365' title='bbox 2377 1823 2497 1885; x_wconf 85' lang='lat' dir='ltr'>quia</span> 
     </span>
     <span class='ocr_line' id='line_1_72' title="bbox 1434 1891 2496 1961; baseline 0.008 -21"><span class='ocrx_word' id='word_1_366' title='bbox 1434 1905 1539 1941; x_wconf 89' lang='lat' dir='ltr'>non</span> <span class='ocrx_word' id='word_1_367' title='bbox 1581 1891 1711 1943; x_wconf 82' lang='lat' dir='ltr'>fecit</span> <span class='ocrx_word' id='word_1_368' title='bbox 1740 1894 2007 1959; x_wconf 83' lang='lat' dir='ltr'>Socrates,</span> <span class='ocrx_word' id='word_1_369' title='bbox 2036 1896 2125 1947; x_wconf 88' lang='lat' dir='ltr'>sed</span> <span class='ocrx_word' id='word_1_370' title='bbox 2154 1911 2324 1961; x_wconf 78' lang='lat' dir='ltr'>poenae</span> <span class='ocrx_word' id='word_1_371' title='bbox 2359 1898 2496 1961; x_wconf 89' lang='lat' dir='ltr'>loco,</span> 
     </span>
     <span class='ocr_line' id='line_1_73' title="bbox 1434 1970 2537 2037; baseline 0.005 -20"><span class='ocrx_word' id='word_1_372' title='bbox 1434 1979 1495 2018; x_wconf 88' lang='lat' dir='ltr'>ut</span> <span class='ocrx_word' id='word_1_373' title='bbox 1515 1982 1583 2018; x_wconf 84' lang='lat' dir='ltr'>ex</span> <span class='ocrx_word' id='word_1_374' title='bbox 1612 1970 1821 2033; x_wconf 88' lang='lat' dir='ltr'>publico</span> <span class='ocrx_word' id='word_1_375' title='bbox 1862 1972 1916 2021; x_wconf 90' lang='lat' dir='ltr'>in</span> <span class='ocrx_word' id='word_1_376' title='bbox 1948 1972 2214 2036; x_wconf 81' lang='lat' dir='ltr'>Prytaneo</span> <span class='ocrx_word' id='word_1_377' title='bbox 2251 1975 2498 2037; x_wconf 83' lang='lat' dir='ltr'>aleretur,</span> <span class='ocrx_word' id='word_1_378' title='bbox 2522 1992 2537 2005; x_wconf 69' lang='lat'>²</span> 
     </span>
     <span class='ocr_line' id='line_1_74' title="bbox 1435 2046 2498 2112; baseline 0.006 -18"><span class='ocrx_word' id='word_1_379' title='bbox 1435 2046 1723 2110; x_wconf 86' lang='lat' dir='ltr'>respoudit,</span> <span class='ocrx_word' id='word_1_380' title='bbox 1747 2047 1814 2096; x_wconf 88' lang='lat' dir='ltr'>ad</span> <span class='ocrx_word' id='word_1_381' title='bbox 1832 2049 2059 2098; x_wconf 83' lang='lat' dir='ltr'>cicutam</span> <span class='ocrx_word' id='word_1_382' title='bbox 2083 2049 2356 2099; x_wconf 85' lang='lat' dir='ltr'>damnatus</span> <span class='ocrx_word' id='word_1_383' title='bbox 2381 2066 2498 2112; x_wconf 88' lang='lat' dir='ltr'>per-</span> 
     </span>
     <span class='ocr_line' id='line_1_75' title="bbox 1436 2123 2497 2190; baseline 0.005 -19"><span class='ocrx_word' id='word_1_384' title='bbox 1436 2123 1516 2186; x_wconf 89' lang='lat' dir='ltr'>iit,</span> <span class='ocrx_word' id='word_1_385' title='bbox 1544 2124 1635 2172; x_wconf 89' lang='lat' dir='ltr'>sed</span> <span class='ocrx_word' id='word_1_386' title='bbox 1654 2138 1686 2172; x_wconf 90' lang='lat' dir='ltr'>a</span> <span class='ocrx_word' id='word_1_387' title='bbox 1707 2125 1868 2188; x_wconf 77' lang='lat' dir='ltr'>gloria</span> <span class='ocrx_word' id='word_1_388' title='bbox 1899 2135 2117 2190; x_wconf 87' lang='lat' dir='ltr'>propter</span> <span class='ocrx_word' id='word_1_389' title='bbox 2148 2126 2415 2176; x_wconf 89' lang='lat' dir='ltr'>scientiam</span> <span class='ocrx_word' id='word_1_390' title='bbox 2439 2136 2497 2176; x_wconf 89' lang='lat' dir='ltr'>et</span> 
     </span>
     <span class='ocr_line' id='line_1_76' title="bbox 1435 2201 2495 2267; baseline 0.003 -17"><span class='ocrx_word' id='word_1_391' title='bbox 1435 2201 1679 2252; x_wconf 87' lang='lat' dir='ltr'>virtutem</span> <span class='ocrx_word' id='word_1_392' title='bbox 1733 2218 1835 2253; x_wconf 89' lang='lat' dir='ltr'>non</span> <span class='ocrx_word' id='word_1_393' title='bbox 1893 2204 2101 2267; x_wconf 85' lang='lat' dir='ltr'>perivit.</span> <span class='ocrx_word' id='word_1_394' title='bbox 2133 2209 2149 2233; x_wconf 89' lang='lat'>‘</span> <span class='ocrx_word' id='word_1_395' title='bbox 2181 2204 2495 2267; x_wconf 83' lang='lat' dir='ltr'>Carcerem,’</span> 
     </span>
     <span class='ocr_line' id='line_1_77' title="bbox 1433 2279 2495 2347; baseline 0.005 -19"><span class='ocrx_word' id='word_1_396' title='bbox 1433 2279 1604 2344; x_wconf 85' lang='lat' dir='ltr'>inquit</span> <span class='ocrx_word' id='word_1_397' title='bbox 1624 2280 1845 2344; x_wconf 88' lang='lat' dir='ltr'>Seneca,</span> <span class='ocrx_word' id='word_1_398' title='bbox 1865 2282 1881 2310; x_wconf 90' lang='lat'>‘</span> <span class='ocrx_word' id='word_1_399' title='bbox 1898 2281 2135 2346; x_wconf 86' lang='lat' dir='ltr'>intravit,</span> <span class='ocrx_word' id='word_1_400' title='bbox 2162 2281 2495 2347; x_wconf 84' lang='lat' dir='ltr'>ignominiam</span> 
     </span>
     <span class='ocr_line' id='line_1_78' title="bbox 1434 2358 2496 2425; baseline 0 -16"><span class='ocrx_word' id='word_1_401' title='bbox 1434 2360 1549 2423; x_wconf 86' lang='lat' dir='ltr'>ipso</span> <span class='ocrx_word' id='word_1_402' title='bbox 1592 2358 1708 2409; x_wconf 90' lang='lat' dir='ltr'>loco</span> <span class='ocrx_word' id='word_1_403' title='bbox 1761 2359 2110 2424; x_wconf 84' lang='lat' dir='ltr'>detracturus,</span> <span class='ocrx_word' id='word_1_404' title='bbox 2150 2375 2320 2425; x_wconf 87' lang='lat' dir='ltr'>neque</span> <span class='ocrx_word' id='word_1_405' title='bbox 2359 2361 2496 2411; x_wconf 87' lang='lat' dir='ltr'>euim</span> 
     </span>
     <span class='ocr_line' id='line_1_79' title="bbox 1438 2436 2496 2502; baseline 0.004 -17"><span class='ocrx_word' id='word_1_406' title='bbox 1438 2443 1646 2499; x_wconf 86' lang='lat' dir='ltr'>poterat</span> <span class='ocrx_word' id='word_1_407' title='bbox 1687 2450 1868 2487; x_wconf 86' lang='lat' dir='ltr'>carcer</span> <span class='ocrx_word' id='word_1_408' title='bbox 1908 2436 2095 2501; x_wconf 86' lang='lat' dir='ltr'>videri,</span> <span class='ocrx_word' id='word_1_409' title='bbox 2136 2436 2187 2487; x_wconf 92' lang='lat' dir='ltr'>in</span> <span class='ocrx_word' id='word_1_410' title='bbox 2243 2452 2348 2502; x_wconf 90' lang='lat' dir='ltr'>quo</span> <span class='ocrx_word' id='word_1_411' title='bbox 2401 2438 2496 2489; x_wconf 90' lang='lat' dir='ltr'>So-</span> 
     </span>
     <span class='ocr_line' id='line_1_80' title="bbox 1435 2516 2498 2567; baseline 0.003 -4"><span class='ocrx_word' id='word_1_412' title='bbox 1435 2522 1606 2564; x_wconf 85' lang='lat' dir='ltr'>crates</span> <span class='ocrx_word' id='word_1_413' title='bbox 1661 2522 1791 2566; x_wconf 88' lang='lat' dir='ltr'>erat.</span> <span class='ocrx_word' id='word_1_414' title='bbox 1848 2516 2065 2567; x_wconf 62' lang='lat' dir='ltr'>consol!</span> <span class='ocrx_word' id='word_1_415' title='bbox 2112 2516 2179 2565; x_wconf 84' lang='lat' dir='ltr'>ad</span> <span class='ocrx_word' id='word_1_416' title='bbox 2235 2517 2498 2567; x_wconf 85' lang='lat' dir='ltr'>Helviam.</span> 
     </span>
     <span class='ocr_line' id='line_1_81' title="bbox 1436 2592 2497 2660; baseline 0 -17"><span class='ocrx_word' id='word_1_417' title='bbox 1436 2592 1642 2643; x_wconf 79' lang='lat' dir='ltr'>‘Quem</span> <span class='ocrx_word' id='word_1_418' title='bbox 1681 2592 1925 2643; x_wconf 86' lang='lat' dir='ltr'>intrando</span> <span class='ocrx_word' id='word_1_419' title='bbox 1964 2595 2222 2658; x_wconf 85' lang='lat' dir='ltr'>purgavit,</span> <span class='ocrx_word' id='word_1_420' title='bbox 2253 2594 2497 2660; x_wconf 87' lang='lat' dir='ltr'>omnique</span> 
     </span>
    </p>
   </div>
   <div class='ocr_carea' id='block_1_7' title="bbox 1418 2670 2499 2739">
    <p class='ocr_par' dir='ltr' id='par_1_21' title="bbox 1418 2670 2499 2739">
     <span class='ocr_line' id='line_1_82' title="bbox 1418 2670 2499 2739; baseline 0.003 -21"><span class='ocrx_word' id='word_1_421' title='bbox 1418 2670 1789 2739; x_wconf 39' lang='lat' dir='ltr'>„honestiorem</span> <span class='ocrx_word' id='word_1_422' title='bbox 1825 2670 1968 2720; x_wconf 87' lang='lat' dir='ltr'>curia</span> <span class='ocrx_word' id='word_1_423' title='bbox 1990 2670 2258 2721; x_wconf 89' lang='lat' dir='ltr'>reddidit.’</span> <span class='ocrx_word' id='word_1_424' title='bbox 2319 2671 2441 2722; x_wconf 87' lang='lat' dir='ltr'>Seu.</span> <span class='ocrx_word' id='word_1_425' title='bbox 2464 2674 2499 2721; x_wconf 91' lang='grc'>1.</span> 
     </span>
    </p>
   </div>
   <div class='ocr_carea' id='block_1_8' title="bbox 1436 2745 2500 3104">
    <p class='ocr_par' dir='ltr' id='par_1_22' title="bbox 1436 2745 2271 2798">
     <span class='ocr_line' id='line_1_83' title="bbox 1436 2745 2271 2798; baseline 0.005 -4"><span class='ocrx_word' id='word_1_426' title='bbox 1436 2759 1500 2795; x_wconf 89' lang='lat'>11.</span> <span class='ocrx_word' id='word_1_427' title='bbox 1527 2745 1595 2795; x_wconf 90' lang='lat' dir='ltr'>de</span> <span class='ocrx_word' id='word_1_428' title='bbox 1618 2745 1850 2796; x_wconf 88' lang='lat' dir='ltr'>Benefic.</span> <span class='ocrx_word' id='word_1_429' title='bbox 1872 2751 1954 2797; x_wconf 87' lang='grc'>27.</span> <span class='ocrx_word' id='word_1_430' title='bbox 1991 2747 2271 2798; x_wconf 73' lang='lat' dir='ltr'>Famabius.</span> 
     </span>
    </p>

    <p class='ocr_par' dir='ltr' id='par_1_23' title="bbox 1437 2822 2500 3104">
     <span class='ocr_line' id='line_1_84' title="bbox 1508 2822 2498 2889; baseline -0.001 -16"><span class='ocrx_word' id='word_1_431' title='bbox 1508 2822 1639 2878; x_wconf 78' lang='lat' dir='ltr'>Quid</span> <span class='ocrx_word' id='word_1_432' title='bbox 1680 2823 1878 2873; x_wconf 77' lang='lat' dir='ltr'>meritus</span> <span class='ocrx_word' id='word_1_433' title='bbox 1912 2823 1983 2886; x_wconf 83' lang='lat' dir='ltr'>es]</span> <span class='ocrx_word' id='word_1_434' title='bbox 2015 2822 2192 2889; x_wconf 87' lang='lat' dir='ltr'>Aliqui</span> <span class='ocrx_word' id='word_1_435' title='bbox 2223 2824 2342 2873; x_wconf 88' lang='lat' dir='ltr'>libri</span> <span class='ocrx_word' id='word_1_436' title='bbox 2366 2832 2421 2875; x_wconf 89' lang='lat' dir='ltr'>et</span> <span class='ocrx_word' id='word_1_437' title='bbox 2445 2828 2498 2873; x_wconf 87' lang='lat' dir='ltr'>iu</span> 
     </span>
     <span class='ocr_line' id='line_1_85' title="bbox 1437 2898 2498 2966; baseline 0.006 -20"><span class='ocrx_word' id='word_1_438' title='bbox 1437 2898 1517 2947; x_wconf 80' lang='lat' dir='ltr'>bis</span> <span class='ocrx_word' id='word_1_439' title='bbox 1557 2901 1876 2966; x_wconf 80' lang='lat' dir='ltr'>antiquiores</span> <span class='ocrx_word' id='word_1_440' title='bbox 1914 2915 2015 2951; x_wconf 89' lang='lat' dir='ltr'>non</span> <span class='ocrx_word' id='word_1_441' title='bbox 2051 2902 2248 2952; x_wconf 89' lang='lat' dir='ltr'>habeut</span> <span class='ocrx_word' id='word_1_442' title='bbox 2284 2902 2498 2952; x_wconf 86' lang='lat' dir='ltr'>verbum</span> 
     </span>
     <span class='ocr_line' id='line_1_86' title="bbox 1438 2977 2500 3044; baseline 0.005 -20"><span class='ocrx_word' id='word_1_443' title='bbox 1438 2990 1508 3037; x_wconf 86' lang='lat' dir='ltr'>es,</span> <span class='ocrx_word' id='word_1_444' title='bbox 1532 2977 1670 3040; x_wconf 88' lang='lat' dir='ltr'>quod</span> <span class='ocrx_word' id='word_1_445' title='bbox 1693 2992 1792 3027; x_wconf 87' lang='lat' dir='ltr'>nec</span> <span class='ocrx_word' id='word_1_446' title='bbox 1811 2994 1843 3027; x_wconf 87' lang='lat' dir='ltr'>a</span> <span class='ocrx_word' id='word_1_447' title='bbox 1876 2978 2084 3028; x_wconf 86' lang='lat' dir='ltr'>Donato</span> <span class='ocrx_word' id='word_1_448' title='bbox 2122 2979 2328 3044; x_wconf 87' lang='lat' dir='ltr'>quidem</span> <span class='ocrx_word' id='word_1_449' title='bbox 2356 2981 2500 3044; x_wconf 89' lang='lat' dir='ltr'>poni·</span> 
     </span>
     <span class='ocr_line' id='line_1_87' title="bbox 1440 3053 1811 3104; baseline 0.005 -2"><span class='ocrx_word' id='word_1_450' title='bbox 1440 3060 1542 3103; x_wconf 90' lang='lat' dir='ltr'>tur.</span> <span class='ocrx_word' id='word_1_451' title='bbox 1577 3053 1811 3104; x_wconf 63' lang='lat' dir='ltr'>Faernus.</span> 
     </span>
    </p>
   </div>
   <div class='ocr_carea' id='block_1_9' title="bbox 1508 3129 2499 3194">
    <p class='ocr_par' dir='ltr' id='par_1_24' title="bbox 1508 3129 2499 3194">
     <span class='ocr_line' id='line_1_88' title="bbox 1508 3129 2499 3194; baseline 0 -16"><span class='ocrx_word' id='word_1_452' title='bbox 1508 3130 1733 3194; x_wconf 77' lang='lat' dir='ltr'>Crucem]</span> <span class='ocrx_word' id='word_1_453' title='bbox 1767 3132 1934 3181; x_wconf 86' lang='lat' dir='ltr'>Plena</span> <span class='ocrx_word' id='word_1_454' title='bbox 1950 3129 2237 3180; x_wconf 85' lang='lat' dir='ltr'>satisfactio</span> <span class='ocrx_word' id='word_1_455' title='bbox 2261 3138 2360 3191; x_wconf 87' lang='lat' dir='ltr'>est,</span> <span class='ocrx_word' id='word_1_456' title='bbox 2379 3145 2499 3179; x_wconf 89' lang='lat' dir='ltr'>con-</span> 
     </span>
    </p>
   </div>
   <div class='ocr_carea' id='block_1_10' title="bbox 1381 3204 2499 3271">
    <p class='ocr_par' dir='ltr' id='par_1_25' title="bbox 1381 3204 2499 3271">
     <span class='ocr_line' id='line_1_89' title="bbox 1381 3204 2499 3271; baseline -0.003 -16"><span class='ocrx_word' id='word_1_457' title='bbox 1381 3225 1388 3232; x_wconf 87' lang='lat'><strong>·</strong></span> <span class='ocrx_word' id='word_1_458' title='bbox 1439 3204 1597 3256; x_wconf 83' lang='lat' dir='ltr'>fessio</span> <span class='ocrx_word' id='word_1_459' title='bbox 1615 3206 1823 3271; x_wconf 85' lang='lat' dir='ltr'>peccati</span> <span class='ocrx_word' id='word_1_460' title='bbox 1844 3205 1956 3256; x_wconf 89' lang='lat' dir='ltr'>siue</span> <span class='ocrx_word' id='word_1_461' title='bbox 1979 3207 2299 3256; x_wconf 89' lang='lat' dir='ltr'>recusatione</span> <span class='ocrx_word' id='word_1_462' title='bbox 2323 3220 2499 3269; x_wconf 82' lang='lat' dir='ltr'>poena·</span> 
     </span>
    </p>
   </div>
   <div class='ocr_carea' id='block_1_11' title="bbox 1437 3281 2507 4348">
    <p class='ocr_par' dir='ltr' id='par_1_26' title="bbox 1440 3281 2502 3657">
     <span class='ocr_line' id='line_1_90' title="bbox 1440 3281 2501 3339; baseline -0.005 -6"><span class='ocrx_word' id='word_1_463' title='bbox 1440 3298 1589 3333; x_wconf 83' lang='lat' dir='ltr'>rum:</span> <span class='ocrx_word' id='word_1_464' title='bbox 1642 3298 1763 3334; x_wconf 87' lang='lat' dir='ltr'>nam</span> <span class='ocrx_word' id='word_1_465' title='bbox 1807 3283 2036 3333; x_wconf 86' lang='lat' dir='ltr'>mitiores</span> <span class='ocrx_word' id='word_1_466' title='bbox 2080 3297 2170 3332; x_wconf 90' lang='lat' dir='ltr'>eos</span> <span class='ocrx_word' id='word_1_467' title='bbox 2214 3281 2501 3339; x_wconf 83' lang='lat' dir='ltr'>reddimus,</span> 
     </span>
     <span class='ocr_line' id='line_1_91' title="bbox 1440 3351 2501 3426; baseline -0.004 -16"><span class='ocrx_word' id='word_1_468' title='bbox 1440 3351 1626 3426; x_wconf 81' lang='lat' dir='ltr'>quibus</span> <span class='ocrx_word' id='word_1_469' title='bbox 1650 3362 1800 3411; x_wconf 82' lang='lat' dir='ltr'>vultu</span> <span class='ocrx_word' id='word_1_470' title='bbox 1832 3374 2010 3425; x_wconf 82' lang='lat' dir='ltr'>operae</span> <span class='ocrx_word' id='word_1_471' title='bbox 2046 3359 2270 3424; x_wconf 90' lang='lat' dir='ltr'>pretium</span> <span class='ocrx_word' id='word_1_472' title='bbox 2295 3373 2387 3422; x_wconf 88' lang='lat' dir='ltr'>pro</span> <span class='ocrx_word' id='word_1_473' title='bbox 2411 3358 2501 3407; x_wconf 75' lang='lat' dir='ltr'>de·</span> 
     </span>
     <span class='ocr_line' id='line_1_92' title="bbox 1440 3434 2501 3499; baseline -0.004 -13"><span class='ocrx_word' id='word_1_474' title='bbox 1440 3437 1580 3487; x_wconf 85' lang='lat' dir='ltr'>lictis</span> <span class='ocrx_word' id='word_1_475' title='bbox 1624 3438 1811 3487; x_wconf 85' lang='lat' dir='ltr'>uostris</span> <span class='ocrx_word' id='word_1_476' title='bbox 1855 3434 2138 3487; x_wconf 85' lang='lat' dir='ltr'>offerimus.</span> <span class='ocrx_word' id='word_1_477' title='bbox 2232 3436 2501 3499; x_wconf 79' lang='lat' dir='ltr'>Virgilius,</span> 
     </span>
     <span class='ocr_line' id='line_1_93' title="bbox 1442 3514 2502 3579; baseline -0.003 -15"><span class='ocrx_word' id='word_1_478' title='bbox 1442 3515 1726 3579; x_wconf 88' lang='lat' dir='ltr'>‘Equidem</span> <span class='ocrx_word' id='word_1_479' title='bbox 1772 3514 1958 3578; x_wconf 87' lang='lat' dir='ltr'>merui,</span> <span class='ocrx_word' id='word_1_480' title='bbox 1992 3529 2089 3564; x_wconf 88' lang='lat' dir='ltr'>nec</span> <span class='ocrx_word' id='word_1_481' title='bbox 2129 3514 2404 3577; x_wconf 88' lang='lat' dir='ltr'>deprecor,</span> <span class='ocrx_word' id='word_1_482' title='bbox 2428 3516 2502 3562; x_wconf 84' lang='lat' dir='ltr'>in-</span> 
     </span>
     <span class='ocr_line' id='line_1_94' title="bbox 1443 3583 2114 3657; baseline -0.001 -16"><span class='ocrx_word' id='word_1_483' title='bbox 1443 3591 1596 3657; x_wconf 65' lang='lat' dir='ltr'>quit!</span> <span class='ocrx_word' id='word_1_484' title='bbox 1631 3593 1867 3641; x_wconf 74' lang='lat' dir='ltr'>Donatus.</span> <span class='ocrx_word' id='word_1_485' title='bbox 2112 3583 2114 3585; x_wconf 50' lang='grc'><strong><em>’</em></strong></span> 
     </span>
    </p>

    <p class='ocr_par' dir='ltr' id='par_1_27' title="bbox 1437 3667 2503 4183">
     <span class='ocr_line' id='line_1_95' title="bbox 1511 3667 2501 3731; baseline -0.002 -14"><span class='ocrx_word' id='word_1_486' title='bbox 1511 3672 1576 3717; x_wconf 86' lang='grc'>16</span> <span class='ocrx_word' id='word_1_487' title='bbox 1608 3667 1706 3717; x_wconf 82' lang='lat' dir='ltr'>Sed</span> <span class='ocrx_word' id='word_1_488' title='bbox 1736 3668 1982 3731; x_wconf 75' lang='lat' dir='ltr'>paululum</span> <span class='ocrx_word' id='word_1_489' title='bbox 2016 3668 2117 3716; x_wconf 77' lang='lat' dir='ltr'>sine</span> <span class='ocrx_word' id='word_1_490' title='bbox 2153 3669 2215 3716; x_wconf 79' lang='lat' dir='ltr'>ad</span> <span class='ocrx_word' id='word_1_491' title='bbox 2247 3681 2319 3716; x_wconf 87' lang='lat' dir='ltr'>me</span> <span class='ocrx_word' id='word_1_492' title='bbox 2351 3672 2405 3716; x_wconf 81' lang='grc' dir='ltr'>ιιι</span> <span class='ocrx_word' id='word_1_493' title='bbox 2428 3684 2501 3715; x_wconf 75' lang='lat' dir='ltr'>re-</span> 
     </span>
     <span class='ocr_line' id='line_1_96' title="bbox 1443 3744 2502 3807; baseline -0.003 -12"><span class='ocrx_word' id='word_1_494' title='bbox 1443 3744 1602 3807; x_wconf 82' lang='lat' dir='ltr'>deam]</span> <span class='ocrx_word' id='word_1_495' title='bbox 1634 3744 1703 3794; x_wconf 90' lang='lat'>0.</span> <span class='ocrx_word' id='word_1_496' title='bbox 1749 3745 1783 3792; x_wconf 90' lang='lat'>1.</span> <span class='ocrx_word' id='word_1_497' title='bbox 1827 3760 1868 3793; x_wconf 88' lang='lat' dir='ltr'>s.</span> <span class='ocrx_word' id='word_1_498' title='bbox 1905 3752 1962 3792; x_wconf 89' lang='lat' dir='ltr'>et</span> <span class='ocrx_word' id='word_1_499' title='bbox 1999 3745 2259 3805; x_wconf 88' lang='lat' dir='ltr'>Donatus,</span> <span class='ocrx_word' id='word_1_500' title='bbox 2298 3745 2379 3793; x_wconf 87' lang='lat' dir='ltr'>sed</span> <span class='ocrx_word' id='word_1_501' title='bbox 2401 3746 2502 3792; x_wconf 75' lang='lat' dir='ltr'>sine</span> 
     </span>
     <span class='ocr_line' id='line_1_97' title="bbox 1437 3821 2502 3886; baseline -0.004 -14"><span class='ocrx_word' id='word_1_502' title='bbox 1437 3823 1713 3886; x_wconf 76' lang='lat' dir='ltr'>paululum.-</span> <span class='ocrx_word' id='word_1_503' title='bbox 1747 3821 1884 3885; x_wconf 90' lang='lat' dir='ltr'>quod</span> <span class='ocrx_word' id='word_1_504' title='bbox 1926 3835 2045 3870; x_wconf 85' lang='lat' dir='ltr'>vero</span> <span class='ocrx_word' id='word_1_505' title='bbox 2093 3821 2324 3885; x_wconf 89' lang='lat' dir='ltr'>sequitur</span> <span class='ocrx_word' id='word_1_506' title='bbox 2355 3823 2405 3870; x_wconf 93' lang='lat' dir='ltr'>in</span> <span class='ocrx_word' id='word_1_507' title='bbox 2445 3824 2502 3869; x_wconf 85' lang='lat' dir='ltr'>li-</span> 
     </span>
     <span class='ocr_line' id='line_1_98' title="bbox 1445 3894 2503 3964; baseline -0.003 -16"><span class='ocrx_word' id='word_1_508' title='bbox 1445 3901 1551 3949; x_wconf 91' lang='lat' dir='ltr'>bris</span> <span class='ocrx_word' id='word_1_509' title='bbox 1596 3894 1968 3964; x_wconf 82' lang='lat' dir='ltr'>antiquioribus</span> <span class='ocrx_word' id='word_1_510' title='bbox 2005 3906 2061 3949; x_wconf 89' lang='lat' dir='ltr'>et</span> <span class='ocrx_word' id='word_1_511' title='bbox 2096 3900 2354 3963; x_wconf 86' lang='lat' dir='ltr'>plerisque</span> <span class='ocrx_word' id='word_1_512' title='bbox 2389 3900 2503 3947; x_wconf 81' lang='lat' dir='ltr'>aliis</span> 
     </span>
     <span class='ocr_line' id='line_1_99' title="bbox 1441 3977 2501 4041; baseline -0.005 -14"><span class='ocrx_word' id='word_1_513' title='bbox 1441 3984 1525 4027; x_wconf 89' lang='lat' dir='ltr'>est</span> <span class='ocrx_word' id='word_1_514' title='bbox 1543 3979 1653 4027; x_wconf 90' lang='lat' dir='ltr'>sine</span> <span class='ocrx_word' id='word_1_515' title='bbox 1671 3977 1928 4041; x_wconf 80' lang='lat' dir='ltr'>particula</span> <span class='ocrx_word' id='word_1_516' title='bbox 1949 3981 2037 4035; x_wconf 76' lang='lat' dir='ltr'>ut3</span> <span class='ocrx_word' id='word_1_517' title='bbox 2073 3982 2154 4025; x_wconf 89' lang='lat' dir='ltr'>est</span> <span class='ocrx_word' id='word_1_518' title='bbox 2181 3983 2352 4025; x_wconf 87' lang='lat' dir='ltr'>autem</span> <span class='ocrx_word' id='word_1_519' title='bbox 2387 3990 2501 4024; x_wconf 79' lang='lat' dir='ltr'>ver-</span> 
     </span>
     <span class='ocr_line' id='line_1_100' title="bbox 1443 4055 2502 4117; baseline -0.003 -14"><span class='ocrx_word' id='word_1_520' title='bbox 1443 4070 1530 4104; x_wconf 88' lang='lat' dir='ltr'>sus</span> <span class='ocrx_word' id='word_1_521' title='bbox 1586 4055 1896 4116; x_wconf 76' lang='lat' dir='ltr'>trochaicuS‚</span> <span class='ocrx_word' id='word_1_522' title='bbox 1950 4061 2011 4102; x_wconf 92' lang='lat' dir='ltr'>ut</span> <span class='ocrx_word' id='word_1_523' title='bbox 2056 4056 2144 4117; x_wconf 87' lang='lat' dir='ltr'>qui</span> <span class='ocrx_word' id='word_1_524' title='bbox 2200 4058 2502 4115; x_wconf 89' lang='lat' dir='ltr'>sequuntur.</span> 
     </span>
     <span class='ocr_line' id='line_1_101' title="bbox 1447 4133 1681 4183; baseline -0.004 0"><span class='ocrx_word' id='word_1_525' title='bbox 1447 4133 1681 4183; x_wconf 67' lang='lat' dir='ltr'>Faernus.</span> 
     </span>
    </p>

    <p class='ocr_par' dir='ltr' id='par_1_28' title="bbox 1451 4203 2507 4348">
     <span class='ocr_line' id='line_1_102' title="bbox 1509 4203 2507 4270; baseline -0.007 -11"><span class='ocrx_word' id='word_1_526' title='bbox 1509 4211 1592 4259; x_wconf 77' lang='lat' dir='ltr'>Aa</span> <span class='ocrx_word' id='word_1_527' title='bbox 1612 4223 1686 4257; x_wconf 85' lang='lat' dir='ltr'>me</span> <span class='ocrx_word' id='word_1_528' title='bbox 1703 4214 1755 4257; x_wconf 81' lang='lat' dir='ltr'>ut</span> <span class='ocrx_word' id='word_1_529' title='bbox 1775 4206 1985 4270; x_wconf 80' lang='lat' dir='ltr'>redeam]</span> <span class='ocrx_word' id='word_1_530' title='bbox 2018 4204 2197 4254; x_wconf 82' lang='lat' dir='ltr'>Redire</span> <span class='ocrx_word' id='word_1_531' title='bbox 2217 4206 2280 4253; x_wconf 83' lang='lat' dir='ltr'>ad</span> <span class='ocrx_word' id='word_1_532' title='bbox 2298 4219 2346 4253; x_wconf 89' lang='lat' dir='ltr'>se</span> <span class='ocrx_word' id='word_1_533' title='bbox 2379 4203 2507 4253; x_wconf 90' lang='lat' dir='ltr'>dici-</span> 
     </span>
     <span class='ocr_line' id='line_1_103' title="bbox 1451 4279 2505 4348; baseline -0.005 -14"><span class='ocrx_word' id='word_1_534' title='bbox 1451 4293 1557 4348; x_wconf 86' lang='lat' dir='ltr'>tur,</span> <span class='ocrx_word' id='word_1_535' title='bbox 1602 4285 1691 4346; x_wconf 90' lang='lat' dir='ltr'>qui</span> <span class='ocrx_word' id='word_1_536' title='bbox 1730 4284 1951 4332; x_wconf 84' lang='lat' dir='ltr'>animum</span> <span class='ocrx_word' id='word_1_537' title='bbox 1994 4281 2201 4345; x_wconf 87' lang='lat' dir='ltr'>recipit,</span> <span class='ocrx_word' id='word_1_538' title='bbox 2232 4288 2288 4330; x_wconf 92' lang='lat' dir='ltr'>et</span> <span class='ocrx_word' id='word_1_539' title='bbox 2327 4279 2505 4330; x_wconf 88' lang='lat' dir='ltr'>sedem</span> 
     </span>
    </p>
   </div>
  </div>
 </body>
</html>
