3035 4941
538 362 795 430 1328.

603 526 668 573 97
701 519 848 571 Mane
868 515 1186 580 habeoaliud]
1231 515 1349 566 Hoc
1371 513 1592 578 irrideus

541 601 688 651 dicit.
713 599 823 647 vult
844 598 977 646 enim
1007 596 1188 646 obvius
1209 595 1285 644 ire
1309 593 1594 651 meretrici,

540 684 597 727 et
620 676 794 725 dicere
816 682 874 723 ut
897 675 1100 724 domum
1128 678 1437 722 revertatur.
1482 669 1593 719 Ali-

538 761 625 810 ‚ter
645 752 783 802 enim
803 750 1008 800 incitari
1025 748 1371 798 adolescentis
1394 747 1593 796 animus

540 845 644 881 non
687 834 882 892 potest,
935 827 1023 891 qui
1077 824 1378 874 fastidiosus
1432 821 1595 885 coepit

540 919 654 964 esse
692 917 790 967 per
822 902 1047 966 copiam,
1085 900 1182 949 nisi
1212 899 1263 949 id
1288 898 1424 963 quod
1447 898 1597 963 cupit

539 980 847 1044 denegetur.
881 980 1032 1027 Idem.

606 1055 753 1104 Mane
787 1052 932 1102 habeo
969 1051 1123 1115 aliud]
1157 1049 1391 1116 Augetur
1421 1051 1597 1116 gratia

539 1131 737 1193 ironiae,
780 1129 916 1194 quod
957 1129 1186 1191 Clitipho
1224 1129 1440 1192 accipit,
1481 1135 1594 1190 tan-

540 1222 694 1272 quam
717 1207 852 1256 serio
874 1205 1050 1254 dicta:
1090 1206 1322 1270 adeoque
1342 1203 1401 1253 τὸ
1422 1205 1596 1268 ἀπροσ-

540 1282 719 1346 δοκήτῳ
740 1282 1103 1347 consequentis
1126 1283 1369 1332 orationis
1394 1284 1594 1348 percel-

539 1366 683 1414 litur.
715 1364 973 1413 Boeclerus.

606 1440 771 1501 Mane,
807 1438 949 1487 habeo
983 1437 1137 1501 aliud]
1170 1436 1475 1502 Indignatus
1494 1438 1593 1502 ,Sy-

541 1531 626 1566 rus
650 1514 923 1579 improbari
948 1529 978 1562 a
1007 1514 1303 1579 Clitiphone
1325 1515 1594 1563 consilium

539 1607 706 1652 suum,
756 1590 964 1654 simulat
1016 1603 1072 1638 se
1127 1588 1265 1638 aliud
1321 1590 1594 1648 invenisse,

540 1666 679 1732 quod
718 1665 910 1729 absque
954 1664 1184 1729 periculo
1220 1662 1344 1714 fietz
1391 1664 1592 1714 obviam

541 1759 597 1793 se
632 1743 820 1792 iturum
843 1741 1109 1799 Bacchidi,
1148 1740 1509 1806 dicturumque
1534 1746 1595 1792 ut

541 1820 744 1870 domum
771 1826 1078 1868 revertatur.
1115 1818 1402 1868 Famabius.

608 1901 700 1946 101
739 1898 801 1945 In
822 1910 984 1945 aurem
1005 1894 1235 1944 utramvis
1250 1895 1396 1944 otiose
1410 1899 1464 1945 ut
1484 1896 1594 1944 dor·

540 1972 684 2036 mins]
707 1970 1040 2021 Proverbiale
1063 1978 1160 2028 est,
1181 1971 1317 2022 sicut
1334 1985 1398 2020 ex
1418 1971 1596 2021 Plauti

540 2033 801 2098 Pseudolo
839 2047 904 2112 (ι.
932 2052 978 2097 1.
1004 2051 1117 2097 121.
1140 2045 1264 2111 διο.)
1297 2055 1462 2112 patet.
1487 2048 1597 2111 ubi,

540 2139 667 2178 cum.
697 2138 874 2173 servus
915 2120 1283 2187 διεστραμμένους
1320 2124 1596 2173 extulisset

541 2201 786 2265 captandi
801 2203 915 2267 joci
938 2217 1127 2251 causa·
1114 2238 1127 2251 .
1165 2204 1182 2231 4
1202 2203 1288 2252 De
1312 2203 1445 2254 istac
1463 2217 1520 2252 re
1541 2203 1593 2252 in

542 2281 747 2329 oculum
772 2278 1022 2327 utrumvis
1041 2279 1390 2343 conquiescito
1407 2279 1457 2342 ς’·
1471 2279 1594 2330 ado·

538 2358 739 2406 lesceus
782 2355 1031 2418 corrigit:
1080 2356 1094 2383 4
1123 2356 1345 2405 Oculum
1400 2363 1593 2419 utrum,

539 2450 671 2487 aune
710 2434 761 2484 in
798 2431 1034 2484 aurem?’
1070 2434 1354 2499 respondet
1381 2450 1591 2487 servus·

540 2516 557 2543 ‘
580 2513 651 2563 At
704 2512 802 2562 hoc
851 2512 1209 2576 pervulgatum
1256 2518 1338 2563 est
1392 2511 1593 2564 minus!

540 2590 800 2640 Boeclerus.

604 2665 668 2714 In
692 2678 871 2726 aurem,
907 2663 1013 2729 ξα]
1062 2665 1141 2715 Ex
1171 2631 1445 2717 Menandri
1472 2667 1593 2717 Plo·

537 2741 638 2790 cio.
670 2739 771 2788 ’'Ea·
792 2739 1059 2805 ἀμφοτέραν
1083 2741 1142 2791 ἵν’
1167 2741 1411 2807 ἐπίκληρος
1428 2742 1460 2802 ἦ
1477 2742 1593 2805 μέλ-

536 2826 616 2867 λει
658 2815 968 2876 καθευδήσων.
1024 2818 1161 2867 unde
1211 2819 1332 2870 lusit
1375 2821 1594 2870 Plautus

538 2893 734 2944 Pseud.
759 2902 863 2944 act.
885 2908 923 2943 1.
946 2910 1018 2943 sc.
1045 2899 1091 2946 1.
1130 2897 1144 2924 4
1167 2895 1245 2944 De
1284 2896 1415 2945 istac
1449 2911 1503 2946 re
1540 2898 1594 2948 in

537 2971 742 3020 oculum
778 2971 1024 3021 utrumvis
1062 2972 1431 3036 conquiescito.
1497 2962 1594 3025 CA.

537 3048 743 3097 oculum
767 3054 958 3111 utrum,
982 3061 1116 3098 anne
1140 3050 1352 3099 aurem?
1387 3049 1593 3102 Psnun.

535 3122 612 3173 At
634 3124 731 3174 hoc
755 3126 1116 3189 pervulgatum
1140 3133 1222 3175 est
1252 3125 1438 3177 nimis!
1470 3128 1519 3175 h.
1543 3142 1590 3176 e.

537 3208 597 3251 ut
642 3201 809 3251 animo
861 3202 931 3251 sis
973 3216 1159 3252 securo
1203 3208 1361 3268 atque
1406 3202 1589 3255 otioso.

536 3276 823 3326 Famabius.

602 3355 697 3401 102
733 3354 863 3411 Quid
884 3368 975 3416 ago
1002 3361 1155 3406 nunc?
1184 3353 1291 3419 ξω]
1323 3356 1495 3420 Hujus
1519 3357 1588 3406 lo-

536 3427 586 3477 ci
630 3429 1031 3492 explicationem
1078 3432 1319 3482 Muretus
1375 3434 1591 3498 reperit,

535 3505 775 3568 Guyetus
797 3507 1038 3565 absolvit.
1070 3509 1330 3559 Baeclerus.

602 3582 768 3630 Tune?
787 3585 912 3645 quod
934 3582 1065 3647 boni]
1100 3584 1330 3635 Praecisa
1346 3585 1456 3636 haec
1474 3600 1590 3636 ora·

535 3656 611 3705 tio
653 3657 838 3706 ordine
875 3659 1003 3708 tali:
1038 3662 1054 3688 4
1077 3661 1262 3709 Tune?
1298 3661 1435 3726 quod
1470 3662 1589 3714 boni

534 3739 617 3781 est
653 3731 847 3794 fruare,
885 3734 1006 3783 dum
1048 3735 1208 3787 licet!
1253 3738 1449 3793 Rursus
1489 3740 1590 3790 alia

534 3810 783 3874 prr-cisa:
819 3812 835 3839 4
862 3812 996 3861 Nam
1017 3812 1254 3862 nescias!
1291 3814 1439 3878 cujus
1458 3816 1586 3865 ordo

532 3894 647 3936 est:
695 3887 823 3951 Ejus
861 3888 927 3936 sit
968 3895 1197 3951 potestas
1230 3892 1440 3955 posthac
1462 3908 1588 3942 nuu-

533 3978 700 4028 quam.
733 3964 1055 4028 Eugraphius.

597 4045 691 4092 104
728 4042 895 4092 Datur
915 4043 1071 4106 modo]
1129 4044 1378 4095 Delemus
1399 4046 1585 4099 dictio·

530 4132 647 4167 nem
669 4120 821 4180 modo,
847 4134 996 4183 quam
1018 4120 1070 4169 iu
1090 4122 1229 4170 nullo
1252 4123 1290 4173 1.
1311 4137 1353 4173 s.
1383 4122 1585 4174 inveni·

528 4208 659 4243 mus.
701 4194 925 4245 Faiinm.
955 4221 961 4231 ι

595 4274 691 4321 108
728 4273 997 4337 Consuluit]
1044 4274 1229 4325 Calore
1264 4276 1592 4349 subitocong

1244 371 1457 423 No'rAE
1507 371 1904 420 vammum
1954 371 2034 420 m

1669 511 1857 563 citatus
1879 518 1977 561 est.
2019 511 2333 576 Eugraphiru.

1736 588 2006 652 concaluit]
2076 589 2252 651 Irene,
2293 603 2357 640 an
2400 587 2611 650 amore?
2668 592 2732 638 ut

1668 665 1902 716 Eunuch.
1928 674 2034 715 act.
2057 679 2095 716 1.
2114 681 2188 715 sc.
2208 669 2257 715 2.
2293 666 2408 715 haec
2440 678 2731 715 conversus

1669 742 1735 792 ad
1768 750 2108 805 spectatores.
2143 743 2428 796 Famabius.

1738 822 1829 868 113
1868 819 2018 874 Quasi
2050 819 2202 868 minor
2235 818 2368 883 istic]
2398 816 2461 867 In
2482 818 2584 867 hoc
2609 831 2736 867 con·

1670 894 1789 946 silio
1830 897 1991 959 magis
2028 895 2148 945 mihi
2186 897 2466 961 periculum
2491 895 2736 959 proposi-

1670 979 1780 1021 tum
1817 978 1918 1032 est,
1947 986 2100 1036 quam
2124 971 2237 1021 tibi.
2306 972 2442 1032 Nam
2465 970 2508 1020 si
2531 967 2737 1035 aliquid

1669 1047 1876 1112 adversi
1911 1048 2208 1112 contigerit,
2251 1047 2349 1097 tibi
2403 1045 2568 1096 verba
2604 1053 2736 1096 sunt

1671 1132 1981 1190 praeparata,
2005 1125 2126 1175 mihi
2146 1139 2269 1182 vero
2289 1123 2525 1182 verbera.
2569 1122 2736 1172 Unde

1668 1204 1798 1253 hanc
1823 1217 1928 1252 rem
1962 1203 2229 1266 negligere
2253 1200 2458 1251 omnino
2482 1212 2588 1249 non
2612 1212 2737 1263 pos-

1669 1296 1799 1331 sum.
1835 1280 2160 1344 Eugraphiroe.
2218 1318 2224 1323 -

1732 1358 1854 1408 Istic
1873 1359 2010 1422 quasi
2031 1357 2207 1421 minor]
2246 1353 2314 1406 Ο.
2335 1356 2369 1407 l.
2393 1370 2437 1407 s.
2461 1355 2601 1419 quasi
2619 1354 2739 1406 istic

1667 1435 1834 1484 minor.
1857 1443 1964 1485 stat
1986 1441 2157 1483 autem
2179 1433 2428 1496 senarius,
2448 1434 2491 1482 si
2516 1447 2583 1496 ex
2606 1432 2738 1492 istuc

1665 1526 1690 1560 s
1712 1512 1891 1561 elidas.
1935 1511 2160 1560 Faernus.

1736 1592 1827 1640 115
1872 1587 2043 1650 Verba,
2064 1586 2169 1652 ξω]
2192 1584 2578 1636 Paronomasia.
2603 1586 2738 1636 Far

1665 1668 1850 1719 stabius.
1963 1715 1964 1720 ,

1733 1749 1829 1795 116
1866 1745 2163 1810 Quapropter
2181 1744 2455 1807 neutiquam
2488 1742 2593 1800 hoec
2631 1740 2739 1805 res]

1668 1820 1731 1872 In
1771 1835 1819 1871 o.
1851 1821 1886 1871 l.
1925 1836 1965 1872 s.
2004 1822 2117 1871 haec
2155 1820 2312 1871 verba
2333 1819 2468 1868 hunc
2492 1818 2739 1888 ordinem

1666 1896 1895 1946 habent·
1881 1931 1894 1945 .
1918 1902 2198 1961 quapropter
2210 1896 2311 1945 1·aess
2327 1909 2405 1944 res
2424 1895 2740 1958 neutiquam·
2724 1931 2740 1943 .

1669 1973 1721 2023 iu
1740 1974 2011 2037 nentiquam
2032 1985 2205 2023 autem
2222 1971 2284 2021 fit
2305 1970 2536 2035 dialysis‚
2568 1978 2633 2021 et
2657 1984 2740 2020 re·

1666 2057 1844 2100 manet
1864 2055 2176 2112 anapaestus.
2204 2047 2437 2098 Faernus.
2482 2095 2486 2101 .

1733 2126 1888 2189 Mihi]
1924 2127 2053 2175 Mihi
2077 2127 2323 2174 δεικτικῶς.
2359 2122 2650 2173 Farnobium.

1736 2207 1831 2252 118
1852 2204 1916 2252 In
1937 2202 2157 2262 eumjam
2177 2217 2254 2251 res
2274 2201 2444 2264 rediit]
2469 2200 2743 2264 Intelligit

1668 2280 1854 2343 Clinia,
1868 2295 1984 2331 cum
1999 2280 2137 2344 apud
2160 2279 2302 2327 illum
2324 2278 2391 2326 sit
2413 2278 2619 2339 hospes,
2644 2292 2741 2327 ne·

1668 2356 1965 2406 cessitatem
2009 2355 2106 2406 sibi
2148 2355 2462 2418 impositam,
2497 2354 2576 2401 uti
2613 2352 2741 2417 hoc,

1667 2435 1801 2499 quod
1826 2433 1892 2485 ab
1915 2448 1979 2484 eo
2004 2433 2220 2497 petitur,
2244 2444 2432 2495 negare
2461 2429 2656 2494 possit,
2678 2437 2740 2482 ut

1667 2511 1936 2561 assimulet
1972 2511 2184 2561 amicam
2222 2522 2364 2567 suam
2403 2521 2518 2556 esse
2560 2521 2737 2563 mere·
2751 2549 2757 2557 ,

1667 2589 1871 2641 tricem
1903 2588 2226 2651 Eugraphms.

1734 2670 1830 2715 119
1869 2667 1936 2716 Ut
1965 2668 2028 2715 sit
2064 2664 2272 2728 necesse]
2324 2662 2482 2712 Liber
2513 2662 2738 2712 Bembi-

1668 2757 1764 2792 nus
1786 2750 1841 2792 et
1860 2743 1944 2792 hic
1966 2750 2020 2791 et
2042 2742 2164 2791 alibi
2187 2741 2345 2793 habet
2375 2753 2611 2802 necessus,
2636 2755 2743 2804 pro

1666 2832 1868 2869 necesse.
1903 2817 2145 2867 Ραὲτηιιε.

1741 2897 1813 2946 Ut
1863 2897 1931 2945 sit
1982 2886 2194 2958 necesse]
2270 2896 2352 2945 Ex
2412 2895 2737 2966 Menandro.

1666 2971 1780 3037 Τρία
1795 2970 1889 3035 γάρ
1904 2973 2005 3021 ἔστι
2024 2969 2247 3033 δέσποτα,
2266 2972 2322 3020 δι’
2336 2967 2400 3019 ὄν
2416 2967 2607 3020 ἅπαντα
2618 2972 2736 3034 γίγ-
2765 2966 2774 2976 ’

1666 3067 1813 3112 verat,
1841 3047 1906 3097 *H
1925 3050 2049 3099 κατὰ
2070 3047 2251 3111 νόμους,
2283 3049 2316 3108 ἦ
2345 3051 2450 3099 ταῖς
2483 3045 2739 3114 ἀνάγκαις,

1662 3126 1696 3185 ἥ
1714 3143 1775 3188 ’γε
1792 3125 1953 3190 τρίτον
1968 3124 2060 3176 ἔθει
2079 3126 2186 3175 τινί.
2218 3128 2497 3177 Furnabius.

1727 3208 1823 3253 120
1843 3204 2111 3253 Verumiua
2126 3220 2187 3272 ne
2202 3205 2316 3269 quid
2330 3202 2529 3265 titubet]
2550 3205 2737 3256 Plaut-

1665 3282 1857 3331 Pseud.
1878 3297 1955 3333 ιν.
1980 3287 2025 3332 1.
2051 3288 2131 3333 32.
2153 3284 2167 3311 4
2185 3291 2240 3333 at
2263 3282 2380 3332 vide
2401 3298 2469 3332 ne
2495 3283 2735 3334 titubes.’

1664 3362 1719 3407 et
1739 3372 1856 3429 pum
1879 3359 2266 3422 explicatione:
2296 3359 2561 3413 {onerabo
2597 3361 2730 3410 meis

1665 3434 1947 3503 praeceptis
1962 3433 2192 3498 Simiam,
2205 3434 2341 3487 Quid
2359 3443 2500 3499 agat,
2514 3450 2581 3485 ne
2597 3436 2731 3501 quid

1663 3509 1877 3572 titubet,
1901 3510 2056 3561 docte
2083 3519 2168 3563 *uti
2188 3512 2319 3562 hanc
2351 3510 2492 3562 ferat
2524 3511 2731 3565 fallaci·

1664 3584 1785 3634 am.'
1815 3586 2081 3636 Boeclerus.
2509 3636 2512 3639 Α

1728 3665 1823 3710 122
1863 3663 1984 3719 Quoe
2002 3665 2124 3714 solet
2142 3680 2256 3728 quos
2278 3668 2521 3732 spernere]
2573 3668 2723 3719 Cliti·

1663 3738 1845 3801 phonis
1869 3740 1982 3789 haec
2004 3742 2164 3790 verba
2184 3749 2334 3803 sunt;
2370 3759 2486 3808 quae
2513 3748 2647 3797 male
2671 3748 2722 3798 in

1663 3816 1926 3878 impressis
1961 3816 2228 3867 codicibus
2268 3819 2455 3870 Cliniae
2487 3822 2724 3873 tribuun-

1663 3900 1762 3942 tur.
1787 3907 1867 3943 res
1899 3893 2014 3957 ipsa
2042 3898 2361 3959 expostulat,
2395 3900 2538 3963 quod
2573 3900 2717 3952 dixi:

1659 3984 1762 4032 «μισ
1782 3970 1901 4019 solet
1933 3986 2048 4034 quos
2066 3986 2283 4035 spernere
2297 3989 2315 4022 .-
2364 3976 2550 4040 accipe
2570 3984 2714 4043 quos?

1658 4047 1692 4096 i.
1716 4060 1763 4096 e.
1784 4047 1982 4110 quales,
2008 4059 2232 4113 quantos
2250 4051 2499 4104 homines.
2535 4055 2687 4103 Idm.

1679 4164 1686 4167 .
1723 4123 1826 4185 lai,
1846 4124 1952 4188 ξω]
2005 4126 2275 4189 Bacchidi,
2308 4141 2424 4190 quse
2458 4130 2593 4179 solet
2626 4131 2717 4179 ali·

1659 4217 1785 4268 quos
1805 4210 2061 4254 amatores
2082 4220 2344 4269 spernere.
2376 4208 2664 4260 Far-nabitu.

1724 4285 1817 4332 123
1833 4281 1897 4331 In
1907 4286 2110 4347 tempore
2123 4287 2188 4335 nd
2206 4283 2332 4350 eam]
2353 4286 2416 4336 ln
2431 4286 2715 4339 occasione:
