3035 4941
468 318 681 387 ι1388
770 337 799 379 ,·

510 478 717 529 nomine
738 491 843 538 ego.
880 474 1125 525 Fa'e'rnus.

576 558 755 605 Sci-:ua
789 567 842 602 v.
897 551 1095 602 Eodem
1152 558 1334 601 metro.
1389 564 1462 599 vs.
1511 554 1562 599 0.

511 631 640 680 Mss.
664 643 874 678 omnes.
861 645 874 657 ·
906 629 1009 677 sine
1041 632 1089 677 te
1111 642 1312 677 exorem.
1335 634 1391 676 et
1413 639 1564 675 mox·

506 722 671 769 egone.
709 720 786 755 vs.
807 710 856 754 9.
901 719 1108 754 omnes:
1155 704 1268 767 qnid
1310 699 1472 752 istuc?
1509 708 1567 751 et

510 799 583 833 vs.
607 788 686 833 10.
733 784 780 831 si
815 781 1066 840 idsociut.
1110 796 1185 831 vs.
1219 784 1298 829 14.
1349 778 1565 839 Argent.

511 876 628 911 cum
653 860 852 924 glossa:
888 864 973 908 aut
992 859 1126 908 illam
1143 856 1403 980 ‹1‹.·‹:i1n‘ot,v
1386 853 1469 904 aut
1491 869 1566 904 me

506 935 754 985 inimicum
791 934 978 996 habeut,
1014 935 1175 983 uirum
1213 934 1331 983 vult.
1434 936 1563 981 ..15

510 1026 721 1061 omnes·
708 1045 721 1060 .
777 1011 1068 1074 cog-noveris.
1112 1027 1185 1060 νο.-
1220 1014 1301 1060 21.
1345 1021 1565 1059 omnes:

510 1090 813 1140 Archonidis.
867 1088 972 1137 Sed
994 1089 1048 1137 in
1071 1101 1191 1150 uno,
1214 1086 1438 1136 secunda
1460 1099 1567 1134 ma-

509 1181 602 1228 nu,
622 1167 797 1215 deleta
815 1173 897 1214 est
919 1166 1068 1214 litera
1092 1171 1369 1228 postrema.
1384 1162 1567 1212 Archo·

510 1243 619 1291 nidi
642 1243 778 1291 enim
802 1242 1066 1306 scripsisse
1083 1241 1321 1297 Poetam,
1346 1247 1568 1289 testatur

513 1317 812 1367 Priscianus
833 1317 924 1367 lib.
944 1332 1022 1367 v1.
1057 1317 1311 1369 Boecleru's.

580 1397 607 1443 1
634 1394 778 1443 Enim
800 1409 910 1442 vero
935 1394 1180 1457 Chremes]
1215 1394 1443 1443 Procedit
1461 1394 1567 1443 Me-

513 1472 748 1534 nedemus,
783 1477 838 1518 ut
872 1472 1023 1520 omnis
1037 1485 1239 1533 persona
1262 1470 1316 1519 in
1329 1477 1571 1533 postrema

512 1552 649 1609 parte
684 1562 891 1610 presens
923 1548 1004 1597 sit.
1081 1547 1230 1597 Venia
1267 1550 1409 1596 datur
1434 1547 1568 1612 filio,

516 1630 570 1673 ui
604 1628 799 1674 cuminas
819 1640 950 1674 error
966 1625 1120 1687 possit
1139 1624 1335 1674 absolvi.
1376 1659 1379 1660 γ
1400 1624 1570 1674 Adhuc

517 1706 679 1749 tamen.
732 1714 1034 1763 perseuerans
1088 1701 1309 1749 Chremes
1354 1700 1571 1749 convenit

517 1778 862 1841 Menedemum,
905 1782 959 1827 ut
976 1777 1140 1842 filiam
1174 1780 1333 1827 ducat.
1368 1778 1569 1841 Eugra·

520 1853 692 1918 phius.

580 1931 725 1979 Enim
777 1946 887 1980 vero
945 1926 1190 1991 Chremes]
1243 1928 1569 1979 Conveniunt

515 2012 629 2064 haec
672 2012 830 2062 verba
873 2026 1108 2075 personae
1154 2009 1469 2071 Menedemi,
1513 2015 1571 2056 ut

518 2090 603 2152 qui
622 2090 946 2152 experientia
963 2087 1232 2137 didicisset
1254 2101 1404 2151 quam
1437 2087 1570 2134 male

517 2166 611 2216 sibi
647 2166 864 2216 cesserit
901 2164 1175 2214 austeritas
1211 2164 1392 2227 patris.

518 2242 705 2291 nabilis.

582 2323 614 2366 8
662 2319 762 2366 Cur
801 2332 895 2366 non
937 2317 1110 2365 accersi
1135 2315 1279 2376 jubes
1306 2314 1487 2380 filiam,
1523 2318 1571 2363 et

518 2397 640 2457 quod
680 2394 804 2443 dotis
833 2393 955 2453 dixi,
983 2393 1180 2457 firmas]
1219 2394 1341 2441 Duo
1378 2406 1479 2440 una
1515 2397 1572 2441 et

518 2469 699 2520 eadem
719 2485 881 2533 opera
899 2470 1004 2531 agit
1024 2469 1267 2519 Chremes
1286 2485 1302 2531 3
1322 2469 1446 2518 utin
1466 2466 1568 2517 tine

516 2548 710 2598 fabulae
733 2554 1159 2612 promoverentur
1191 2546 1388 2609 nuptiae
1428 2546 1567 2604 flliae,

518 2639 670 2689 quam
693 2622 1075 2685 desponderat;
1110 2629 1165 2671 et
1188 2626 1245 2672 ut
1266 2622 1570 2686 Clitiphoni,

518 2701 663 2764 cujus
686 2700 882 2749 animus
908 2699 1215 2762 poenitentia
1231 2688 1345 2762 jam
1379 2699 1569 2750 infrac-

519 2785 603 2825 tus
648 2783 783 2838 erat,
827 2777 977 2824 venia
1020 2775 1249 2840 daretur,
1305 2778 1571 2840 proposita

519 2852 815 2902 conditione
833 2851 1210 2901 commutandae
1229 2852 1410 2915 prioris
1430 2853 1569 2904 vitae.

520 2931 666 2980 Nihil
689 2937 862 2980 autem
898 2928 1155 2979 efficacius
1202 2939 1312 2980 erat
1350 2930 1414 2980 ad
1455 2946 1571 2994 per-

518 3007 826 3057 movendum
873 3006 1222 3069 Clitiphonem
1268 3012 1325 3055 ut
1370 3012 1574 3070 peteret

519 3085 720 3133 veniam
758 3084 883 3148 (huc
919 3082 1055 3132 enim
1089 3097 1172 3131 res
1195 3083 1417 3133 deducta
1439 3088 1572 3139 erat,

518 3166 577 3209 ut
601 3160 756 3208 aliter
779 3173 879 3208 non
904 3167 1083 3222 posset
1115 3157 1273 3223 finiri)
1312 3174 1462 3223 quam
1494 3159 1572 3207 iu-

511 3233 661 3296 jecta
699 3234 869 3284 denuo
893 3235 1081 3283 mentio
1104 3234 1258 3294 dotis,
1286 3235 1335 3283 in
1360 3249 1459 3299 qua
1483 3249 1573 3283 ex-

519 3311 800 3362 haeredatio
836 3312 1013 3374 ipsius,
1051 3321 1110 3362 ut
1153 3322 1272 3362 ante
1316 3315 1573 3377 cognitum

519 3394 627 3450 est,
672 3389 1054 3439 continebatur.
1146 3389 1328 3454 Itaque
1379 3391 1575 3447 statim,

520 3471 686 3513 matre
710 3464 1131 3526 deprecationem
1157 3465 1575 3528 incipiente,Cli-

521 3541 668 3604 tipho
693 3554 707 3586 ε
743 3543 758 3568 ‘
779 3540 961 3602 Pater,
1001 3540 1236 3601 obsecro,
1257 3541 1377 3589 milii
1401 3543 1574 3604 ignos-

519 3615 645 3669 cas!
693 3617 764 3666 Et
787 3616 1032 3666 subinde:
1065 3619 1080 3644 ‘
1102 3616 1155 3664 Si
1190 3632 1269 3665 me
1308 3618 1479 3667 vivum
1500 3619 1577 3668 vis

520 3692 693 3758 pater,
717 3692 960 3756 ignosce.’
994 3694 1254 3742 Boeclerus.

1445 2162 1495 2211 F
1491 2176 1571 2211 ar-

585 3776 616 3821 4
656 3770 726 3819 Et
755 3771 894 3842 ‚quod
935 3769 1043 3818 dixi
1074 3770 1223 3839 dotis]
1261 3771 1328 3820 Ο.
1354 3771 1388 3821 1.
1413 3787 1456 3822 s.
1506 3775 1577 3822 Et

519 3848 643 3910 quod
662 3845 788 3896 dotis
806 3846 930 3895 dixi.
966 3845 1213 3896 Faernus.

586 3927 618 3972 8
651 3924 740 3973 So.
778 3923 883 3983 Age
921 3921 1171 3984 Chremes]
1204 3923 1489 3974 Bembinus
1517 3925 1577 3975 li-

520 4001 616 4050 ber
638 4000 715 4049 his
738 3998 884 4048 addit
905 3996 1184 4048 dictionem
1207 4001 1290 4050 mi.
1353 4002 1439 4051 Ita
1455 4018 1578 4053 con·

515 4076 644 4140 jicio
672 4075 843 4125 fuisse.
867 4075 1117 4138 scriptum
1166 4078 1296 4126 etin
1321 4079 1578 4129 Victoria-

521 4168 614 4215 no,
637 4154 689 4202 iu
712 4167 812 4217 quo
828 4160 981 4202 vacat
1003 4153 1144 4201 loeus
1161 4154 1448 4218 hujusmodi
1466 4171 1580 4221 par·

527 4230 706 4283 ticulae
729 4229 946 4280 abrasae.
978 4228 1128 4282 Idm.

1211 330 1426 379 No'rAE
1473 328 1874 378 vammum
1924 330 2002 378 m

1639 469 1646 476 '
1703 476 1736 521 9
1771 472 1901 528 Quid
1936 469 2069 535 istic]
2123 470 2209 522 Ita
2250 470 2437 522 melius
2482 470 2684 535 legitur:

1638 547 1849 598 Usitata
1891 548 2111 599 formula
2153 548 2572 603 concedentium,
2604 547 2686 612 qui

1641 624 1924 687 expugnati
1945 623 2153 673 tandem
2171 624 2379 683 dicunt3
2409 624 2527 687 quid
2540 623 2651 673 istic
2666 625 2690 669 ἓ

1639 699 1750 749 sub.
1774 714 1890 762 ago,
1912 700 2114 749 resisto.
2145 700 2402 749 Boeclerus.
2655 727 2660 734 .
2683 724 2688 728 ·

1645 811 1650 816 -
1710 776 1840 832 Quid
1859 775 2136 838 isiacum]
2162 776 2452 825 Menander
2472 774 2535 823 ‘0
2549 783 2696 832 σκλη·

1639 850 1838 916 pbroeros·
1865 852 1977 916 πρὸς
2009 852 2105 900 υἱὸν
2143 853 2193 900 ἐν
2219 853 2288 914 τῷ
2324 854 2579 914 νουθετεῖν,
2600 852 2698 901 τοῖς

1638 927 1728 990 μὲν
1764 927 1925 989 λόγοις
1959 928 2118 994 πικρός
2178 930 2295 992 ἔστι,
2329 931 2431 979 τοῖς
2471 929 2511 977 δ’
2552 926 2701 992 ἔργοις

1655 1003 2161 1069 πατήρ.Ρα1·παὺὶαε.

1707 1088 1770 1133 10
1804 1083 1865 1133 Si
1889 1083 2074 1148 faciat]
2108 1083 2255 1133 Idem
2288 1083 2436 1145 liber,
2471 1083 2517 1131 si
2536 1080 2706 1141 faciit

1643 1168 1701 1210 ut
1723 1162 1886 1224 exigit
1907 1175 2104 1211 versus.
2139 1160 2376 1210 Faernus.
2697 1185 2701 1190 ·
2741 1187 2742 1190 =

1707 1241 1771 1288 12
1803 1238 1884 1287 Ad
1902 1252 1974 1286 me
1993 1237 2193 1301 resipio]
2226 1237 2290 1286 Id
2315 1244 2418 1298 est,
2441 1250 2547 1299 ego
2564 1233 2704 1284 facio

1641 1321 1703 1364 ut
1722 1314 1803 1363 hic
1829 1315 2115 1386 promittat.
2150 1313 2482 1377 Eugraphiuoe.

1707 1395 1768 1441 14
1805 1392 1930 1440 Hoec
1968 1379 2079 1439 dum
2112 1388 2338 1453 incipias]
2388 1389 2449 1437 In
2491 1376 2709 1437 exordio

1641 1469 1831 1519 habent
1852 1468 1963 1518 hoec
1980 1482 2188 1531 semper
2202 1463 2596 1525 difficultatem,
2619 1464 2708 1514 ubi

1643 1561 1912 1614 aggressus
1936 1548 2117 1610 fueris,
2138 1546 2315 1597 facilia
2330 1546 2482 1595 fiunt.
2519 1546 2673 1594 Idem.
2691 1567 2704 1610 j

1708 1628 1832 1676 Haec
1872 1627 1984 1676 dum
2026 1624 2248 1689 incipias,
2289 1623 2399 1687 ssa]
2454 1621 2703 1671 Imitatur

1645 1705 1944 1755 Lactantius
1983 1705 2074 1753 lib.
2119 1717 2197 1753 vl.
2239 1717 2288 1753 c.
2330 1705 2413 1751 23.
2469 1699 2702 1748 ‘Omnia

1643 1781 1818 1845 gravia
1844 1788 1982 1841 sunt,
2017 1781 2136 1830 dum
2171 1780 2413 1843 ignoras:
2449 1776 2539 1826 ubi
2583 1789 2700 1838 cog-

1642 1858 1866 1918 noveris,
1889 1855 2099 1906 facilia!
2148 1856 2297 1904 Δοκεῖ
2307 1850 2388 1903 οὖν
2408 1855 2644 1901 πλεῖστον
2673 1851 2707 1910 ἣ

1641 1933 1700 1983 τὸ
1720 1933 1889 1995 ἥμισυν
1906 1935 1995 1982 τοῦ
2013 1932 2192 1982 παντὸς
2208 1930 2321 1981 sitiat
2340 1931 2372 1991 ἥ
2389 1929 2537 1994 ἀρχή.
2558 1929 2706 1979 Aris·

1645 2017 1742 2061 tot.
1786 2012 1960 2061 Ethic.
1999 2010 2037 2059 l.
2079 2024 2121 2059 1.
2167 2025 2216 2060 c.
2249 2013 2298 2058 7.
2369 2008 2584 2056 Initium
2626 2021 2701 2055 ar-

1644 2087 1821 2150 duum,
1856 2086 2127 2137 imbecillas
2164 2086 2350 2136 mentis
2370 2093 2426 2135 et
2449 2098 2606 2148 aegroe
2624 2091 2703 2132 est

1642 2164 1919 2214 formidare
1959 2165 2250 2227 inexperta.
2316 2163 2504 2212 Senec.
2548 2163 2584 2212 l.
2630 2174 2704 2211 vr.

1644 2258 1726 2307 ep.
1752 2247 1836 2291 50.
1870 2241 2154 2290 Fui-nobiss-

1709 2323 1772 2368 16
1805 2320 1911 2380 Ego
1933 2318 2023 2367 tibi
2058 2316 2213 2379 illam]
2265 2316 2370 2365 Hic
2409 2314 2603 2376 illudit,
2646 2321 2704 2362 ut

1632 2396 1756 2459 joco
1781 2394 1995 2444 tristitia
2018 2394 2267 2451 solvatur,
2302 2407 2419 2458 cum
2444 2390 2704 2454 promittit

1642 2472 1797 2522 filiam
1821 2473 1995 2523 nescio
2019 2470 2179 2535 cujus,
2202 2468 2478 2520 admodum
2494 2466 2702 2518 foedam.

1643 2549 1962 2612 Eugrophius.

1711 2626 1817 2686 Ego
1833 2626 1913 2688 pol
1935 2626 2026 2674 tibi
2045 2624 2163 2674 dabo
2181 2625 2314 2675 illum
2330 2622 2557 2686 kpidnm]
2576 2622 2612 2673 J
2615 2636 2708 2672 oco

1644 2705 1967 2752 occasionem
1996 2702 2239 2768 quaesivit
2278 2701 2451 2765 poeta,
2468 2716 2590 2750 mox
2605 2703 2701 2749 δια-

1644 2779 1850 2828 τυπώσει
1903 2779 2124 2843 quadam
2179 2778 2434 2841 subjecto.
2520 2778 2705 2842 Neque

1650 2862 1824 2905 tamen
1848 2855 2131 2918 putandum
2149 2861 2230 2906 est
2262 2860 2478 2903 matrem
2505 2853 2708 2903 consul·

1651 2938 1705 2981 to
1727 2933 1881 2980 talem
1906 2931 2212 2992 nominasse,
2234 2945 2347 2995 quae
2362 2930 2456 2990 :illa
2478 2930 2708 2994 descrip-

1650 3008 1789 3058 tione
1824 3006 2029 3056 irrideri
2062 3014 2254 3069 posset.
2319 3006 2425 3057 Sed
2466 3022 2590 3056 cum
2624 3007 2710 3056 ina

1649 3087 1973 3136 honestatem
2009 3083 2238 3147 familias,
2259 3086 2485 3148 divitias,
2505 3092 2562 3135 et
2586 3086 2711 3135 talia

1652 3169 1920 3224 spectaret
1969 3162 2019 3210 in
2072 3162 2312 3227 eligenda
2364 3161 2708 3222 conditione;

1652 3238 1967 3295 adolescens,
1991 3253 2085 3302 pro
2101 3245 2259 3291 aetate
2278 3253 2339 3287 ac
2357 3237 2589 3300 ingenio,
2607 3236 2709 3286 for-

1651 3328 1750 3362 mae
1787 3314 2002 3376 primam
2037 3313 2133 3363 sibi
2173 3314 2428 3363 rationem
2449 3312 2602 3363 ducit
2623 3314 2709 3362 ha-

1654 3389 1889 3438 bendam.
1931 3389 2191 3440 Boeelerus.

1701 3469 1824 3529 Ego
1860 3469 1938 3530 pol
1974 3466 2066 3516 tibi
2096 3467 2216 3516 dabo
2243 3469 2445 3530 puellum
2477 3468 2706 3532 lepidum]

1653 3543 1733 3591 Ex
1758 3542 1941 3592 eodem
1980 3542 2113 3591 libro
2151 3544 2266 3606 lego
2302 3543 2437 3592 illam
2468 3545 2708 3607 lepidmn:

1650 3618 1727 3667 ita
1745 3625 1851 3667 stat
1875 3618 2181 3668 trochaicus.
2245 3616 2417 3668 Aliter
2448 3627 2590 3668 esset
2623 3633 2707 3668 oc·

1652 3697 1882 3744 tonarius
1923 3694 2192 3758 iambicus,
2228 3694 2365 3744 iuter
2399 3696 2710 3745 trochaicus.

1654 3772 1883 3821 Faernus.

1718 3851 1781 3896 18
1817 3847 2041 3910 Coesiam]
2074 3846 2136 3896 Id
2157 3854 2254 3903 est,
2278 3846 2442 3896 oculis
2467 3846 2709 3908 obtortis,

1652 3925 1735 3972 vel
1757 3939 2000 3979 caesuras,
2017 3924 2070 3972 id
2088 3930 2183 3979 est,
2203 3937 2376 3987 rugas,
2392 3923 2675 3975 habentem
2691 3940 2706 3985 ς

1651 4007 1740 4050 aut
1762 4000 2134 4050 lenticulosam.
2165 4000 2492 4062 Eugraphius.

1720 4077 1951 4140 Caesiam}
1967 4078 2164 4133 Caesiis,
2182 4077 2379 4140 glaucis
2390 4077 2573 4128 oculis.
2590 4078 2705 4127 Fer-

1652 4154 1833 4202 nubitis.

1720 4233 1895 4301 Sparso
1923 4233 2026 4300 ore]
2051 4232 2117 4284 Id
2140 4240 2240 4298 est,
2262 4231 2532 4285 dissoluto.
2591 4232 2705 4286 ‘Aut
