<?xml version="1.0" encoding="UTF-8"?>
<!DOCTYPE html PUBLIC "-//W3C//DTD XHTML 1.0 Transitional//EN"
    "http://www.w3.org/TR/xhtml1/DTD/xhtml1-transitional.dtd">
<html xmlns="http://www.w3.org/1999/xhtml" xml:lang="en" lang="en">
 <head>
  <title>
</title>
<meta http-equiv="Content-Type" content="text/html;charset=utf-8" />
  <meta name='ocr-system' content='tesseract 3.04.00' />
  <meta name='ocr-capabilities' content='ocr_page ocr_carea ocr_par ocr_line ocrx_word'/>
</head>
<body>
  <div class='ocr_page' id='page_1' title='image "./comoedisexvolum00westgoog_0294.png"; bbox 0 0 3035 4941; ppageno 0'>
   <div class='ocr_carea' id='block_1_1' title="bbox 536 387 711 456">
    <p class='ocr_par' dir='ltr' id='par_1_1' title="bbox 536 387 711 456">
     <span class='ocr_line' id='line_1_1' title="bbox 536 387 711 456; baseline 0.011 -2"><span class='ocrx_word' id='word_1_1' title='bbox 536 387 711 456; x_wconf 71' lang='lat'><strong>1320</strong></span> 
     </span>
    </p>
   </div>
   <div class='ocr_carea' id='block_1_2' title="bbox 512 546 1607 1386">
    <p class='ocr_par' dir='ltr' id='par_1_2' title="bbox 512 546 1598 829">
     <span class='ocr_line' id='line_1_2' title="bbox 608 546 1595 616; baseline 0.004 -19"><span class='ocrx_word' id='word_1_2' title='bbox 608 548 807 605; x_wconf 57' lang='lat' dir='ltr'><strong>mando</strong></span> <span class='ocrx_word' id='word_1_3' title='bbox 827 546 949 597; x_wconf 74' lang='lat' dir='ltr'><strong>istae</strong></span> <span class='ocrx_word' id='word_1_4' title='bbox 982 547 1100 612; x_wconf 75' lang='lat' dir='ltr'><strong>erit]</strong></span> <span class='ocrx_word' id='word_1_5' title='bbox 1132 548 1269 599; x_wconf 87' lang='lat' dir='ltr'><strong>Illud</strong></span> <span class='ocrx_word' id='word_1_6' title='bbox 1293 549 1432 600; x_wconf 86' lang='lat' dir='ltr'><strong>enim</strong></span> <span class='ocrx_word' id='word_1_7' title='bbox 1455 549 1595 616; x_wconf 81' lang='lat' dir='ltr'><strong>quod</strong></span> 
     </span>
     <span class='ocr_line' id='line_1_3' title="bbox 512 623 1597 689; baseline 0.001 -14"><span class='ocrx_word' id='word_1_8' title='bbox 512 623 693 683; x_wconf 80' lang='lat' dir='ltr'><strong>dixit,</strong></span> <span class='ocrx_word' id='word_1_9' title='bbox 728 626 844 674; x_wconf 77' lang='lat' dir='ltr'><strong>Jans</strong></span> <span class='ocrx_word' id='word_1_10' title='bbox 879 626 1101 689; x_wconf 70' lang='lat' dir='ltr'><strong>oderunt,</strong></span> <span class='ocrx_word' id='word_1_11' title='bbox 1138 626 1235 676; x_wconf 77' lang='lat' dir='ltr'><strong>boc</strong></span> <span class='ocrx_word' id='word_1_12' title='bbox 1272 627 1463 676; x_wconf 79' lang='lat' dir='ltr'><strong>amanti</strong></span> <span class='ocrx_word' id='word_1_13' title='bbox 1495 635 1597 677; x_wconf 85' lang='lat' dir='ltr'><strong>tar-</strong></span> 
     </span>
     <span class='ocr_line' id='line_1_4' title="bbox 542 700 1598 767; baseline 0.003 -17"><span class='ocrx_word' id='word_1_14' title='bbox 542 700 662 751; x_wconf 89' lang='lat' dir='ltr'><strong>dum</strong></span> <span class='ocrx_word' id='word_1_15' title='bbox 682 708 797 750; x_wconf 86' lang='lat' dir='ltr'><strong>est:</strong></span> <span class='ocrx_word' id='word_1_16' title='bbox 835 702 953 752; x_wconf 79' lang='lat' dir='ltr'><strong>idco</strong></span> <span class='ocrx_word' id='word_1_17' title='bbox 993 702 1208 767; x_wconf 86' lang='lat' dir='ltr'><strong>adjecit,</strong></span> <span class='ocrx_word' id='word_1_18' title='bbox 1240 707 1256 733; x_wconf 79' lang='lat'>⁸</span> <span class='ocrx_word' id='word_1_19' title='bbox 1279 703 1498 754; x_wconf 78' lang='lat' dir='ltr'><strong>Quando</strong></span> <span class='ocrx_word' id='word_1_20' title='bbox 1534 704 1598 753; x_wconf 89' lang='lat' dir='ltr'><strong>is·</strong></span> 
     </span>
     <span class='ocr_line' id='line_1_5' title="bbox 544 778 996 829; baseline 0 0"><span class='ocrx_word' id='word_1_21' title='bbox 544 787 631 829; x_wconf 88' lang='lat' dir='ltr'><strong>tuc</strong></span> <span class='ocrx_word' id='word_1_22' title='bbox 649 779 752 828; x_wconf 89' lang='lat' dir='ltr'><strong>erit</strong></span> <span class='ocrx_word' id='word_1_23' title='bbox 771 778 809 827; x_wconf 85' lang='lat'><strong>?’</strong></span> <span class='ocrx_word' id='word_1_24' title='bbox 845 779 996 829; x_wconf 78' lang='lat' dir='ltr'><strong>Idem.</strong></span> 
     </span>
    </p>

    <p class='ocr_par' dir='ltr' id='par_1_3' title="bbox 542 849 1607 1386">
     <span class='ocr_line' id='line_1_6' title="bbox 608 849 1600 919; baseline 0 -15"><span class='ocrx_word' id='word_1_25' title='bbox 608 855 808 911; x_wconf 74' lang='lat' dir='ltr'><strong>Quando</strong></span> <span class='ocrx_word' id='word_1_26' title='bbox 839 856 961 906; x_wconf 79' lang='lat' dir='ltr'><strong>istuc</strong></span> <span class='ocrx_word' id='word_1_27' title='bbox 991 849 1111 919; x_wconf 80' lang='lat' dir='ltr'><strong>erit]</strong></span> <span class='ocrx_word' id='word_1_28' title='bbox 1144 854 1293 906; x_wconf 87' lang='lat' dir='ltr'><strong>Istuc</strong></span> <span class='ocrx_word' id='word_1_29' title='bbox 1317 856 1443 918; x_wconf 72' lang='lat' dir='ltr'><strong>jam,</strong></span> <span class='ocrx_word' id='word_1_30' title='bbox 1465 855 1600 906; x_wconf 83' lang='lat' dir='ltr'><strong>scili·</strong></span> 
     </span>
     <span class='ocr_line' id='line_1_7' title="bbox 542 931 1598 996; baseline 0 -14"><span class='ocrx_word' id='word_1_31' title='bbox 542 937 643 982; x_wconf 86' lang='lat' dir='ltr'><strong>cet.</strong></span> <span class='ocrx_word' id='word_1_32' title='bbox 660 931 974 995; x_wconf 86' lang='lat' dir='ltr'><strong>impatientis</strong></span> <span class='ocrx_word' id='word_1_33' title='bbox 997 947 1097 982; x_wconf 86' lang='lat' dir='ltr'><strong>vox</strong></span> <span class='ocrx_word' id='word_1_34' title='bbox 1117 939 1215 996; x_wconf 89' lang='lat' dir='ltr'><strong>est,</strong></span> <span class='ocrx_word' id='word_1_35' title='bbox 1244 948 1344 982; x_wconf 86' lang='lat' dir='ltr'><strong>non</strong></span> <span class='ocrx_word' id='word_1_36' title='bbox 1370 934 1480 983; x_wconf 86' lang='lat' dir='ltr'><strong>sine</strong></span> <span class='ocrx_word' id='word_1_37' title='bbox 1511 948 1598 982; x_wconf 80' lang='lat' dir='ltr'><strong>ex-</strong></span> 
     </span>
     <span class='ocr_line' id='line_1_8' title="bbox 544 1008 1603 1073; baseline 0 -14"><span class='ocrx_word' id='word_1_38' title='bbox 544 1009 878 1073; x_wconf 83' lang='lat' dir='ltr'><strong>probratione</strong></span> <span class='ocrx_word' id='word_1_39' title='bbox 917 1008 1136 1072; x_wconf 86' lang='lat' dir='ltr'><strong>quadam</strong></span> <span class='ocrx_word' id='word_1_40' title='bbox 1181 1009 1246 1059; x_wconf 88' lang='lat' dir='ltr'><strong>ad</strong></span> <span class='ocrx_word' id='word_1_41' title='bbox 1290 1010 1432 1072; x_wconf 85' lang='lat' dir='ltr'><strong>prius</strong></span> <span class='ocrx_word' id='word_1_42' title='bbox 1472 1010 1603 1059; x_wconf 90' lang='lat' dir='ltr'><strong>sola-</strong></span> 
     </span>
     <span class='ocr_line' id='line_1_9' title="bbox 543 1085 1604 1152; baseline 0.003 -16"><span class='ocrx_word' id='word_1_43' title='bbox 543 1087 675 1137; x_wconf 88' lang='lat' dir='ltr'><strong>tium</strong></span> <span class='ocrx_word' id='word_1_44' title='bbox 697 1085 999 1148; x_wconf 79' lang='lat' dir='ltr'><strong>referenda;</strong></span> <span class='ocrx_word' id='word_1_45' title='bbox 1036 1087 1173 1152; x_wconf 87' lang='lat' dir='ltr'><strong>quod</strong></span> <span class='ocrx_word' id='word_1_46' title='bbox 1208 1088 1604 1140; x_wconf 74' lang='lat' dir='ltr'>describebatur</span> 
     </span>
     <span class='ocr_line' id='line_1_10' title="bbox 543 1164 1603 1230; baseline 0.004 -18"><span class='ocrx_word' id='word_1_47' title='bbox 543 1172 646 1213; x_wconf 86' lang='lat' dir='ltr'><strong>act.</strong></span> <span class='ocrx_word' id='word_1_48' title='bbox 669 1176 708 1212; x_wconf 85' lang='lat'><strong>1.</strong></span> <span class='ocrx_word' id='word_1_49' title='bbox 739 1177 811 1213; x_wconf 91' lang='lat' dir='ltr'><strong>sc.</strong></span> <span class='ocrx_word' id='word_1_50' title='bbox 832 1167 882 1213; x_wconf 88' lang='grc'><strong>2.</strong></span> <span class='ocrx_word' id='word_1_51' title='bbox 901 1164 1131 1228; x_wconf 88' lang='lat' dir='ltr'><strong>princ.q.</strong></span> <span class='ocrx_word' id='word_1_52' title='bbox 1154 1164 1204 1213; x_wconf 91' lang='lat' dir='ltr'><strong>d.</strong></span> <span class='ocrx_word' id='word_1_53' title='bbox 1213 1166 1324 1230; x_wconf 89' lang='lat' dir='ltr'><strong>jam</strong></span> <span class='ocrx_word' id='word_1_54' title='bbox 1344 1175 1464 1216; x_wconf 85' lang='lat' dir='ltr'><strong>ante</strong></span> <span class='ocrx_word' id='word_1_55' title='bbox 1488 1167 1603 1216; x_wconf 85' lang='lat' dir='ltr'><strong>dix-</strong></span> 
     </span>
     <span class='ocr_line' id='line_1_11' title="bbox 544 1238 1607 1305; baseline 0.002 -15"><span class='ocrx_word' id='word_1_56' title='bbox 544 1240 650 1303; x_wconf 88' lang='lat' dir='ltr'><strong>isti,</strong></span> <span class='ocrx_word' id='word_1_57' title='bbox 690 1255 808 1290; x_wconf 83' lang='lat' dir='ltr'><strong>mox</strong></span> <span class='ocrx_word' id='word_1_58' title='bbox 838 1238 1131 1291; x_wconf 76' lang='lat' dir='ltr'>adfuturam</span> <span class='ocrx_word' id='word_1_59' title='bbox 1166 1242 1381 1292; x_wconf 77' lang='lat' dir='ltr'><strong>amicam</strong></span> <span class='ocrx_word' id='word_1_60' title='bbox 1407 1257 1573 1292; x_wconf 87' lang='lat' dir='ltr'><strong>meam</strong></span> <span class='ocrx_word' id='word_1_61' title='bbox 1591 1260 1607 1305; x_wconf 92' lang='lat'>;</span> 
     </span>
     <span class='ocr_line' id='line_1_12' title="bbox 543 1315 1603 1386; baseline 0.006 -20"><span class='ocrx_word' id='word_1_62' title='bbox 543 1330 682 1367; x_wconf 85' lang='lat' dir='ltr'><strong>nunc</strong></span> <span class='ocrx_word' id='word_1_63' title='bbox 699 1318 891 1367; x_wconf 84' lang='lat' dir='ltr'><strong>iterum</strong></span> <span class='ocrx_word' id='word_1_64' title='bbox 902 1315 1151 1367; x_wconf 79' lang='lat' dir='ltr'><strong>affirmas:</strong></span> <span class='ocrx_word' id='word_1_65' title='bbox 1186 1322 1455 1386; x_wconf 83' lang='lat' dir='ltr'><strong>ecquando</strong></span> <span class='ocrx_word' id='word_1_66' title='bbox 1471 1323 1603 1371; x_wconf 87' lang='lat' dir='ltr'><strong>istuc</strong></span> 
     </span>
    </p>
   </div>
   <div class='ocr_carea' id='block_1_3' title="bbox 546 1392 975 1446">
    <p class='ocr_par' dir='ltr' id='par_1_4' title="bbox 546 1392 975 1446">
     <span class='ocr_line' id='line_1_13' title="bbox 546 1392 975 1446; baseline 0.012 -5"><span class='ocrx_word' id='word_1_67' title='bbox 546 1392 682 1443; x_wconf 82' lang='lat' dir='ltr'><strong>erit?</strong></span> <span class='ocrx_word' id='word_1_68' title='bbox 717 1394 975 1446; x_wconf 77' lang='lat' dir='ltr'><strong>Boederus.</strong></span> 
     </span>
    </p>
   </div>
   <div class='ocr_carea' id='block_1_4' title="bbox 544 1474 1611 2845">
    <p class='ocr_par' dir='ltr' id='par_1_5' title="bbox 544 1474 1608 1992">
     <span class='ocr_line' id='line_1_14' title="bbox 613 1474 1606 1541; baseline 0.007 -20"><span class='ocrx_word' id='word_1_69' title='bbox 613 1475 678 1521; x_wconf 87' lang='lat'><strong>10</strong></span> <span class='ocrx_word' id='word_1_70' title='bbox 715 1474 828 1523; x_wconf 71' lang='lat' dir='ltr'><strong>Non</strong></span> <span class='ocrx_word' id='word_1_71' title='bbox 846 1475 1032 1536; x_wconf 70' lang='lat' dir='ltr'><strong>cogitas</strong></span> <span class='ocrx_word' id='word_1_72' title='bbox 1064 1477 1174 1527; x_wconf 77' lang='lat' dir='ltr'><strong>hinc</strong></span> <span class='ocrx_word' id='word_1_73' title='bbox 1205 1478 1391 1540; x_wconf 76' lang='lat' dir='ltr'><strong>long-ius</strong></span> <span class='ocrx_word' id='word_1_74' title='bbox 1422 1478 1606 1541; x_wconf 80' lang='lat' dir='ltr'><strong>abesse]</strong></span> 
     </span>
     <span class='ocr_line' id='line_1_15' title="bbox 546 1546 1605 1617; baseline 0.008 -21"><span class='ocrx_word' id='word_1_75' title='bbox 546 1546 709 1597; x_wconf 86' lang='lat' dir='ltr'><strong>Liber</strong></span> <span class='ocrx_word' id='word_1_76' title='bbox 730 1548 1032 1615; x_wconf 86' lang='lat' dir='ltr'><strong>Bembinus,</strong></span> <span class='ocrx_word' id='word_1_77' title='bbox 1055 1551 1166 1602; x_wconf 72' lang='lat' dir='ltr'><strong>hinc</strong></span> <span class='ocrx_word' id='word_1_78' title='bbox 1196 1553 1382 1616; x_wconf 73' lang='lat' dir='ltr'><strong>longiae</strong></span> <span class='ocrx_word' id='word_1_79' title='bbox 1401 1567 1522 1617; x_wconf 76' lang='lat' dir='ltr'><strong>esse,</strong></span> <span class='ocrx_word' id='word_1_80' title='bbox 1552 1554 1605 1604; x_wconf 89' lang='lat' dir='ltr'><strong>id</strong></span> 
     </span>
     <span class='ocr_line' id='line_1_16' title="bbox 547 1624 1605 1698; baseline 0.008 -27"><span class='ocrx_word' id='word_1_81' title='bbox 547 1627 648 1685; x_wconf 87' lang='lat' dir='ltr'><strong>est,</strong></span> <span class='ocrx_word' id='word_1_82' title='bbox 690 1624 1006 1698; x_wconf 78' lang='lat' dir='ltr'><strong>aliquantum</strong></span> <span class='ocrx_word' id='word_1_83' title='bbox 1054 1629 1222 1691; x_wconf 84' lang='lat' dir='ltr'><strong>longe.</strong></span> <span class='ocrx_word' id='word_1_84' title='bbox 1277 1630 1494 1679; x_wconf 87' lang='lat' dir='ltr'><strong>Plautus</strong></span> <span class='ocrx_word' id='word_1_85' title='bbox 1552 1630 1605 1679; x_wconf 92' lang='lat' dir='ltr'><strong>in</strong></span> 
     </span>
     <span class='ocr_line' id='line_1_17' title="bbox 546 1699 1606 1768; baseline 0.007 -20"><span class='ocrx_word' id='word_1_86' title='bbox 546 1699 885 1751; x_wconf 80' lang='lat' dir='ltr'><strong>Menaechmis</strong></span> <span class='ocrx_word' id='word_1_87' title='bbox 905 1717 920 1750; x_wconf 78' lang='lat' dir='ltr'><strong>t</strong></span> <span class='ocrx_word' id='word_1_88' title='bbox 955 1701 1280 1768; x_wconf 82' lang='lat' dir='ltr'><strong>‘Ingressum</strong></span> <span class='ocrx_word' id='word_1_89' title='bbox 1297 1703 1507 1755; x_wconf 85' lang='lat' dir='ltr'><strong>fluvium</strong></span> <span class='ocrx_word' id='word_1_90' title='bbox 1527 1700 1606 1755; x_wconf 82' lang='lat' dir='ltr'><strong>ra·</strong></span> 
     </span>
     <span class='ocr_line' id='line_1_18' title="bbox 544 1774 1605 1846; baseline 0.01 -24"><span class='ocrx_word' id='word_1_91' title='bbox 544 1774 725 1838; x_wconf 83' lang='lat' dir='ltr'><strong>pidum</strong></span> <span class='ocrx_word' id='word_1_92' title='bbox 773 1776 840 1825; x_wconf 85' lang='lat' dir='ltr'><strong>ab</strong></span> <span class='ocrx_word' id='word_1_93' title='bbox 882 1778 1011 1828; x_wconf 87' lang='lat' dir='ltr'><strong>urbe</strong></span> <span class='ocrx_word' id='word_1_94' title='bbox 1049 1780 1176 1831; x_wconf 84' lang='lat' dir='ltr'><strong>haut</strong></span> <span class='ocrx_word' id='word_1_95' title='bbox 1213 1780 1460 1846; x_wconf 83' lang='lat' dir='ltr'><strong>longule.’</strong></span> <span class='ocrx_word' id='word_1_96' title='bbox 1506 1782 1605 1833; x_wconf 81' lang='lat' dir='ltr'><strong>hoc</strong></span> 
     </span>
     <span class='ocr_line' id='line_1_19' title="bbox 547 1849 1608 1921; baseline 0.008 -21"><span class='ocrx_word' id='word_1_97' title='bbox 547 1849 702 1901; x_wconf 87' lang='lat' dir='ltr'><strong>modo</strong></span> <span class='ocrx_word' id='word_1_98' title='bbox 734 1852 929 1917; x_wconf 84' lang='lat' dir='ltr'><strong>optime</strong></span> <span class='ocrx_word' id='word_1_99' title='bbox 966 1862 1073 1906; x_wconf 84' lang='lat' dir='ltr'><strong>stat</strong></span> <span class='ocrx_word' id='word_1_100' title='bbox 1106 1858 1423 1921; x_wconf 82' lang='lat' dir='ltr'><strong>octonarius,</strong></span> <span class='ocrx_word' id='word_1_101' title='bbox 1452 1859 1608 1909; x_wconf 87' lang='lat' dir='ltr'><strong>aliter</strong></span> 
     </span>
     <span class='ocr_line' id='line_1_20' title="bbox 547 1926 1119 1992; baseline 0.014 -16"><span class='ocrx_word' id='word_1_102' title='bbox 547 1926 845 1992; x_wconf 86' lang='lat' dir='ltr'><strong>impeditus.</strong></span> <span class='ocrx_word' id='word_1_103' title='bbox 882 1931 1119 1983; x_wconf 51' lang='lat' dir='ltr'><strong>Fuimus.</strong></span> 
     </span>
    </p>

    <p class='ocr_par' dir='ltr' id='par_1_6' title="bbox 548 2006 1610 2599">
     <span class='ocr_line' id='line_1_21' title="bbox 614 2006 1607 2075; baseline 0.009 -22"><span class='ocrx_word' id='word_1_104' title='bbox 614 2006 729 2067; x_wconf 73' lang='lat' dir='ltr'><strong>Non</strong></span> <span class='ocrx_word' id='word_1_105' title='bbox 749 2009 934 2071; x_wconf 73' lang='lat' dir='ltr'><strong>cogitas</strong></span> <span class='ocrx_word' id='word_1_106' title='bbox 966 2010 1282 2074; x_wconf 71' lang='lat' dir='ltr'><strong>hincbngule</strong></span> <span class='ocrx_word' id='word_1_107' title='bbox 1294 2011 1419 2075; x_wconf 78' lang='lat' dir='ltr'><strong>esse]</strong></span> <span class='ocrx_word' id='word_1_108' title='bbox 1451 2013 1607 2062; x_wconf 88' lang='lat' dir='ltr'><strong>Bem-</strong></span> 
     </span>
     <span class='ocr_line' id='line_1_22' title="bbox 548 2080 1608 2139; baseline 0.009 -10"><span class='ocrx_word' id='word_1_109' title='bbox 548 2080 657 2131; x_wconf 89' lang='lat' dir='ltr'><strong>bini</strong></span> <span class='ocrx_word' id='word_1_110' title='bbox 678 2084 871 2135; x_wconf 85' lang='lat' dir='ltr'><strong>codicis</strong></span> <span class='ocrx_word' id='word_1_111' title='bbox 893 2088 1203 2138; x_wconf 80' lang='lat' dir='ltr'><strong>anctoritate</strong></span> <span class='ocrx_word' id='word_1_112' title='bbox 1224 2103 1282 2138; x_wconf 85' lang='lat' dir='ltr'><strong>se</strong></span> <span class='ocrx_word' id='word_1_113' title='bbox 1301 2096 1477 2139; x_wconf 88' lang='lat' dir='ltr'><strong>tuetur</strong></span> <span class='ocrx_word' id='word_1_114' title='bbox 1493 2089 1608 2139; x_wconf 78' lang='lat' dir='ltr'><strong>haec</strong></span> 
     </span>
     <span class='ocr_line' id='line_1_23' title="bbox 548 2161 1607 2231; baseline 0.008 -22"><span class='ocrx_word' id='word_1_115' title='bbox 548 2161 740 2214; x_wconf 81' lang='lat' dir='ltr'><strong>lectio:</strong></span> <span class='ocrx_word' id='word_1_116' title='bbox 788 2169 1153 2231; x_wconf 78' lang='lat' dir='ltr'><strong>testanturque</strong></span> <span class='ocrx_word' id='word_1_117' title='bbox 1190 2167 1348 2217; x_wconf 87' lang='lat' dir='ltr'><strong>etiam</strong></span> <span class='ocrx_word' id='word_1_118' title='bbox 1392 2166 1607 2218; x_wconf 86' lang='lat' dir='ltr'><strong>Glarea-</strong></span> 
     </span>
     <span class='ocr_line' id='line_1_24' title="bbox 550 2238 1609 2303; baseline 0.008 -19"><span class='ocrx_word' id='word_1_119' title='bbox 550 2250 646 2285; x_wconf 91' lang='lat' dir='ltr'><strong>nus</strong></span> <span class='ocrx_word' id='word_1_120' title='bbox 678 2243 734 2286; x_wconf 90' lang='lat' dir='ltr'><strong>et</strong></span> <span class='ocrx_word' id='word_1_121' title='bbox 755 2238 1011 2302; x_wconf 76' lang='lat' dir='ltr'><strong>Georgius</strong></span> <span class='ocrx_word' id='word_1_122' title='bbox 1034 2241 1319 2303; x_wconf 80' lang='lat' dir='ltr'><strong>Fabricius,</strong></span> <span class='ocrx_word' id='word_1_123' title='bbox 1343 2257 1397 2291; x_wconf 91' lang='lat' dir='ltr'><strong>se</strong></span> <span class='ocrx_word' id='word_1_124' title='bbox 1420 2242 1609 2292; x_wconf 81' lang='lat' dir='ltr'><strong>vidisse</strong></span> 
     </span>
     <span class='ocr_line' id='line_1_25' title="bbox 548 2312 1609 2384; baseline 0.009 -24"><span class='ocrx_word' id='word_1_125' title='bbox 548 2312 602 2360; x_wconf 89' lang='lat' dir='ltr'><strong>in</strong></span> <span class='ocrx_word' id='word_1_126' title='bbox 624 2314 930 2377; x_wconf 86' lang='lat' dir='ltr'><strong>quibusdam</strong></span> <span class='ocrx_word' id='word_1_127' title='bbox 951 2316 1234 2368; x_wconf 82' lang='lat' dir='ltr'><strong>codicibus.</strong></span> <span class='ocrx_word' id='word_1_128' title='bbox 1299 2319 1609 2384; x_wconf 87' lang='lat' dir='ltr'><strong>Relinquam</strong></span> 
     </span>
     <span class='ocr_line' id='line_1_26' title="bbox 550 2390 1610 2457; baseline 0.008 -19"><span class='ocrx_word' id='word_1_129' title='bbox 550 2390 731 2440; x_wconf 85' lang='lat' dir='ltr'><strong>lectori</strong></span> <span class='ocrx_word' id='word_1_130' title='bbox 754 2392 1127 2457; x_wconf 82' lang='lat' dir='ltr'><strong>arbitrandum,</strong></span> <span class='ocrx_word' id='word_1_131' title='bbox 1151 2409 1327 2446; x_wconf 85' lang='lat' dir='ltr'><strong>amore</strong></span> <span class='ocrx_word' id='word_1_132' title='bbox 1349 2397 1610 2447; x_wconf 78' lang='lat' dir='ltr'><strong>Plautinae</strong></span> 
     </span>
     <span class='ocr_line' id='line_1_27' title="bbox 549 2463 1610 2531; baseline 0.009 -18"><span class='ocrx_word' id='word_1_133' title='bbox 549 2463 845 2531; x_wconf 87' lang='lat' dir='ltr'><strong>locutionis,</strong></span> <span class='ocrx_word' id='word_1_134' title='bbox 868 2483 934 2518; x_wconf 83' lang='lat' dir='ltr'><strong>an</strong></span> <span class='ocrx_word' id='word_1_135' title='bbox 969 2484 1027 2518; x_wconf 86' lang='lat' dir='ltr'><strong>re</strong></span> <span class='ocrx_word' id='word_1_136' title='bbox 1063 2483 1186 2520; x_wconf 82' lang='lat' dir='ltr'><strong>vera</strong></span> <span class='ocrx_word' id='word_1_137' title='bbox 1206 2470 1322 2521; x_wconf 65' lang='lat' dir='ltr'><strong>hmo</strong></span> <span class='ocrx_word' id='word_1_138' title='bbox 1343 2472 1500 2522; x_wconf 88' lang='lat' dir='ltr'><strong>lectio</strong></span> <span class='ocrx_word' id='word_1_139' title='bbox 1522 2473 1610 2523; x_wconf 91' lang='lat' dir='ltr'><strong>ob-</strong></span> 
     </span>
     <span class='ocr_line' id='line_1_28' title="bbox 551 2543 1240 2599; baseline 0.012 -8"><span class='ocrx_word' id='word_1_140' title='bbox 551 2543 718 2593; x_wconf 85' lang='lat' dir='ltr'><strong>tinere</strong></span> <span class='ocrx_word' id='word_1_141' title='bbox 741 2545 946 2598; x_wconf 84' lang='lat' dir='ltr'><strong>debeat.</strong></span> <span class='ocrx_word' id='word_1_142' title='bbox 981 2548 1240 2599; x_wconf 76' lang='lat' dir='ltr'><strong>Boeclerus.</strong></span> 
     </span>
    </p>

    <p class='ocr_par' dir='ltr' id='par_1_7' title="bbox 550 2622 1611 2845">
     <span class='ocr_line' id='line_1_29' title="bbox 616 2622 1610 2691; baseline 0.007 -22"><span class='ocrx_word' id='word_1_143' title='bbox 616 2625 676 2670; x_wconf 92' lang='grc'><strong>11</strong></span> <span class='ocrx_word' id='word_1_144' title='bbox 712 2622 846 2672; x_wconf 77' lang='lat' dir='ltr'><strong>Dum</strong></span> <span class='ocrx_word' id='word_1_145' title='bbox 881 2625 1160 2688; x_wconf 70' lang='lat' dir='ltr'><strong>moliuntur]</strong></span> <span class='ocrx_word' id='word_1_146' title='bbox 1206 2625 1456 2688; x_wconf 75' lang='lat' dir='ltr'><strong>subaudi,</strong></span> <span class='ocrx_word' id='word_1_147' title='bbox 1484 2625 1610 2691; x_wconf 88' lang='lat' dir='ltr'><strong>quid</strong></span> 
     </span>
     <span class='ocr_line' id='line_1_30' title="bbox 550 2698 1609 2761; baseline 0.006 -15"><span class='ocrx_word' id='word_1_148' title='bbox 550 2711 723 2747; x_wconf 89' lang='lat' dir='ltr'><strong>rerum</strong></span> <span class='ocrx_word' id='word_1_149' title='bbox 738 2718 755 2761; x_wconf 80' lang='lat'>3</span> <span class='ocrx_word' id='word_1_150' title='bbox 786 2698 822 2748; x_wconf 92' lang='lat' dir='ltr'><strong>i.</strong></span> <span class='ocrx_word' id='word_1_151' title='bbox 843 2714 889 2748; x_wconf 91' lang='lat' dir='ltr'><strong>e.</strong></span> <span class='ocrx_word' id='word_1_152' title='bbox 914 2699 1036 2750; x_wconf 88' lang='lat' dir='ltr'><strong>dum</strong></span> <span class='ocrx_word' id='word_1_153' title='bbox 1068 2701 1348 2752; x_wconf 87' lang='lat' dir='ltr'><strong>moliuntur</strong></span> <span class='ocrx_word' id='word_1_154' title='bbox 1379 2717 1469 2752; x_wconf 89' lang='lat' dir='ltr'><strong>seu</strong></span> <span class='ocrx_word' id='word_1_155' title='bbox 1492 2718 1609 2752; x_wconf 90' lang='lat' dir='ltr'><strong>cum</strong></span> 
     </span>
     <span class='ocr_line' id='line_1_31' title="bbox 550 2775 1611 2845; baseline 0.008 -22"><span class='ocrx_word' id='word_1_156' title='bbox 550 2775 770 2840; x_wconf 85' lang='lat' dir='ltr'><strong>quodam</strong></span> <span class='ocrx_word' id='word_1_157' title='bbox 794 2776 970 2828; x_wconf 86' lang='lat' dir='ltr'><strong>labore</strong></span> <span class='ocrx_word' id='word_1_158' title='bbox 986 2786 1267 2844; x_wconf 81' lang='lat' dir='ltr'><strong>apparant,</strong></span> <span class='ocrx_word' id='word_1_159' title='bbox 1280 2795 1357 2842; x_wconf 87' lang='lat' dir='ltr'><strong>ea,</strong></span> <span class='ocrx_word' id='word_1_160' title='bbox 1381 2796 1497 2845; x_wconf 76' lang='lat' dir='ltr'><strong>quae</strong></span> <span class='ocrx_word' id='word_1_161' title='bbox 1514 2781 1611 2831; x_wconf 89' lang='lat' dir='ltr'><strong>sibi</strong></span> 
     </span>
    </p>
   </div>
   <div class='ocr_carea' id='block_1_5' title="bbox 553 2851 1614 2907">
    <p class='ocr_par' dir='ltr' id='par_1_8' title="bbox 553 2851 1614 2907">
     <span class='ocr_line' id='line_1_32' title="bbox 553 2851 1614 2907; baseline 0.006 -5"><span class='ocrx_word' id='word_1_162' title='bbox 553 2851 616 2902; x_wconf 79' lang='lat' dir='ltr'><strong>ad</strong></span> <span class='ocrx_word' id='word_1_163' title='bbox 641 2853 865 2902; x_wconf 87' lang='lat' dir='ltr'><strong>eundum</strong></span> <span class='ocrx_word' id='word_1_164' title='bbox 898 2857 1193 2906; x_wconf 80' lang='lat' dir='ltr'><strong>necessaria</strong></span> <span class='ocrx_word' id='word_1_165' title='bbox 1226 2857 1463 2907; x_wconf 85' lang='lat' dir='ltr'><strong>credunt.</strong></span> <span class='ocrx_word' id='word_1_166' title='bbox 1508 2859 1614 2907; x_wconf 89' lang='lat' dir='ltr'><strong>Pe-</strong></span> 
     </span>
    </p>
   </div>
   <div class='ocr_carea' id='block_1_6' title="bbox 550 2931 1611 3152">
    <p class='ocr_par' dir='ltr' id='par_1_9' title="bbox 550 2931 1611 3152">
     <span class='ocr_line' id='line_1_33' title="bbox 553 2931 924 2982; baseline 0.008 -3"><span class='ocrx_word' id='word_1_167' title='bbox 553 2938 665 2980; x_wconf 88' lang='lat' dir='ltr'><strong>trus</strong></span> <span class='ocrx_word' id='word_1_168' title='bbox 688 2931 924 2982; x_wconf 75' lang='lat' dir='ltr'><strong>Marsnsz</strong></span> 
     </span>
     <span class='ocr_line' id='line_1_34' title="bbox 552 3009 1610 3076; baseline 0.004 -19"><span class='ocrx_word' id='word_1_169' title='bbox 552 3015 671 3058; x_wconf 78' lang='lat' dir='ltr'><strong>rant</strong></span> <span class='ocrx_word' id='word_1_170' title='bbox 703 3009 978 3076; x_wconf 78' lang='lat' dir='ltr'><strong>multipiici</strong></span> <span class='ocrx_word' id='word_1_171' title='bbox 1011 3013 1178 3075; x_wconf 87' lang='lat' dir='ltr'><strong>cultu,</strong></span> <span class='ocrx_word' id='word_1_172' title='bbox 1210 3012 1473 3063; x_wconf 79' lang='lat' dir='ltr'><strong>aedificant</strong></span> <span class='ocrx_word' id='word_1_173' title='bbox 1505 3012 1610 3062; x_wconf 81' lang='lat' dir='ltr'><strong>for-</strong></span> 
     </span>
     <span class='ocr_line' id='line_1_35' title="bbox 550 3087 1611 3152; baseline 0.007 -19"><span class='ocrx_word' id='word_1_174' title='bbox 550 3098 687 3135; x_wconf 86' lang='lat' dir='ltr'><strong>mam</strong></span> <span class='ocrx_word' id='word_1_175' title='bbox 705 3088 857 3136; x_wconf 84' lang='lat' dir='ltr'><strong>variis</strong></span> <span class='ocrx_word' id='word_1_176' title='bbox 871 3087 1027 3143; x_wconf 84' lang='lat' dir='ltr'><strong>rebus</strong></span> <span class='ocrx_word' id='word_1_177' title='bbox 1047 3088 1086 3135; x_wconf 86' lang='lat'><strong>:&#39;</strong></span> <span class='ocrx_word' id='word_1_178' title='bbox 1113 3088 1362 3139; x_wconf 82' lang='lat' dir='ltr'><strong>hactenus</strong></span> <span class='ocrx_word' id='word_1_179' title='bbox 1384 3104 1611 3152; x_wconf 84' lang='lat' dir='ltr'><strong>sensum,</strong></span> 
     </span>
    </p>
   </div>
   <div class='ocr_carea' id='block_1_7' title="bbox 548 3165 1610 3308">
    <p class='ocr_par' dir='ltr' id='par_1_10' title="bbox 548 3165 1610 3308">
     <span class='ocr_line' id='line_1_36' title="bbox 548 3165 1609 3239; baseline 0.004 -27"><span class='ocrx_word' id='word_1_180' title='bbox 548 3177 652 3212; x_wconf 86' lang='lat' dir='ltr'><strong>non</strong></span> <span class='ocrx_word' id='word_1_181' title='bbox 698 3165 864 3216; x_wconf 79' lang='lat' dir='ltr'><strong>verba</strong></span> <span class='ocrx_word' id='word_1_182' title='bbox 898 3168 1064 3239; x_wconf 67' lang='lat' dir='ltr'><strong>sequi,</strong></span> <span class='ocrx_word' id='word_1_183' title='bbox 1118 3169 1362 3218; x_wconf 79' lang='lat' dir='ltr'><strong>aestimari</strong></span> <span class='ocrx_word' id='word_1_184' title='bbox 1417 3175 1609 3232; x_wconf 85' lang='lat' dir='ltr'><strong>potest.</strong></span> 
     </span>
     <span class='ocr_line' id='line_1_37' title="bbox 549 3239 1610 3308; baseline 0.003 -18"><span class='ocrx_word' id='word_1_185' title='bbox 549 3239 651 3290; x_wconf 79' lang='lat' dir='ltr'><strong>Sed</strong></span> <span class='ocrx_word' id='word_1_186' title='bbox 665 3242 803 3306; x_wconf 87' lang='lat' dir='ltr'><strong>quod</strong></span> <span class='ocrx_word' id='word_1_187' title='bbox 822 3242 986 3302; x_wconf 89' lang='lat' dir='ltr'><strong>addit,</strong></span> <span class='ocrx_word' id='word_1_188' title='bbox 1002 3258 1106 3308; x_wconf 91' lang='lat' dir='ltr'><strong>quo</strong></span> <span class='ocrx_word' id='word_1_189' title='bbox 1118 3242 1430 3294; x_wconf 80' lang='lat' dir='ltr'><strong>referemus?</strong></span> <span class='ocrx_word' id='word_1_190' title='bbox 1450 3250 1465 3272; x_wconf 84' lang='lat'><strong>‘</strong></span> <span class='ocrx_word' id='word_1_191' title='bbox 1478 3243 1610 3293; x_wconf 87' lang='lat' dir='ltr'><strong>Inde</strong></span> 
     </span>
    </p>
   </div>
   <div class='ocr_carea' id='block_1_8' title="bbox 966 2933 1611 3000">
    <p class='ocr_par' dir='ltr' id='par_1_11' title="bbox 966 2933 1611 3000">
     <span class='ocr_line' id='line_1_38' title="bbox 966 2933 1611 3000; baseline 0.003 -17"><span class='ocrx_word' id='word_1_192' title='bbox 966 2933 1013 2984; x_wconf 93' lang='lat'><strong>1.</strong></span> <span class='ocrx_word' id='word_1_193' title='bbox 1048 2950 1096 2984; x_wconf 88' lang='lat' dir='ltr'><strong>e.</strong></span> <span class='ocrx_word' id='word_1_194' title='bbox 1130 2935 1146 2963; x_wconf 86' lang='lat'>‘</span> <span class='ocrx_word' id='word_1_195' title='bbox 1171 2934 1291 2984; x_wconf 87' lang='lat' dir='ltr'><strong>dum</strong></span> <span class='ocrx_word' id='word_1_196' title='bbox 1317 2949 1372 2984; x_wconf 88' lang='lat' dir='ltr'><strong>se</strong></span> <span class='ocrx_word' id='word_1_197' title='bbox 1408 2950 1611 3000; x_wconf 82' lang='lat' dir='ltr'><strong>praepa·</strong></span> 
     </span>
    </p>
   </div>
   <div class='ocr_carea' id='block_1_9' title="bbox 552 3315 1618 3386">
    <p class='ocr_par' dir='ltr' id='par_1_12' title="bbox 552 3315 1618 3386">
     <span class='ocr_line' id='line_1_39' title="bbox 552 3315 1618 3386; baseline 0.004 -21"><span class='ocrx_word' id='word_1_198' title='bbox 552 3315 810 3381; x_wconf 87' lang='lat' dir='ltr'><strong>demoliri,</strong></span> <span class='ocrx_word' id='word_1_199' title='bbox 830 3324 912 3369; x_wconf 88' lang='lat' dir='ltr'><strong>est</strong></span> <span class='ocrx_word' id='word_1_200' title='bbox 942 3318 1214 3369; x_wconf 86' lang='lat' dir='ltr'><strong>destruere</strong></span> <span class='ocrx_word' id='word_1_201' title='bbox 1236 3320 1288 3369; x_wconf 86' lang='lat' dir='ltr'><strong>id</strong></span> <span class='ocrx_word' id='word_1_202' title='bbox 1322 3320 1461 3386; x_wconf 86' lang='lat' dir='ltr'><strong>quod</strong></span> <span class='ocrx_word' id='word_1_203' title='bbox 1486 3320 1611 3369; x_wconf 80' lang='lat' dir='ltr'><strong>aedi-</strong></span> <span class='ocrx_word' id='word_1_204' title='bbox 1613 3350 1618 3353; x_wconf 39' lang='grc' dir='ltr'>ι</span> 
     </span>
    </p>
   </div>
   <div class='ocr_carea' id='block_1_10' title="bbox 550 3390 1616 4383">
    <p class='ocr_par' dir='ltr' id='par_1_13' title="bbox 550 3390 1613 3752">
     <span class='ocr_line' id='line_1_40' title="bbox 551 3390 1613 3460; baseline 0.006 -20"><span class='ocrx_word' id='word_1_205' title='bbox 551 3390 763 3442; x_wconf 73' lang='lat' dir='ltr'><strong>flentum</strong></span> <span class='ocrx_word' id='word_1_206' title='bbox 782 3392 898 3443; x_wconf 87' lang='lat' dir='ltr'><strong>est.&#39;</strong></span> <span class='ocrx_word' id='word_1_207' title='bbox 947 3394 1034 3444; x_wconf 83' lang='lat' dir='ltr'><strong>Sic</strong></span> <span class='ocrx_word' id='word_1_208' title='bbox 1057 3410 1260 3460; x_wconf 87' lang='lat' dir='ltr'><strong>quoque</strong></span> <span class='ocrx_word' id='word_1_209' title='bbox 1295 3397 1613 3460; x_wconf 84' lang='lat' dir='ltr'><strong>putabimus,</strong></span> 
     </span>
     <span class='ocr_line' id='line_1_41' title="bbox 550 3468 1613 3538; baseline 0.006 -22"><span class='ocrx_word' id='word_1_210' title='bbox 550 3468 735 3517; x_wconf 86' lang='lat' dir='ltr'><strong>melius</strong></span> <span class='ocrx_word' id='word_1_211' title='bbox 787 3483 905 3519; x_wconf 87' lang='lat' dir='ltr'><strong>eum</strong></span> <span class='ocrx_word' id='word_1_212' title='bbox 938 3471 1178 3528; x_wconf 85' lang='lat' dir='ltr'><strong>sensisse,</strong></span> <span class='ocrx_word' id='word_1_213' title='bbox 1210 3487 1361 3538; x_wconf 88' lang='lat' dir='ltr'><strong>quam</strong></span> <span class='ocrx_word' id='word_1_214' title='bbox 1407 3474 1613 3523; x_wconf 86' lang='lat' dir='ltr'><strong>locutus</strong></span> 
     </span>
     <span class='ocr_line' id='line_1_42' title="bbox 553 3543 1613 3611; baseline 0.007 -20"><span class='ocrx_word' id='word_1_215' title='bbox 553 3550 651 3592; x_wconf 82' lang='lat' dir='ltr'><strong>est.</strong></span> <span class='ocrx_word' id='word_1_216' title='bbox 717 3543 826 3593; x_wconf 89' lang='lat' dir='ltr'><strong>Cur</strong></span> <span class='ocrx_word' id='word_1_217' title='bbox 863 3545 1000 3595; x_wconf 87' lang='lat' dir='ltr'><strong>enim</strong></span> <span class='ocrx_word' id='word_1_218' title='bbox 1032 3548 1300 3611; x_wconf 80' lang='lat' dir='ltr'><strong>exagitare</strong></span> <span class='ocrx_word' id='word_1_219' title='bbox 1339 3549 1504 3599; x_wconf 88' lang='lat' dir='ltr'><strong>libeat</strong></span> <span class='ocrx_word' id='word_1_220' title='bbox 1539 3550 1613 3598; x_wconf 84' lang='lat' dir='ltr'><strong>vi-</strong></span> 
     </span>
     <span class='ocr_line' id='line_1_43' title="bbox 553 3622 1614 3687; baseline 0.008 -20"><span class='ocrx_word' id='word_1_221' title='bbox 553 3633 660 3679; x_wconf 89' lang='lat' dir='ltr'><strong>ros,</strong></span> <span class='ocrx_word' id='word_1_222' title='bbox 683 3635 896 3684; x_wconf 89' lang='lat' dir='ltr'><strong>quorum</strong></span> <span class='ocrx_word' id='word_1_223' title='bbox 918 3622 1141 3672; x_wconf 86' lang='lat' dir='ltr'><strong>studium</strong></span> <span class='ocrx_word' id='word_1_224' title='bbox 1159 3638 1259 3672; x_wconf 88' lang='lat' dir='ltr'><strong>non</strong></span> <span class='ocrx_word' id='word_1_225' title='bbox 1276 3624 1497 3687; x_wconf 83' lang='lat' dir='ltr'><strong>simplici</strong></span> <span class='ocrx_word' id='word_1_226' title='bbox 1524 3640 1614 3676; x_wconf 87' lang='lat' dir='ltr'><strong>no·</strong></span> 
     </span>
     <span class='ocr_line' id='line_1_44' title="bbox 554 3696 1418 3752; baseline 0.008 -8"><span class='ocrx_word' id='word_1_227' title='bbox 554 3696 693 3746; x_wconf 86' lang='lat' dir='ltr'><strong>mine</strong></span> <span class='ocrx_word' id='word_1_228' title='bbox 715 3697 913 3747; x_wconf 88' lang='lat' dir='ltr'><strong>laudari</strong></span> <span class='ocrx_word' id='word_1_229' title='bbox 931 3698 1124 3750; x_wconf 86' lang='lat' dir='ltr'><strong>debet?</strong></span> <span class='ocrx_word' id='word_1_230' title='bbox 1157 3701 1418 3752; x_wconf 77' lang='lat' dir='ltr'><strong>Boeelerus.</strong></span> 
     </span>
    </p>

    <p class='ocr_par' dir='ltr' id='par_1_14' title="bbox 553 3773 1615 3981">
     <span class='ocr_line' id='line_1_45' title="bbox 618 3773 1614 3842; baseline 0.008 -21"><span class='ocrx_word' id='word_1_231' title='bbox 618 3773 753 3822; x_wconf 80' lang='lat' dir='ltr'><strong>Dum</strong></span> <span class='ocrx_word' id='word_1_232' title='bbox 772 3775 1052 3841; x_wconf 69' lang='lat' dir='ltr'><strong>moliantur]</strong></span> <span class='ocrx_word' id='word_1_233' title='bbox 1089 3778 1227 3827; x_wconf 91' lang='lat' dir='ltr'><strong>Dum</strong></span> <span class='ocrx_word' id='word_1_234' title='bbox 1249 3785 1486 3842; x_wconf 84' lang='lat' dir='ltr'><strong>surgunt,</strong></span> <span class='ocrx_word' id='word_1_235' title='bbox 1505 3794 1614 3830; x_wconf 88' lang='lat' dir='ltr'><strong>mo·</strong></span> 
     </span>
     <span class='ocr_line' id='line_1_46' title="bbox 553 3858 1615 3919; baseline 0.007 -20"><span class='ocrx_word' id='word_1_236' title='bbox 553 3858 697 3913; x_wconf 79' lang='lat' dir='ltr'><strong>veut,</strong></span> <span class='ocrx_word' id='word_1_237' title='bbox 738 3861 1064 3917; x_wconf 84' lang='lat' dir='ltr'><strong>promovent,</strong></span> <span class='ocrx_word' id='word_1_238' title='bbox 1107 3861 1380 3919; x_wconf 81' lang='lat' dir='ltr'><strong>apparant,</strong></span> <span class='ocrx_word' id='word_1_239' title='bbox 1424 3862 1615 3906; x_wconf 86' lang='lat' dir='ltr'><strong>ornant</strong></span> 
     </span>
     <span class='ocr_line' id='line_1_47' title="bbox 553 3930 950 3981; baseline 0 0"><span class='ocrx_word' id='word_1_240' title='bbox 553 3944 627 3981; x_wconf 78' lang='lat' dir='ltr'><strong>se.</strong></span> <span class='ocrx_word' id='word_1_241' title='bbox 664 3930 950 3981; x_wconf 64' lang='lat' dir='ltr'><strong>Fau-nabin.</strong></span> 
     </span>
    </p>

    <p class='ocr_par' dir='ltr' id='par_1_15' title="bbox 553 4007 1616 4383">
     <span class='ocr_line' id='line_1_48' title="bbox 619 4007 1615 4072; baseline 0.005 -16"><span class='ocrx_word' id='word_1_242' title='bbox 619 4007 754 4056; x_wconf 78' lang='lat' dir='ltr'><strong>Dum</strong></span> <span class='ocrx_word' id='word_1_243' title='bbox 788 4007 1039 4072; x_wconf 73' lang='lat' dir='ltr'><strong>conantur]</strong></span> <span class='ocrx_word' id='word_1_244' title='bbox 1090 4009 1232 4059; x_wconf 83' lang='lat' dir='ltr'><strong>Nihil</strong></span> <span class='ocrx_word' id='word_1_245' title='bbox 1271 4008 1452 4060; x_wconf 90' lang='lat' dir='ltr'><strong>dubito</strong></span> <span class='ocrx_word' id='word_1_246' title='bbox 1481 4010 1615 4061; x_wconf 85' lang='lat' dir='ltr'><strong>hauc</strong></span> 
     </span>
     <span class='ocr_line' id='line_1_49' title="bbox 553 4085 1612 4150; baseline 0.003 -16"><span class='ocrx_word' id='word_1_247' title='bbox 553 4099 731 4134; x_wconf 79' lang='lat' dir='ltr'><strong>veram</strong></span> <span class='ocrx_word' id='word_1_248' title='bbox 763 4085 1040 4134; x_wconf 84' lang='lat' dir='ltr'><strong>lectionem</strong></span> <span class='ocrx_word' id='word_1_249' title='bbox 1078 4101 1206 4137; x_wconf 86' lang='lat' dir='ltr'><strong>esse.</strong></span> <span class='ocrx_word' id='word_1_250' title='bbox 1239 4101 1355 4135; x_wconf 87' lang='lat' dir='ltr'><strong>cum</strong></span> <span class='ocrx_word' id='word_1_251' title='bbox 1391 4101 1612 4150; x_wconf 82' lang='lat' dir='ltr'><strong>praeser-</strong></span> 
     </span>
     <span class='ocr_line' id='line_1_50' title="bbox 554 4159 1616 4226; baseline 0.004 -17"><span class='ocrx_word' id='word_1_252' title='bbox 554 4160 648 4209; x_wconf 89' lang='lat' dir='ltr'><strong>tim</strong></span> <span class='ocrx_word' id='word_1_253' title='bbox 670 4159 731 4209; x_wconf 74' lang='grc' dir='ltr'><strong>τὸ</strong></span> <span class='ocrx_word' id='word_1_254' title='bbox 756 4161 918 4210; x_wconf 74' lang='lat' dir='ltr'><strong>conari</strong></span> <span class='ocrx_word' id='word_1_255' title='bbox 951 4162 1018 4226; x_wconf 66' lang='grc' dir='ltr'><strong>τᾷ</strong></span> <span class='ocrx_word' id='word_1_256' title='bbox 1048 4162 1203 4211; x_wconf 76' lang='lat' dir='ltr'><strong>moliri</strong></span> <span class='ocrx_word' id='word_1_257' title='bbox 1224 4162 1279 4211; x_wconf 71' lang='grc' dir='ltr'><strong>ἐκ</strong></span> <span class='ocrx_word' id='word_1_258' title='bbox 1299 4163 1616 4226; x_wconf 80' lang='grc' dir='ltr'><strong>παραλλήλου</strong></span> 
     </span>
     <span class='ocr_line' id='line_1_51' title="bbox 555 4239 1614 4299; baseline 0.008 -14"><span class='ocrx_word' id='word_1_259' title='bbox 555 4246 832 4299; x_wconf 77' lang='lat' dir='ltr'><strong>congruat3</strong></span> <span class='ocrx_word' id='word_1_260' title='bbox 856 4248 912 4288; x_wconf 88' lang='lat' dir='ltr'><strong>et</strong></span> <span class='ocrx_word' id='word_1_261' title='bbox 931 4240 1055 4288; x_wconf 84' lang='lat' dir='ltr'><strong>Mss.</strong></span> <span class='ocrx_word' id='word_1_262' title='bbox 1075 4240 1355 4289; x_wconf 82' lang='lat' dir='ltr'><strong>auotoritas</strong></span> <span class='ocrx_word' id='word_1_263' title='bbox 1372 4239 1614 4294; x_wconf 83' lang='lat' dir='ltr'><strong>affirmet.</strong></span> 
     </span>
     <span class='ocr_line' id='line_1_52' title="bbox 553 4313 1615 4383; baseline 0.005 -18"><span class='ocrx_word' id='word_1_264' title='bbox 553 4313 614 4365; x_wconf 77' lang='grc' dir='ltr'><strong>τὸ</strong></span> <span class='ocrx_word' id='word_1_265' title='bbox 632 4322 875 4369; x_wconf 72' lang='lat' dir='ltr'><strong>comantur</strong></span> <span class='ocrx_word' id='word_1_266' title='bbox 890 4317 1041 4380; x_wconf 84' lang='lat' dir='ltr'><strong>pauci</strong></span> <span class='ocrx_word' id='word_1_267' title='bbox 1061 4316 1289 4380; x_wconf 79' lang='lat' dir='ltr'><strong>habeut3</strong></span> <span class='ocrx_word' id='word_1_268' title='bbox 1321 4318 1407 4383; x_wconf 73' lang='lat' dir='ltr'><strong>qui</strong></span> <span class='ocrx_word' id='word_1_269' title='bbox 1427 4334 1615 4371; x_wconf 69' lang='lat' dir='ltr'><strong>comen·</strong></span> 
     </span>
    </p>
   </div>
   <div class='ocr_carea' id='block_1_11' title="bbox 1243 407 2037 459">
    <p class='ocr_par' dir='ltr' id='par_1_16' title="bbox 1243 407 2037 459">
     <span class='ocr_line' id='line_1_53' title="bbox 1243 407 2037 459; baseline 0.005 -4"><span class='ocrx_word' id='word_1_270' title='bbox 1243 407 1458 456; x_wconf 72' lang='lat' dir='ltr'><strong>No&#39;rAE</strong></span> <span class='ocrx_word' id='word_1_271' title='bbox 1506 407 1844 459; x_wconf 67' lang='lat' dir='ltr'><strong>vsnionn</strong></span> <span class='ocrx_word' id='word_1_272' title='bbox 1857 410 1903 457; x_wconf 77' lang='lat' dir='ltr'>M</span> <span class='ocrx_word' id='word_1_273' title='bbox 1959 410 2037 459; x_wconf 66' lang='lat' dir='ltr'><strong>nt</strong></span> 
     </span>
    </p>
   </div>
   <div class='ocr_carea' id='block_1_12' title="bbox 1672 551 2759 4376">
    <p class='ocr_par' dir='ltr' id='par_1_17' title="bbox 1672 551 2742 1138">
     <span class='ocr_line' id='line_1_54' title="bbox 1672 551 2731 620; baseline 0.006 -19"><span class='ocrx_word' id='word_1_274' title='bbox 1672 556 1754 601; x_wconf 69' lang='lat' dir='ltr'><strong>tur</strong></span> <span class='ocrx_word' id='word_1_275' title='bbox 1777 551 2071 615; x_wconf 64' lang='lat' dir='ltr'><strong>praferret,</strong></span> <span class='ocrx_word' id='word_1_276' title='bbox 2103 554 2274 604; x_wconf 88' lang='lat' dir='ltr'><strong>nullus</strong></span> <span class='ocrx_word' id='word_1_277' title='bbox 2312 559 2413 605; x_wconf 90' lang='lat' dir='ltr'><strong>est.</strong></span> <span class='ocrx_word' id='word_1_278' title='bbox 2449 569 2596 620; x_wconf 80' lang='lat' dir='ltr'><strong>quam</strong></span> <span class='ocrx_word' id='word_1_279' title='bbox 2635 557 2731 607; x_wconf 78' lang='lat' dir='ltr'><strong>ito·</strong></span> 
     </span>
     <span class='ocr_line' id='line_1_55' title="bbox 1675 630 2734 693; baseline 0.004 -13"><span class='ocrx_word' id='word_1_280' title='bbox 1675 642 1808 690; x_wconf 82' lang='lat' dir='ltr'><strong>rum,</strong></span> <span class='ocrx_word' id='word_1_281' title='bbox 1827 635 1883 678; x_wconf 92' lang='lat' dir='ltr'><strong>ut</strong></span> <span class='ocrx_word' id='word_1_282' title='bbox 1919 630 2128 693; x_wconf 63' lang='lat' dir='ltr'><strong>sepius,</strong></span> <span class='ocrx_word' id='word_1_283' title='bbox 2158 645 2224 679; x_wconf 86' lang='lat' dir='ltr'><strong>ex</strong></span> <span class='ocrx_word' id='word_1_284' title='bbox 2260 631 2450 681; x_wconf 85' lang='lat' dir='ltr'><strong>Plauto</strong></span> <span class='ocrx_word' id='word_1_285' title='bbox 2473 632 2617 681; x_wconf 83' lang='lat' dir='ltr'><strong>nobis</strong></span> <span class='ocrx_word' id='word_1_286' title='bbox 2647 648 2734 683; x_wconf 87' lang='grc' dir='ltr'><strong>νο·</strong></span> 
     </span>
     <span class='ocr_line' id='line_1_56' title="bbox 1674 706 2735 772; baseline 0.006 -19"><span class='ocrx_word' id='word_1_287' title='bbox 1674 717 1787 753; x_wconf 88' lang='lat' dir='ltr'><strong>cem</strong></span> <span class='ocrx_word' id='word_1_288' title='bbox 1810 706 2037 755; x_wconf 87' lang='lat' dir='ltr'><strong>nonnulli</strong></span> <span class='ocrx_word' id='word_1_289' title='bbox 2071 707 2466 757; x_wconf 81' lang='lat' dir='ltr'><strong>substituerunt.</strong></span> <span class='ocrx_word' id='word_1_290' title='bbox 2502 709 2643 772; x_wconf 87' lang='lat' dir='ltr'><strong>apud</strong></span> <span class='ocrx_word' id='word_1_291' title='bbox 2679 711 2735 760; x_wconf 89' lang='lat' dir='ltr'><strong>il-</strong></span> 
     </span>
     <span class='ocr_line' id='line_1_57' title="bbox 1674 781 2736 847; baseline 0.003 -17"><span class='ocrx_word' id='word_1_292' title='bbox 1674 781 1777 831; x_wconf 87' lang='lat' dir='ltr'><strong>lum</strong></span> <span class='ocrx_word' id='word_1_293' title='bbox 1798 781 1929 830; x_wconf 89' lang='lat' dir='ltr'><strong>enim</strong></span> <span class='ocrx_word' id='word_1_294' title='bbox 1954 783 2114 847; x_wconf 85' lang='lat' dir='ltr'><strong>legas,</strong></span> <span class='ocrx_word' id='word_1_295' title='bbox 2131 784 2310 835; x_wconf 81' lang='lat' dir='ltr'><strong>Sticho</strong></span> <span class='ocrx_word' id='word_1_296' title='bbox 2334 798 2388 833; x_wconf 84' lang='lat' dir='ltr'><strong>v.</strong></span> <span class='ocrx_word' id='word_1_297' title='bbox 2408 789 2457 834; x_wconf 83' lang='grc'><strong>4.</strong></span> <span class='ocrx_word' id='word_1_298' title='bbox 2476 790 2558 835; x_wconf 87' lang='grc'><strong>19.</strong></span> <span class='ocrx_word' id='word_1_299' title='bbox 2591 786 2611 814; x_wconf 79' lang='lat'><strong><em>⁴</em></strong></span> <span class='ocrx_word' id='word_1_300' title='bbox 2626 785 2736 836; x_wconf 85' lang='lat' dir='ltr'><strong>Sed</strong></span> 
     </span>
     <span class='ocr_line' id='line_1_58' title="bbox 1675 857 2739 928; baseline 0.006 -22"><span class='ocrx_word' id='word_1_301' title='bbox 1675 857 1837 908; x_wconf 84' lang='lat' dir='ltr'><strong>amica</strong></span> <span class='ocrx_word' id='word_1_302' title='bbox 1874 873 1991 908; x_wconf 84' lang='lat' dir='ltr'><strong>mea</strong></span> <span class='ocrx_word' id='word_1_303' title='bbox 2035 860 2155 910; x_wconf 87' lang='lat' dir='ltr'><strong>dum</strong></span> <span class='ocrx_word' id='word_1_304' title='bbox 2199 861 2380 924; x_wconf 83' lang='lat' dir='ltr'><strong>comit,</strong></span> <span class='ocrx_word' id='word_1_305' title='bbox 2415 862 2649 928; x_wconf 84' lang='lat' dir='ltr'><strong>dumque</strong></span> <span class='ocrx_word' id='word_1_306' title='bbox 2684 877 2739 911; x_wconf 82' lang='lat' dir='ltr'><strong>se</strong></span> 
     </span>
     <span class='ocr_line' id='line_1_59' title="bbox 1676 936 2739 1003; baseline 0.001 -15"><span class='ocrx_word' id='word_1_307' title='bbox 1676 936 1932 1000; x_wconf 79' lang='lat' dir='ltr'><strong>exornat‚’</strong></span> <span class='ocrx_word' id='word_1_308' title='bbox 1971 941 2069 988; x_wconf 72' lang='grc' dir='ltr'><strong>ὅτε.</strong></span> <span class='ocrx_word' id='word_1_309' title='bbox 2125 939 2393 1003; x_wconf 79' lang='lat' dir='ltr'><strong>Georgius</strong></span> <span class='ocrx_word' id='word_1_310' title='bbox 2429 945 2604 989; x_wconf 83' lang='lat' dir='ltr'><strong>tamen</strong></span> <span class='ocrx_word' id='word_1_311' title='bbox 2644 941 2739 989; x_wconf 83' lang='lat' dir='ltr'><strong>Fa·</strong></span> 
     </span>
     <span class='ocr_line' id='line_1_60' title="bbox 1676 1011 2742 1065; baseline 0.005 -5"><span class='ocrx_word' id='word_1_312' title='bbox 1676 1011 1870 1062; x_wconf 83' lang='lat' dir='ltr'><strong>bricius</strong></span> <span class='ocrx_word' id='word_1_313' title='bbox 1899 1012 1959 1062; x_wconf 67' lang='lat' dir='ltr'><strong>rb</strong></span> <span class='ocrx_word' id='word_1_314' title='bbox 1989 1020 2235 1065; x_wconf 71' lang='lat' dir='ltr'><strong>commui·</strong></span> <span class='ocrx_word' id='word_1_315' title='bbox 2271 1014 2516 1065; x_wconf 82' lang='lat' dir='ltr'><strong>defendit.</strong></span> <span class='ocrx_word' id='word_1_316' title='bbox 2554 1016 2742 1065; x_wconf 67' lang='lat' dir='ltr'><strong>Bede-</strong></span> 
     </span>
     <span class='ocr_line' id='line_1_61' title="bbox 1677 1101 1778 1138; baseline 0.02 -2"><span class='ocrx_word' id='word_1_317' title='bbox 1677 1101 1778 1138; x_wconf 77' lang='lat' dir='ltr'><strong>rus.</strong></span> 
     </span>
    </p>

    <p class='ocr_par' dir='ltr' id='par_1_18' title="bbox 1679 1164 2746 1461">
     <span class='ocr_line' id='line_1_62' title="bbox 1748 1164 2745 1231; baseline 0.003 -17"><span class='ocrx_word' id='word_1_318' title='bbox 1748 1168 1808 1214; x_wconf 88' lang='grc'><strong>12</strong></span> <span class='ocrx_word' id='word_1_319' title='bbox 1842 1164 2067 1229; x_wconf 75' lang='lat' dir='ltr'><strong>Respira]</strong></span> <span class='ocrx_word' id='word_1_320' title='bbox 2100 1166 2268 1217; x_wconf 86' lang='lat' dir='ltr'><strong>Unico</strong></span> <span class='ocrx_word' id='word_1_321' title='bbox 2293 1166 2545 1218; x_wconf 83' lang='lat' dir='ltr'><strong>vocabulo</strong></span> <span class='ocrx_word' id='word_1_322' title='bbox 2583 1166 2745 1231; x_wconf 58' lang='lat' dir='ltr'><strong>poeta</strong></span> 
     </span>
     <span class='ocr_line' id='line_1_63' title="bbox 1679 1240 2745 1307; baseline 0.005 -18"><span class='ocrx_word' id='word_1_323' title='bbox 1679 1240 1843 1291; x_wconf 82' lang='lat' dir='ltr'><strong>voluit</strong></span> <span class='ocrx_word' id='word_1_324' title='bbox 1863 1242 2242 1292; x_wconf 80' lang='lat' dir='ltr'><strong>solicitudinem</strong></span> <span class='ocrx_word' id='word_1_325' title='bbox 2264 1244 2468 1307; x_wconf 77' lang='lat' dir='ltr'><strong>cuniae,</strong></span> <span class='ocrx_word' id='word_1_326' title='bbox 2494 1258 2600 1293; x_wconf 90' lang='lat' dir='ltr'><strong>non</strong></span> <span class='ocrx_word' id='word_1_327' title='bbox 2626 1251 2745 1294; x_wconf 81' lang='lat' dir='ltr'><strong>tan-</strong></span> 
     </span>
     <span class='ocr_line' id='line_1_64' title="bbox 1682 1320 2746 1385; baseline 0.004 -18"><span class='ocrx_word' id='word_1_328' title='bbox 1682 1325 1790 1367; x_wconf 90' lang='lat' dir='ltr'><strong>tum</strong></span> <span class='ocrx_word' id='word_1_329' title='bbox 1811 1333 1928 1383; x_wconf 74' lang='lat' dir='ltr'><strong>quoe</strong></span> <span class='ocrx_word' id='word_1_330' title='bbox 1952 1320 2003 1368; x_wconf 89' lang='lat' dir='ltr'><strong>in</strong></span> <span class='ocrx_word' id='word_1_331' title='bbox 2030 1321 2218 1383; x_wconf 88' lang='lat' dir='ltr'><strong>auimo,</strong></span> <span class='ocrx_word' id='word_1_332' title='bbox 2249 1320 2341 1370; x_wconf 86' lang='lat' dir='ltr'><strong>sed</strong></span> <span class='ocrx_word' id='word_1_333' title='bbox 2366 1335 2481 1385; x_wconf 80' lang='lat' dir='ltr'><strong>quae</strong></span> <span class='ocrx_word' id='word_1_334' title='bbox 2515 1322 2571 1370; x_wconf 89' lang='lat' dir='ltr'><strong>in</strong></span> <span class='ocrx_word' id='word_1_335' title='bbox 2591 1322 2746 1372; x_wconf 79' lang='lat' dir='ltr'><strong>vultu</strong></span> 
     </span>
     <span class='ocr_line' id='line_1_65' title="bbox 1679 1395 2590 1461; baseline 0.002 -15"><span class='ocrx_word' id='word_1_336' title='bbox 1679 1395 1838 1446; x_wconf 82' lang='lat' dir='ltr'><strong>etiam</strong></span> <span class='ocrx_word' id='word_1_337' title='bbox 1862 1404 1996 1461; x_wconf 87' lang='lat' dir='ltr'><strong>erat,</strong></span> <span class='ocrx_word' id='word_1_338' title='bbox 2017 1398 2311 1449; x_wconf 83' lang='lat' dir='ltr'><strong>ostendere.</strong></span> <span class='ocrx_word' id='word_1_339' title='bbox 2347 1400 2500 1448; x_wconf 81' lang='lat' dir='ltr'><strong>Idem.</strong></span> <span class='ocrx_word' id='word_1_340' title='bbox 2587 1411 2590 1414; x_wconf 85' lang='lat'>·</span> 
     </span>
    </p>

    <p class='ocr_par' dir='ltr' id='par_1_19' title="bbox 1675 1471 2759 4376">
     <span class='ocr_line' id='line_1_66' title="bbox 1743 1471 2747 1539; baseline 0.005 -18"><span class='ocrx_word' id='word_1_341' title='bbox 1743 1471 1924 1522; x_wconf 66' lang='lat' dir='ltr'><strong>Scau</strong></span> <span class='ocrx_word' id='word_1_342' title='bbox 1944 1486 2032 1524; x_wconf 84' lang='lat' dir='ltr'><strong>m.</strong></span> <span class='ocrx_word' id='word_1_343' title='bbox 2054 1473 2243 1524; x_wconf 86' lang='lat' dir='ltr'><strong>Satura</strong></span> <span class='ocrx_word' id='word_1_344' title='bbox 2258 1480 2358 1539; x_wconf 89' lang='lat' dir='ltr'><strong>est,</strong></span> <span class='ocrx_word' id='word_1_345' title='bbox 2373 1474 2618 1525; x_wconf 84' lang='lat' dir='ltr'><strong>Iambicis</strong></span> <span class='ocrx_word' id='word_1_346' title='bbox 2639 1476 2747 1526; x_wconf 91' lang='lat' dir='ltr'><strong>Oc-</strong></span> 
     </span>
     <span class='ocr_line' id='line_1_67' title="bbox 1683 1549 2749 1613; baseline 0.006 -17"><span class='ocrx_word' id='word_1_347' title='bbox 1683 1549 1896 1599; x_wconf 86' lang='lat' dir='ltr'><strong>tonariis</strong></span> <span class='ocrx_word' id='word_1_348' title='bbox 1927 1557 1983 1600; x_wconf 87' lang='lat' dir='ltr'><strong>et</strong></span> <span class='ocrx_word' id='word_1_349' title='bbox 2018 1549 2264 1613; x_wconf 85' lang='lat' dir='ltr'><strong>Senariis,</strong></span> <span class='ocrx_word' id='word_1_350' title='bbox 2305 1559 2414 1601; x_wconf 88' lang='lat' dir='ltr'><strong>tum</strong></span> <span class='ocrx_word' id='word_1_351' title='bbox 2438 1551 2749 1602; x_wconf 73' lang='lat' dir='ltr'><strong>Trocltaicis</strong></span> 
     </span>
     <span class='ocr_line' id='line_1_68' title="bbox 1681 1615 2753 1688; baseline 0.004 -14"><span class='ocrx_word' id='word_1_352' title='bbox 1681 1615 1991 1688; x_wconf 79' lang='lat' dir='ltr'><strong>septenariis</strong></span> <span class='ocrx_word' id='word_1_353' title='bbox 2044 1634 2308 1678; x_wconf 84' lang='lat' dir='ltr'><strong>constans.</strong></span> <span class='ocrx_word' id='word_1_354' title='bbox 2353 1641 2427 1677; x_wconf 86' lang='grc' dir='ltr'><strong>νε.</strong></span> <span class='ocrx_word' id='word_1_355' title='bbox 2475 1631 2525 1678; x_wconf 85' lang='grc'><strong>2.</strong></span> <span class='ocrx_word' id='word_1_356' title='bbox 2568 1642 2753 1679; x_wconf 85' lang='lat' dir='ltr'><strong>omnes</strong></span> 
     </span>
     <span class='ocr_line' id='line_1_69' title="bbox 1681 1701 2749 1756; baseline 0.005 -6"><span class='ocrx_word' id='word_1_357' title='bbox 1681 1701 1812 1751; x_wconf 87' lang='lat' dir='ltr'><strong>Mss.</strong></span> <span class='ocrx_word' id='word_1_358' title='bbox 1848 1703 2010 1753; x_wconf 89' lang='lat' dir='ltr'><strong>nostri</strong></span> <span class='ocrx_word' id='word_1_359' title='bbox 2038 1719 2052 1753; x_wconf 74' lang='grc' dir='ltr'><strong>ε</strong></span> <span class='ocrx_word' id='word_1_360' title='bbox 2080 1705 2179 1754; x_wconf 72' lang='lat' dir='ltr'><em>2⁰11ae</em></span> <span class='ocrx_word' id='word_1_361' title='bbox 2214 1705 2397 1754; x_wconf 72' lang='lat' dir='ltr'><strong>relicta</strong></span> <span class='ocrx_word' id='word_1_362' title='bbox 2408 1710 2537 1756; x_wconf 69' lang='lat' dir='ltr'><strong>aaut.</strong></span> <span class='ocrx_word' id='word_1_363' title='bbox 2562 1721 2638 1755; x_wconf 84' lang='lat' dir='ltr'><strong>vs.</strong></span> <span class='ocrx_word' id='word_1_364' title='bbox 2667 1710 2749 1756; x_wconf 80' lang='grc'><strong>14.</strong></span> 
     </span>
     <span class='ocr_line' id='line_1_70' title="bbox 1683 1780 2748 1843; baseline 0.006 -17"><span class='ocrx_word' id='word_1_365' title='bbox 1683 1790 1892 1828; x_wconf 81' lang='lat' dir='ltr'><strong>omnes:</strong></span> <span class='ocrx_word' id='word_1_366' title='bbox 1913 1781 2026 1843; x_wconf 72' lang='lat' dir='ltr'><strong>quid</strong></span> <span class='ocrx_word' id='word_1_367' title='bbox 2043 1780 2216 1831; x_wconf 70' lang='lat' dir='ltr'><strong>bibent.</strong></span> <span class='ocrx_word' id='word_1_368' title='bbox 2245 1788 2300 1829; x_wconf 92' lang='lat' dir='ltr'><strong>et</strong></span> <span class='ocrx_word' id='word_1_369' title='bbox 2337 1796 2411 1831; x_wconf 83' lang='lat' dir='ltr'><strong>vs.</strong></span> <span class='ocrx_word' id='word_1_370' title='bbox 2438 1784 2520 1830; x_wconf 92' lang='grc'><strong>17.</strong></span> <span class='ocrx_word' id='word_1_371' title='bbox 2545 1783 2748 1832; x_wconf 67' lang='lat' dir='ltr'><strong>collocu-</strong></span> 
     </span>
     <span class='ocr_line' id='line_1_71' title="bbox 1675 1855 2754 1926; baseline 0.005 -23"><span class='ocrx_word' id='word_1_372' title='bbox 1675 1856 1876 1919; x_wconf 64' lang='lat' dir='ltr'><strong>pietati</strong></span> <span class='ocrx_word' id='word_1_373' title='bbox 1889 1855 2144 1920; x_wconf 70' lang='lat' dir='ltr'><strong>Antiphila</strong></span> <span class='ocrx_word' id='word_1_374' title='bbox 2175 1863 2241 1908; x_wconf 74' lang='lat' dir='ltr'><strong>te.</strong></span> <span class='ocrx_word' id='word_1_375' title='bbox 2279 1873 2355 1909; x_wconf 90' lang='grc' dir='ltr'><strong>νε.</strong></span> <span class='ocrx_word' id='word_1_376' title='bbox 2370 1862 2453 1926; x_wconf 78' lang='grc'><strong>20.</strong></span> <span class='ocrx_word' id='word_1_377' title='bbox 2478 1858 2614 1908; x_wconf 84' lang='lat' dir='ltr'><strong>duo:</strong></span> <span class='ocrx_word' id='word_1_378' title='bbox 2650 1875 2754 1908; x_wconf 70' lang='lat' dir='ltr'><strong>no·</strong></span> 
     </span>
     <span class='ocr_line' id='line_1_72' title="bbox 1680 1932 2755 1993; baseline 0.006 -13"><span class='ocrx_word' id='word_1_379' title='bbox 1680 1932 1840 1982; x_wconf 69' lang='lat' dir='ltr'><strong>naisso</strong></span> <span class='ocrx_word' id='word_1_380' title='bbox 1857 1932 2052 1993; x_wconf 73' lang='lat' dir='ltr'><strong>frustra</strong></span> <span class='ocrx_word' id='word_1_381' title='bbox 2070 1937 2211 1986; x_wconf 77' lang='lat' dir='ltr'><strong>dolet.</strong></span> <span class='ocrx_word' id='word_1_382' title='bbox 2251 1936 2467 1985; x_wconf 86' lang='lat' dir='ltr'><strong>tertius:</strong></span> <span class='ocrx_word' id='word_1_383' title='bbox 2501 1937 2630 1986; x_wconf 79' lang='lat' dir='ltr'><strong>dolet</strong></span> <span class='ocrx_word' id='word_1_384' title='bbox 2652 1952 2755 1985; x_wconf 78' lang='lat' dir='ltr'><strong>mo·</strong></span> 
     </span>
     <span class='ocr_line' id='line_1_73' title="bbox 1681 2009 2757 2073; baseline 0.006 -15"><span class='ocrx_word' id='word_1_385' title='bbox 1681 2009 2058 2068; x_wconf 74' lang='lat' dir='ltr'><strong>aaissesrastra.</strong></span> <span class='ocrx_word' id='word_1_386' title='bbox 2076 2016 2238 2061; x_wconf 89' lang='grc' dir='ltr'><strong>νε.29.</strong></span> <span class='ocrx_word' id='word_1_387' title='bbox 2254 2028 2383 2062; x_wconf 89' lang='lat' dir='ltr'><strong>uuus</strong></span> <span class='ocrx_word' id='word_1_388' title='bbox 2398 2013 2616 2073; x_wconf 89' lang='lat' dir='ltr'><strong>omittit,</strong></span> <span class='ocrx_word' id='word_1_389' title='bbox 2637 2027 2757 2064; x_wconf 81' lang='lat' dir='ltr'><strong>esse.</strong></span> 
     </span>
     <span class='ocr_line' id='line_1_74' title="bbox 1687 2083 2758 2151; baseline 0.005 -17"><span class='ocrx_word' id='word_1_390' title='bbox 1687 2083 1967 2149; x_wconf 80' lang='lat' dir='ltr'><strong>Argentor.</strong></span> <span class='ocrx_word' id='word_1_391' title='bbox 1992 2101 2088 2151; x_wconf 88' lang='lat' dir='ltr'><strong>pro</strong></span> <span class='ocrx_word' id='word_1_392' title='bbox 2119 2103 2222 2137; x_wconf 81' lang='lat' dir='ltr'><strong>esse</strong></span> <span class='ocrx_word' id='word_1_393' title='bbox 2251 2089 2317 2151; x_wconf 86' lang='lat' dir='ltr'><strong>ei,</strong></span> <span class='ocrx_word' id='word_1_394' title='bbox 2349 2088 2511 2139; x_wconf 86' lang='lat' dir='ltr'><strong>habet</strong></span> <span class='ocrx_word' id='word_1_395' title='bbox 2530 2089 2655 2151; x_wconf 59' lang='lat' dir='ltr'><strong>das.</strong></span> <span class='ocrx_word' id='word_1_396' title='bbox 2679 2105 2758 2139; x_wconf 89' lang='grc' dir='ltr'><strong>νε.</strong></span> 
     </span>
     <span class='ocr_line' id='line_1_75' title="bbox 1684 2164 2757 2228; baseline 0.006 -18"><span class='ocrx_word' id='word_1_397' title='bbox 1684 2165 1767 2211; x_wconf 73' lang='grc'><strong>88.</strong></span> <span class='ocrx_word' id='word_1_398' title='bbox 1787 2178 1962 2214; x_wconf 87' lang='lat' dir='ltr'><strong>omnes</strong></span> <span class='ocrx_word' id='word_1_399' title='bbox 1986 2179 2000 2213; x_wconf 71' lang='grc' dir='ltr'><strong>ε</strong></span> <span class='ocrx_word' id='word_1_400' title='bbox 2036 2164 2148 2214; x_wconf 72' lang='lat' dir='ltr'><strong>hinc</strong></span> <span class='ocrx_word' id='word_1_401' title='bbox 2176 2165 2295 2218; x_wconf 79' lang='lat' dir='ltr'><strong>sciri</strong></span> <span class='ocrx_word' id='word_1_402' title='bbox 2318 2167 2497 2228; x_wconf 63' lang='lat' dir='ltr'><strong>potuit,</strong></span> <span class='ocrx_word' id='word_1_403' title='bbox 2525 2166 2658 2215; x_wconf 64' lang='lat' dir='ltr'><strong>hand</strong></span> <span class='ocrx_word' id='word_1_404' title='bbox 2677 2182 2757 2216; x_wconf 77' lang='lat' dir='ltr'><strong>as·</strong></span> 
     </span>
     <span class='ocr_line' id='line_1_76' title="bbox 1683 2240 2757 2306; baseline 0.005 -18"><span class='ocrx_word' id='word_1_405' title='bbox 1683 2254 1824 2303; x_wconf 67' lang='lat' dir='ltr'><strong>quum</strong></span> <span class='ocrx_word' id='word_1_406' title='bbox 1854 2240 1989 2291; x_wconf 79' lang='lat' dir='ltr'><strong>alibi.</strong></span> <span class='ocrx_word' id='word_1_407' title='bbox 2022 2256 2100 2290; x_wconf 91' lang='grc' dir='ltr'><strong>νε.</strong></span> <span class='ocrx_word' id='word_1_408' title='bbox 2138 2246 2219 2291; x_wconf 81' lang='grc'><strong>46.</strong></span> <span class='ocrx_word' id='word_1_409' title='bbox 2257 2256 2467 2293; x_wconf 86' lang='lat' dir='ltr'><strong>omnes:</strong></span> <span class='ocrx_word' id='word_1_410' title='bbox 2518 2257 2628 2306; x_wconf 70' lang='grc' dir='ltr'><strong>«μισ</strong></span> <span class='ocrx_word' id='word_1_411' title='bbox 2652 2249 2757 2293; x_wconf 62' lang='lat' dir='ltr'><strong>mm</strong></span> 
     </span>
     <span class='ocr_line' id='line_1_77' title="bbox 1684 2321 2755 2385; baseline 0.007 -21"><span class='ocrx_word' id='word_1_412' title='bbox 1684 2322 1784 2364; x_wconf 79' lang='lat' dir='ltr'><strong>erat</strong></span> <span class='ocrx_word' id='word_1_413' title='bbox 1822 2322 2024 2366; x_wconf 78' lang='lat' dir='ltr'><strong>mortua.</strong></span> <span class='ocrx_word' id='word_1_414' title='bbox 2073 2332 2148 2366; x_wconf 85' lang='lat' dir='ltr'><strong>vs.</strong></span> <span class='ocrx_word' id='word_1_415' title='bbox 2179 2322 2261 2385; x_wconf 66' lang='lat'><strong>48.</strong></span> <span class='ocrx_word' id='word_1_416' title='bbox 2307 2333 2519 2369; x_wconf 85' lang='lat' dir='ltr'><strong>omnes:</strong></span> <span class='ocrx_word' id='word_1_417' title='bbox 2556 2321 2755 2371; x_wconf 68' lang='lat' dir='ltr'><strong>malam.</strong></span> 
     </span>
     <span class='ocr_line' id='line_1_78' title="bbox 1688 2392 2756 2455; baseline 0.007 -15"><span class='ocrx_word' id='word_1_418' title='bbox 1688 2392 1783 2441; x_wconf 88' lang='lat' dir='ltr'><strong>nisi</strong></span> <span class='ocrx_word' id='word_1_419' title='bbox 1809 2392 1945 2455; x_wconf 85' lang='lat' dir='ltr'><strong>quod</strong></span> <span class='ocrx_word' id='word_1_420' title='bbox 1969 2393 2019 2441; x_wconf 90' lang='lat' dir='ltr'><strong>in</strong></span> <span class='ocrx_word' id='word_1_421' title='bbox 2039 2408 2160 2455; x_wconf 89' lang='lat' dir='ltr'><strong>uno,</strong></span> <span class='ocrx_word' id='word_1_422' title='bbox 2193 2393 2253 2442; x_wconf 74' lang='grc' dir='ltr'><strong>τὸ</strong></span> <span class='ocrx_word' id='word_1_423' title='bbox 2273 2411 2322 2444; x_wconf 84' lang='lat' dir='ltr'><strong>m</strong></span> <span class='ocrx_word' id='word_1_424' title='bbox 2343 2394 2575 2446; x_wconf 84' lang='lat' dir='ltr'><strong>secunda</strong></span> <span class='ocrx_word' id='word_1_425' title='bbox 2592 2411 2756 2447; x_wconf 87' lang='lat' dir='ltr'><strong>manu</strong></span> 
     </span>
     <span class='ocr_line' id='line_1_79' title="bbox 1686 2474 2756 2539; baseline 0.006 -21"><span class='ocrx_word' id='word_1_426' title='bbox 1686 2482 1947 2532; x_wconf 86' lang='lat' dir='ltr'><strong>superscr.</strong></span> <span class='ocrx_word' id='word_1_427' title='bbox 1966 2485 2042 2520; x_wconf 90' lang='grc' dir='ltr'><strong>νε.</strong></span> <span class='ocrx_word' id='word_1_428' title='bbox 2062 2475 2145 2521; x_wconf 74' lang='grc'><strong>49.</strong></span> <span class='ocrx_word' id='word_1_429' title='bbox 2168 2487 2345 2521; x_wconf 88' lang='lat' dir='ltr'><strong>omnes</strong></span> <span class='ocrx_word' id='word_1_430' title='bbox 2366 2487 2379 2518; x_wconf 87' lang='lat'><strong>:</strong></span> <span class='ocrx_word' id='word_1_431' title='bbox 2400 2474 2602 2538; x_wconf 75' lang='lat' dir='ltr'><strong>capillus</strong></span> <span class='ocrx_word' id='word_1_432' title='bbox 2616 2490 2756 2539; x_wconf 77' lang='lat' dir='ltr'><strong>spor·</strong></span> 
     </span>
     <span class='ocr_line' id='line_1_80' title="bbox 1685 2538 2758 2611; baseline 0.004 -15"><span class='ocrx_word' id='word_1_433' title='bbox 1685 2538 1781 2596; x_wconf 80' lang='lat' dir='ltr'><strong>sas.</strong></span> <span class='ocrx_word' id='word_1_434' title='bbox 1821 2562 1897 2599; x_wconf 84' lang='grc' dir='ltr'><strong>νε.</strong></span> <span class='ocrx_word' id='word_1_435' title='bbox 1918 2552 2001 2597; x_wconf 73' lang='grc'><strong>52.</strong></span> <span class='ocrx_word' id='word_1_436' title='bbox 2040 2563 2254 2599; x_wconf 87' lang='lat' dir='ltr'><strong>omnes:</strong></span> <span class='ocrx_word' id='word_1_437' title='bbox 2290 2549 2586 2611; x_wconf 70' lang='lat' dir='ltr'><strong>subtegmen.</strong></span> <span class='ocrx_word' id='word_1_438' title='bbox 2613 2550 2758 2600; x_wconf 81' lang='lat' dir='ltr'><strong>duo:</strong></span> 
     </span>
     <span class='ocr_line' id='line_1_81' title="bbox 1681 2627 2759 2687; baseline 0.004 -15"><span class='ocrx_word' id='word_1_439' title='bbox 1681 2629 1976 2687; x_wconf 69' lang='lat' dir='ltr'><strong>preteream.</strong></span> <span class='ocrx_word' id='word_1_440' title='bbox 2014 2638 2090 2675; x_wconf 82' lang='lat' dir='ltr'><strong>vs.</strong></span> <span class='ocrx_word' id='word_1_441' title='bbox 2108 2628 2192 2675; x_wconf 76' lang='grc'><strong>54.</strong></span> <span class='ocrx_word' id='word_1_442' title='bbox 2211 2633 2267 2675; x_wconf 86' lang='lat' dir='ltr'><strong>et</strong></span> <span class='ocrx_word' id='word_1_443' title='bbox 2290 2630 2371 2675; x_wconf 86' lang='grc'><strong>55.</strong></span> <span class='ocrx_word' id='word_1_444' title='bbox 2390 2640 2520 2675; x_wconf 87' lang='lat' dir='ltr'><strong>unns</strong></span> <span class='ocrx_word' id='word_1_445' title='bbox 2541 2641 2555 2673; x_wconf 78' lang='lat' dir='ltr'><strong>t</strong></span> <span class='ocrx_word' id='word_1_446' title='bbox 2588 2627 2635 2676; x_wconf 79' lang='lat' dir='ltr'><strong>si</strong></span> <span class='ocrx_word' id='word_1_447' title='bbox 2655 2628 2759 2676; x_wconf 68' lang='lat' dir='ltr'><strong>liae</strong></span> 
     </span>
     <span class='ocr_line' id='line_1_82' title="bbox 1685 2701 2756 2764; baseline 0.003 -15"><span class='ocrx_word' id='word_1_448' title='bbox 1685 2714 1799 2750; x_wconf 75' lang='lat' dir='ltr'><strong>vero</strong></span> <span class='ocrx_word' id='word_1_449' title='bbox 1831 2707 1940 2750; x_wconf 77' lang='lat' dir='ltr'><strong>sunt</strong></span> <span class='ocrx_word' id='word_1_450' title='bbox 1968 2701 2147 2764; x_wconf 70' lang='lat' dir='ltr'><strong>Clinia,</strong></span> <span class='ocrx_word' id='word_1_451' title='bbox 2186 2702 2261 2751; x_wconf 78' lang='lat' dir='ltr'><strong>ita</strong></span> <span class='ocrx_word' id='word_1_452' title='bbox 2300 2707 2353 2750; x_wconf 79' lang='lat' dir='ltr'><strong>at</strong></span> <span class='ocrx_word' id='word_1_453' title='bbox 2390 2704 2546 2751; x_wconf 78' lang='lat' dir='ltr'><strong>credo.</strong></span> <span class='ocrx_word' id='word_1_454' title='bbox 2583 2703 2756 2752; x_wconf 83' lang='lat' dir='ltr'><strong>alter:</strong></span> 
     </span>
     <span class='ocr_line' id='line_1_83' title="bbox 1682 2776 2758 2840; baseline 0.003 -15"><span class='ocrx_word' id='word_1_455' title='bbox 1682 2776 1729 2825; x_wconf 80' lang='lat' dir='ltr'><strong>si</strong></span> <span class='ocrx_word' id='word_1_456' title='bbox 1752 2777 1854 2825; x_wconf 69' lang='lat' dir='ltr'><strong>hac</strong></span> <span class='ocrx_word' id='word_1_457' title='bbox 1879 2791 1991 2826; x_wconf 77' lang='lat' dir='ltr'><strong>vera</strong></span> <span class='ocrx_word' id='word_1_458' title='bbox 2006 2782 2118 2826; x_wconf 69' lang='lat' dir='ltr'><strong>sunt</strong></span> <span class='ocrx_word' id='word_1_459' title='bbox 2141 2777 2320 2838; x_wconf 76' lang='lat' dir='ltr'><strong>Clinia,</strong></span> <span class='ocrx_word' id='word_1_460' title='bbox 2345 2777 2419 2826; x_wconf 80' lang='lat' dir='ltr'><strong>ita</strong></span> <span class='ocrx_word' id='word_1_461' title='bbox 2438 2783 2493 2826; x_wconf 70' lang='lat' dir='ltr'><strong>nt</strong></span> <span class='ocrx_word' id='word_1_462' title='bbox 2514 2779 2596 2828; x_wconf 73' lang='lat' dir='ltr'><strong>hic</strong></span> <span class='ocrx_word' id='word_1_463' title='bbox 2613 2780 2758 2840; x_wconf 69' lang='lat' dir='ltr'><strong>dicit,</strong></span> 
     </span>
     <span class='ocr_line' id='line_1_84' title="bbox 1685 2851 2751 2918; baseline 0.006 -18"><span class='ocrx_word' id='word_1_464' title='bbox 1685 2853 1788 2915; x_wconf 75' lang='lat' dir='ltr'><strong>qais</strong></span> <span class='ocrx_word' id='word_1_465' title='bbox 1810 2858 1856 2901; x_wconf 79' lang='lat' dir='ltr'><strong>te</strong></span> <span class='ocrx_word' id='word_1_466' title='bbox 1879 2853 2179 2913; x_wconf 76' lang='lat' dir='ltr'><strong>fortunatior</strong></span> <span class='ocrx_word' id='word_1_467' title='bbox 2195 2851 2222 2903; x_wconf 74' lang='lat'><strong>:1</strong></span> <span class='ocrx_word' id='word_1_468' title='bbox 2252 2853 2475 2918; x_wconf 84' lang='lat' dir='ltr'><strong>Argent.</strong></span> <span class='ocrx_word' id='word_1_469' title='bbox 2505 2856 2554 2904; x_wconf 82' lang='lat' dir='ltr'><strong>si</strong></span> <span class='ocrx_word' id='word_1_470' title='bbox 2576 2857 2682 2906; x_wconf 70' lang='lat' dir='ltr'><strong>haee</strong></span> <span class='ocrx_word' id='word_1_471' title='bbox 2702 2872 2751 2906; x_wconf 76' lang='lat' dir='ltr'><strong>v.</strong></span> 
     </span>
     <span class='ocr_line' id='line_1_85' title="bbox 1686 2928 2751 2993; baseline 0.006 -16"><span class='ocrx_word' id='word_1_472' title='bbox 1686 2944 1727 2978; x_wconf 88' lang='lat' dir='ltr'><strong>s.</strong></span> <span class='ocrx_word' id='word_1_473' title='bbox 1755 2929 1831 2977; x_wconf 80' lang='lat'><strong>01.</strong></span> <span class='ocrx_word' id='word_1_474' title='bbox 1855 2929 1928 2978; x_wconf 80' lang='lat' dir='ltr'><strong>ita</strong></span> <span class='ocrx_word' id='word_1_475' title='bbox 1946 2933 2002 2978; x_wconf 71' lang='lat' dir='ltr'><strong>stt</strong></span> <span class='ocrx_word' id='word_1_476' title='bbox 2033 2929 2158 2979; x_wconf 78' lang='lat' dir='ltr'><strong>dicit</strong></span> <span class='ocrx_word' id='word_1_477' title='bbox 2192 2928 2288 2990; x_wconf 74' lang='lat' dir='ltr'><strong>hio,</strong></span> <span class='ocrx_word' id='word_1_478' title='bbox 2319 2947 2366 2993; x_wconf 78' lang='lat' dir='ltr'><strong>q.</strong></span> <span class='ocrx_word' id='word_1_479' title='bbox 2405 2936 2443 2980; x_wconf 80' lang='lat' dir='ltr'><strong>t.</strong></span> <span class='ocrx_word' id='word_1_480' title='bbox 2471 2931 2520 2991; x_wconf 80' lang='lat' dir='ltr'><strong>s.</strong></span> <span class='ocrx_word' id='word_1_481' title='bbox 2566 2947 2643 2982; x_wconf 84' lang='lat' dir='ltr'><strong>vs.</strong></span> <span class='ocrx_word' id='word_1_482' title='bbox 2665 2936 2751 2983; x_wconf 69' lang='lat'><strong>³⁷.</strong></span> 
     </span>
     <span class='ocr_line' id='line_1_86' title="bbox 1687 3009 2753 3069; baseline 0.006 -15"><span class='ocrx_word' id='word_1_483' title='bbox 1687 3020 1895 3056; x_wconf 81' lang='lat' dir='ltr'><strong>omnes:</strong></span> <span class='ocrx_word' id='word_1_484' title='bbox 1931 3021 2123 3056; x_wconf 76' lang='lat' dir='ltr'><strong>noxam.</strong></span> <span class='ocrx_word' id='word_1_485' title='bbox 2158 3021 2232 3056; x_wconf 85' lang='lat' dir='ltr'><strong>vs.</strong></span> <span class='ocrx_word' id='word_1_486' title='bbox 2256 3012 2340 3057; x_wconf 76' lang='grc'><strong>64.</strong></span> <span class='ocrx_word' id='word_1_487' title='bbox 2363 3022 2564 3069; x_wconf 85' lang='lat' dir='ltr'><strong>omnes,</strong></span> <span class='ocrx_word' id='word_1_488' title='bbox 2589 3017 2651 3057; x_wconf 89' lang='lat' dir='ltr'><strong>ut</strong></span> <span class='ocrx_word' id='word_1_489' title='bbox 2667 3009 2753 3060; x_wconf 87' lang='lat' dir='ltr'><strong>ed.</strong></span> 
     </span>
     <span class='ocr_line' id='line_1_87' title="bbox 1688 3081 2756 3145; baseline 0.006 -16"><span class='ocrx_word' id='word_1_490' title='bbox 1688 3096 1763 3132; x_wconf 81' lang='grc' dir='ltr'><strong>νε.</strong></span> <span class='ocrx_word' id='word_1_491' title='bbox 1785 3085 1868 3132; x_wconf 84' lang='grc'><strong>71.</strong></span> <span class='ocrx_word' id='word_1_492' title='bbox 1895 3081 2029 3131; x_wconf 80' lang='lat' dir='ltr'><strong>duo=</strong></span> <span class='ocrx_word' id='word_1_493' title='bbox 2067 3097 2155 3145; x_wconf 77' lang='lat' dir='ltr'><strong>quo</strong></span> <span class='ocrx_word' id='word_1_494' title='bbox 2174 3082 2307 3131; x_wconf 79' lang='lat' dir='ltr'><strong>illam</strong></span> <span class='ocrx_word' id='word_1_495' title='bbox 2329 3084 2546 3132; x_wconf 77' lang='lat' dir='ltr'><strong>adducis.</strong></span> <span class='ocrx_word' id='word_1_496' title='bbox 2572 3099 2648 3133; x_wconf 88' lang='grc' dir='ltr'><strong>νε.</strong></span> <span class='ocrx_word' id='word_1_497' title='bbox 2673 3090 2756 3136; x_wconf 70' lang='grc'><strong>78.</strong></span> 
     </span>
     <span class='ocr_line' id='line_1_88' title="bbox 1692 3158 2756 3224; baseline 0.006 -18"><span class='ocrx_word' id='word_1_498' title='bbox 1692 3172 1856 3208; x_wconf 87' lang='lat' dir='ltr'><strong>unus:</strong></span> <span class='ocrx_word' id='word_1_499' title='bbox 1886 3158 2118 3208; x_wconf 64' lang='lat' dir='ltr'><strong>ndrabile.</strong></span> <span class='ocrx_word' id='word_1_500' title='bbox 2143 3173 2219 3209; x_wconf 81' lang='grc' dir='ltr'><strong>νε.</strong></span> <span class='ocrx_word' id='word_1_501' title='bbox 2239 3163 2325 3208; x_wconf 89' lang='grc'><strong>76.</strong></span> <span class='ocrx_word' id='word_1_502' title='bbox 2345 3174 2509 3209; x_wconf 87' lang='lat' dir='ltr'><strong>unus:</strong></span> <span class='ocrx_word' id='word_1_503' title='bbox 2534 3161 2651 3224; x_wconf 72' lang='lat' dir='ltr'><strong>quid</strong></span> <span class='ocrx_word' id='word_1_504' title='bbox 2669 3163 2756 3211; x_wconf 75' lang='lat' dir='ltr'><strong>iao</strong></span> 
     </span>
     <span class='ocr_line' id='line_1_89' title="bbox 1686 3237 2757 3306; baseline 0.007 -20"><span class='ocrx_word' id='word_1_505' title='bbox 1686 3238 1742 3286; x_wconf 74' lang='lat' dir='ltr'><strong>in</strong></span> <span class='ocrx_word' id='word_1_506' title='bbox 1754 3237 2220 3301; x_wconf 74' lang='lat' dir='ltr'><strong>temporesaeias,ex</strong></span> <span class='ocrx_word' id='word_1_507' title='bbox 2236 3238 2419 3302; x_wconf 83' lang='lat' dir='ltr'><strong>glossa.</strong></span> <span class='ocrx_word' id='word_1_508' title='bbox 2443 3253 2520 3289; x_wconf 85' lang='grc' dir='ltr'><strong>νε.</strong></span> <span class='ocrx_word' id='word_1_509' title='bbox 2535 3244 2619 3290; x_wconf 78' lang='grc'><strong>80.</strong></span> <span class='ocrx_word' id='word_1_510' title='bbox 2636 3251 2757 3306; x_wconf 89' lang='lat' dir='ltr'><strong>post</strong></span> 
     </span>
     <span class='ocr_line' id='line_1_90' title="bbox 1685 3312 2755 3384; baseline 0.007 -23"><span class='ocrx_word' id='word_1_511' title='bbox 1685 3312 1762 3361; x_wconf 58' lang='lat' dir='ltr'><strong>‘rb‘</strong></span> <span class='ocrx_word' id='word_1_512' title='bbox 1781 3318 1902 3376; x_wconf 79' lang='lat' dir='ltr'><strong>tace,</strong></span> <span class='ocrx_word' id='word_1_513' title='bbox 1927 3313 2209 3376; x_wconf 83' lang='lat' dir='ltr'><strong>Argentor.</strong></span> <span class='ocrx_word' id='word_1_514' title='bbox 2243 3315 2430 3364; x_wconf 76' lang='lat' dir='ltr'><strong>habet:</strong></span> <span class='ocrx_word' id='word_1_515' title='bbox 2468 3317 2600 3368; x_wconf 86' lang='lat' dir='ltr'><strong>Clit.</strong></span> <span class='ocrx_word' id='word_1_516' title='bbox 2640 3320 2755 3384; x_wconf 72' lang='lat' dir='ltr'><strong>quid</strong></span> 
     </span>
     <span class='ocr_line' id='line_1_91' title="bbox 1686 3386 2757 3457; baseline 0.005 -19"><span class='ocrx_word' id='word_1_517' title='bbox 1686 3386 1795 3440; x_wconf 74' lang='lat' dir='ltr'><strong>est?</strong></span> <span class='ocrx_word' id='word_1_518' title='bbox 1829 3390 1943 3453; x_wconf 85' lang='lat' dir='ltr'><strong>Syr.</strong></span> <span class='ocrx_word' id='word_1_519' title='bbox 1959 3390 2036 3439; x_wconf 74' lang='lat' dir='ltr'><strong>vis</strong></span> <span class='ocrx_word' id='word_1_520' title='bbox 2054 3405 2149 3439; x_wconf 76' lang='lat' dir='ltr'><strong>mu.</strong></span> <span class='ocrx_word' id='word_1_521' title='bbox 2185 3405 2316 3440; x_wconf 88' lang='lat' dir='ltr'><strong>unus</strong></span> <span class='ocrx_word' id='word_1_522' title='bbox 2336 3406 2567 3441; x_wconf 88' lang='lat' dir='ltr'><strong>meorum</strong></span> <span class='ocrx_word' id='word_1_523' title='bbox 2594 3397 2757 3457; x_wconf 82' lang='lat' dir='ltr'><strong>gemi-</strong></span> 
     </span>
     <span class='ocr_line' id='line_1_92' title="bbox 1689 3467 2759 3530; baseline 0.007 -16"><span class='ocrx_word' id='word_1_524' title='bbox 1689 3474 1816 3516; x_wconf 81' lang='lat' dir='ltr'><strong>nat:</strong></span> <span class='ocrx_word' id='word_1_525' title='bbox 1851 3467 1972 3516; x_wconf 89' lang='lat' dir='ltr'><strong>Clit.</strong></span> <span class='ocrx_word' id='word_1_526' title='bbox 2004 3467 2118 3529; x_wconf 78' lang='lat' dir='ltr'><strong>qaid</strong></span> <span class='ocrx_word' id='word_1_527' title='bbox 2145 3470 2234 3516; x_wconf 77' lang='lat' dir='ltr'><strong>est.</strong></span> <span class='ocrx_word' id='word_1_528' title='bbox 2280 3467 2337 3516; x_wconf 88' lang='lat' dir='ltr'><strong>S.</strong></span> <span class='ocrx_word' id='word_1_529' title='bbox 2372 3469 2489 3530; x_wconf 66' lang='lat' dir='ltr'><strong>quid</strong></span> <span class='ocrx_word' id='word_1_530' title='bbox 2522 3475 2632 3519; x_wconf 78' lang='lat' dir='ltr'><strong>est?</strong></span> <span class='ocrx_word' id='word_1_531' title='bbox 2681 3472 2759 3521; x_wconf 75' lang='lat' dir='ltr'><strong>vis</strong></span> 
     </span>
     <span class='ocr_line' id='line_1_93' title="bbox 1685 3542 2756 3610; baseline 0.005 -18"><span class='ocrx_word' id='word_1_532' title='bbox 1685 3558 1780 3592; x_wconf 71' lang='lat' dir='ltr'><strong>om.</strong></span> <span class='ocrx_word' id='word_1_533' title='bbox 1817 3557 1892 3592; x_wconf 81' lang='grc' dir='ltr'><strong>νε.</strong></span> <span class='ocrx_word' id='word_1_534' title='bbox 1916 3546 1998 3591; x_wconf 88' lang='grc'><strong>85.</strong></span> <span class='ocrx_word' id='word_1_535' title='bbox 2018 3542 2155 3591; x_wconf 81' lang='lat' dir='ltr'><strong>duo:</strong></span> <span class='ocrx_word' id='word_1_536' title='bbox 2172 3542 2295 3601; x_wconf 79' lang='lat' dir='ltr'><strong>vide,</strong></span> <span class='ocrx_word' id='word_1_537' title='bbox 2317 3545 2494 3605; x_wconf 72' lang='lat' dir='ltr'><strong>cogito,</strong></span> <span class='ocrx_word' id='word_1_538' title='bbox 2513 3546 2756 3610; x_wconf 62' lang='lat' dir='ltr'><strong>music,</strong></span> 
     </span>
     <span class='ocr_line' id='line_1_94' title="bbox 1688 3620 2756 3682; baseline 0.003 -12"><span class='ocrx_word' id='word_1_539' title='bbox 1688 3634 1753 3670; x_wconf 81' lang='lat' dir='ltr'><strong>ex</strong></span> <span class='ocrx_word' id='word_1_540' title='bbox 1779 3620 1967 3682; x_wconf 78' lang='lat' dir='ltr'><strong>glossa.</strong></span> <span class='ocrx_word' id='word_1_541' title='bbox 2002 3635 2080 3668; x_wconf 84' lang='lat' dir='ltr'><strong>vs.</strong></span> <span class='ocrx_word' id='word_1_542' title='bbox 2094 3624 2176 3668; x_wconf 89' lang='grc'><strong>86.</strong></span> <span class='ocrx_word' id='word_1_543' title='bbox 2193 3633 2407 3668; x_wconf 84' lang='lat' dir='ltr'><strong>omnes:</strong></span> <span class='ocrx_word' id='word_1_544' title='bbox 2441 3620 2756 3672; x_wconf 64' lang='lat' dir='ltr'><strong>etsiboeoou-</strong></span> 
     </span>
     <span class='ocr_line' id='line_1_95' title="bbox 1686 3692 2758 3760; baseline 0.002 -14"><span class='ocrx_word' id='word_1_545' title='bbox 1686 3692 1860 3747; x_wconf 73' lang='lat' dir='ltr'><strong>silium.</strong></span> <span class='ocrx_word' id='word_1_546' title='bbox 1885 3711 1962 3746; x_wconf 84' lang='lat' dir='ltr'><strong>vs.</strong></span> <span class='ocrx_word' id='word_1_547' title='bbox 1994 3700 2077 3745; x_wconf 83' lang='grc'><strong>90.</strong></span> <span class='ocrx_word' id='word_1_548' title='bbox 2119 3696 2253 3744; x_wconf 80' lang='lat' dir='ltr'><strong>dno:</strong></span> <span class='ocrx_word' id='word_1_549' title='bbox 2289 3710 2451 3760; x_wconf 68' lang='lat' dir='ltr'><strong>expet.</strong></span> <span class='ocrx_word' id='word_1_550' title='bbox 2492 3697 2582 3746; x_wconf 74' lang='grc' dir='ltr'><strong><em>Ιιοσ</em></strong></span> <span class='ocrx_word' id='word_1_551' title='bbox 2615 3699 2758 3749; x_wconf 69' lang='lat' dir='ltr'><strong>scia.</strong></span> 
     </span>
     <span class='ocr_line' id='line_1_96' title="bbox 1689 3773 2757 3825; baseline 0.001 -1"><span class='ocrx_word' id='word_1_552' title='bbox 1689 3789 1765 3824; x_wconf 80' lang='grc' dir='ltr'><strong>νε.</strong></span> <span class='ocrx_word' id='word_1_553' title='bbox 1788 3777 1871 3823; x_wconf 81' lang='grc'><strong>94.</strong></span> <span class='ocrx_word' id='word_1_554' title='bbox 1894 3786 2072 3821; x_wconf 87' lang='lat' dir='ltr'><strong>omnes</strong></span> <span class='ocrx_word' id='word_1_555' title='bbox 2091 3785 2106 3820; x_wconf 76' lang='lat' dir='ltr'><strong><em>z</em></strong></span> <span class='ocrx_word' id='word_1_556' title='bbox 2128 3773 2401 3821; x_wconf 69' lang='lat' dir='ltr'><strong>deducetur.</strong></span> <span class='ocrx_word' id='word_1_557' title='bbox 2425 3787 2504 3821; x_wconf 86' lang='grc' dir='ltr'><strong>νε.</strong></span> <span class='ocrx_word' id='word_1_558' title='bbox 2527 3778 2613 3823; x_wconf 87' lang='grc'><strong>98.</strong></span> <span class='ocrx_word' id='word_1_559' title='bbox 2646 3789 2757 3825; x_wconf 78' lang='lat' dir='ltr'><strong>om-</strong></span> 
     </span>
     <span class='ocr_line' id='line_1_97' title="bbox 1689 3847 2757 3913; baseline 0.004 -15"><span class='ocrx_word' id='word_1_560' title='bbox 1689 3863 1816 3899; x_wconf 84' lang='lat' dir='ltr'><strong>nes:</strong></span> <span class='ocrx_word' id='word_1_561' title='bbox 1852 3847 2120 3898; x_wconf 70' lang='lat' dir='ltr'><strong>istiusmodi</strong></span> <span class='ocrx_word' id='word_1_562' title='bbox 2139 3862 2295 3911; x_wconf 72' lang='lat' dir='ltr'><strong>quoeso</strong></span> <span class='ocrx_word' id='word_1_563' title='bbox 2310 3848 2423 3912; x_wconf 76' lang='lat' dir='ltr'><strong>aliq.</strong></span> <span class='ocrx_word' id='word_1_564' title='bbox 2447 3863 2549 3913; x_wconf 75' lang='lat' dir='ltr'><strong>rep.</strong></span> <span class='ocrx_word' id='word_1_565' title='bbox 2569 3862 2648 3901; x_wconf 84' lang='grc' dir='ltr'><strong>νε.</strong></span> <span class='ocrx_word' id='word_1_566' title='bbox 2671 3856 2757 3902; x_wconf 86' lang='grc'><strong>99.</strong></span> 
     </span>
     <span class='ocr_line' id='line_1_98' title="bbox 1688 3925 2754 3987; baseline 0.005 -12"><span class='ocrx_word' id='word_1_567' title='bbox 1688 3926 1819 3977; x_wconf 84' lang='lat' dir='ltr'><strong>duo:</strong></span> <span class='ocrx_word' id='word_1_568' title='bbox 1858 3925 1935 3974; x_wconf 81' lang='lat' dir='ltr'><strong>ibo</strong></span> <span class='ocrx_word' id='word_1_569' title='bbox 1955 3925 2139 3974; x_wconf 74' lang='lat' dir='ltr'><strong>obviam</strong></span> <span class='ocrx_word' id='word_1_570' title='bbox 2161 3925 2256 3987; x_wconf 68' lang='lat' dir='ltr'><strong>his,</strong></span> <span class='ocrx_word' id='word_1_571' title='bbox 2279 3927 2329 3974; x_wconf 80' lang='lat' dir='ltr'><strong>d.</strong></span> <span class='ocrx_word' id='word_1_572' title='bbox 2361 3939 2525 3975; x_wconf 80' lang='lat' dir='ltr'><strong>unus:</strong></span> <span class='ocrx_word' id='word_1_573' title='bbox 2549 3927 2630 3976; x_wconf 77' lang='lat' dir='ltr'><strong>ibo</strong></span> <span class='ocrx_word' id='word_1_574' title='bbox 2649 3928 2754 3980; x_wconf 69' lang='lat' dir='ltr'><strong>obe.</strong></span> 
     </span>
     <span class='ocr_line' id='line_1_99' title="bbox 1686 4002 2753 4053; baseline -0.003 0"><span class='ocrx_word' id='word_1_575' title='bbox 1686 4003 1796 4053; x_wconf 69' lang='lat' dir='ltr'><strong>haic</strong></span> <span class='ocrx_word' id='word_1_576' title='bbox 1821 4005 1871 4052; x_wconf 85' lang='lat' dir='ltr'><strong>d.</strong></span> <span class='ocrx_word' id='word_1_577' title='bbox 1903 4017 1951 4051; x_wconf 81' lang='grc' dir='ltr'><strong>υ.</strong></span> <span class='ocrx_word' id='word_1_578' title='bbox 1983 4004 2254 4049; x_wconf 70' lang='lat' dir='ltr'><strong>revereatur</strong></span> <span class='ocrx_word' id='word_1_579' title='bbox 2290 4002 2343 4049; x_wconf 75' lang='lat' dir='ltr'><strong>d.</strong></span> <span class='ocrx_word' id='word_1_580' title='bbox 2373 4015 2443 4049; x_wconf 83' lang='lat' dir='ltr'><strong>vs.</strong></span> <span class='ocrx_word' id='word_1_581' title='bbox 2474 4005 2587 4051; x_wconf 82' lang='grc'><strong>102.</strong></span> <span class='ocrx_word' id='word_1_582' title='bbox 2614 4002 2753 4053; x_wconf 66' lang='lat' dir='ltr'><strong>duos</strong></span> 
     </span>
     <span class='ocr_line' id='line_1_100' title="bbox 1688 4068 2753 4144; baseline 0 -15"><span class='ocrx_word' id='word_1_583' title='bbox 1688 4081 1811 4144; x_wconf 77' lang='lat' dir='ltr'><strong>quod</strong></span> <span class='ocrx_word' id='word_1_584' title='bbox 1842 4068 2012 4128; x_wconf 70' lang='lat' dir='ltr'><strong>bonum</strong></span> <span class='ocrx_word' id='word_1_585' title='bbox 2043 4083 2135 4127; x_wconf 79' lang='lat' dir='ltr'><strong>est.</strong></span> <span class='ocrx_word' id='word_1_586' title='bbox 2178 4091 2252 4125; x_wconf 91' lang='grc' dir='ltr'><strong>νε.</strong></span> <span class='ocrx_word' id='word_1_587' title='bbox 2278 4080 2392 4128; x_wconf 83' lang='grc'><strong>112.</strong></span> <span class='ocrx_word' id='word_1_588' title='bbox 2433 4090 2599 4127; x_wconf 80' lang='lat' dir='ltr'><strong>nnus:</strong></span> <span class='ocrx_word' id='word_1_589' title='bbox 2633 4080 2753 4129; x_wconf 75' lang='lat' dir='ltr'><strong>ridi·</strong></span> 
     </span>
     <span class='ocr_line' id='line_1_101' title="bbox 1687 4153 2751 4218; baseline -0.003 -11"><span class='ocrx_word' id='word_1_590' title='bbox 1687 4159 1843 4208; x_wconf 80' lang='lat' dir='ltr'><strong>culum</strong></span> <span class='ocrx_word' id='word_1_591' title='bbox 1860 4162 1953 4218; x_wconf 76' lang='lat' dir='ltr'><strong>est,</strong></span> <span class='ocrx_word' id='word_1_592' title='bbox 1977 4155 2100 4204; x_wconf 73' lang='lat' dir='ltr'><strong>istuc</strong></span> <span class='ocrx_word' id='word_1_593' title='bbox 2134 4158 2183 4203; x_wconf 79' lang='lat' dir='ltr'><strong>te</strong></span> <span class='ocrx_word' id='word_1_594' title='bbox 2210 4168 2285 4202; x_wconf 72' lang='lat' dir='ltr'><strong>me</strong></span> <span class='ocrx_word' id='word_1_595' title='bbox 2315 4153 2502 4203; x_wconf 71' lang='lat' dir='ltr'><strong>monere</strong></span> <span class='ocrx_word' id='word_1_596' title='bbox 2527 4155 2648 4204; x_wconf 81' lang='lat' dir='ltr'><strong>Clit.</strong></span> <span class='ocrx_word' id='word_1_597' title='bbox 2676 4170 2751 4205; x_wconf 91' lang='grc' dir='ltr'><strong>νε.</strong></span> 
     </span>
     <span class='ocr_line' id='line_1_102' title="bbox 1690 4231 2750 4294; baseline -0.004 -8"><span class='ocrx_word' id='word_1_598' title='bbox 1690 4239 1805 4287; x_wconf 87' lang='grc'><strong>122.</strong></span> <span class='ocrx_word' id='word_1_599' title='bbox 1823 4247 1999 4283; x_wconf 87' lang='lat' dir='ltr'><strong>omnes</strong></span> <span class='ocrx_word' id='word_1_600' title='bbox 2016 4248 2029 4281; x_wconf 71' lang='grc' dir='ltr'><strong>ε</strong></span> <span class='ocrx_word' id='word_1_601' title='bbox 2054 4246 2158 4294; x_wconf 77' lang='lat' dir='ltr'><strong>qua·</strong></span> <span class='ocrx_word' id='word_1_602' title='bbox 2177 4231 2295 4279; x_wconf 79' lang='lat' dir='ltr'><strong>solet</strong></span> <span class='ocrx_word' id='word_1_603' title='bbox 2309 4245 2507 4294; x_wconf 74' lang='lat' dir='ltr'><strong>quosque</strong></span> <span class='ocrx_word' id='word_1_604' title='bbox 2517 4245 2750 4294; x_wconf 62' lang='lat' dir='ltr'><strong>spernere.</strong></span> 
     </span>
     <span class='ocr_line' id='line_1_103' title="bbox 1689 4306 2752 4376; baseline -0.003 -15"><span class='ocrx_word' id='word_1_605' title='bbox 1689 4327 1785 4376; x_wconf 52' lang='lat' dir='ltr'><strong>vs„</strong></span> <span class='ocrx_word' id='word_1_606' title='bbox 1814 4313 1928 4363; x_wconf 82' lang='grc'><strong>124.</strong></span> <span class='ocrx_word' id='word_1_607' title='bbox 1966 4321 2174 4370; x_wconf 78' lang='lat' dir='ltr'><strong>omnes3</strong></span> <span class='ocrx_word' id='word_1_608' title='bbox 2212 4320 2323 4359; x_wconf 71' lang='lat' dir='ltr'><strong>nm</strong></span> <span class='ocrx_word' id='word_1_609' title='bbox 2357 4306 2584 4357; x_wconf 62' lang='grc' dir='ltr'><strong>κίοσι-ιιι</strong></span> <span class='ocrx_word' id='word_1_610' title='bbox 2615 4320 2752 4372; x_wconf 70' lang='lat' dir='ltr'><strong>qaen-</strong></span> 
     </span>
    </p>
   </div>
  </div>
 </body>
</html>
