3035 4941
489 351 663 419 1054

489 507 698 571 chalcis,
732 510 812 558 10.
842 514 902 557 et
931 511 1013 558 11.
1050 521 1126 558 vs.
1164 508 1301 557 alter
1338 521 1405 556 ex
1442 507 1551 558 Ms.

489 583 620 633 meis
654 584 727 634 ita
759 582 950 635 habete
982 583 1235 647 Sperante:
1258 585 1367 646 Jom
1397 588 1551 645 amoto

491 667 617 711 metu
647 662 1114 712 intereaouitoentes
1149 663 1352 725 opprimi
1382 662 1551 723 Posse,

490 753 576 787 uec
596 753 697 788 esse
717 740 923 802 spatium
943 740 1183 801 cogitandi
1204 742 1267 789 od
1281 738 1552 788 disturban-

490 814 577 862 dos
612 814 821 877 nuptiae.
890 815 1042 865 Alter
1074 829 1172 880 pro
1204 816 1403 873 interea,
1426 817 1554 864 inter

493 889 747 952 praefert:
784 892 922 942 sicut
963 901 1019 943 et
1059 892 1551 956 Argentorateusis·
1535 929 1553 956 ,

493 966 544 1013 in
569 980 669 1029 quo
692 968 917 1016 secunda
942 983 1095 1019 manu
1128 970 1305 1020 deleto
1334 969 1394 1021 τὸ
1426 972 1555 1020 inter

489 1039 692 1090 factum
747 1050 831 1090 est
874 1043 1073 1095 interea.
1165 1046 1314 1097 Idem
1372 1048 1556 1098 Codex

491 1114 713 1180 Argent.
737 1132 814 1166 vs.
841 1123 917 1168 11.
951 1137 1013 1170 ue
1040 1128 1158 1171 esset
1181 1124 1315 1173 nobis
1346 1125 1557 1186 spacium

495 1195 739 1256 cogitandi
771 1198 835 1246 ad
869 1198 984 1247 dist.
1022 1205 1154 1264 nupt.
1210 1201 1450 1251 Meorum
1485 1201 1555 1250 al·

493 1278 610 1319 ter:
645 1285 704 1319 ue
719 1271 852 1321 nobis
872 1279 990 1323 esset
1010 1290 1082 1338 sp.
1104 1277 1258 1326 male.
1284 1293 1332 1328 ν.
1359 1278 1555 1340 Guyet.

492 1360 570 1395 vs.
591 1350 670 1396 19.
692 1353 798 1396 tres
816 1349 945 1398 Mss.
965 1354 1125 1402 nostri
1142 1353 1364 1405 habent:
1389 1355 1557 1404 dehinc

487 1423 688 1484 postulo,
702 1423 802 1472 sive
816 1440 998 1488 <equum
1015 1432 1104 1490 est,
1129 1430 1289 1490 Dave,
1311 1434 1358 1479 te
1379 1446 1478 1493 oro,
1499 1435 1558 1480 ut

490 1500 654 1549 redeat
678 1500 792 1561 jam
815 1502 868 1550 in
889 1503 1047 1553 viam:
1084 1504 1259 1567 placet
1281 1507 1557 1556 collocatio

494 1576 785 1628 verborum.
852 1578 1026 1630 Iidem
1065 1596 1142 1630 vs.
1176 1587 1262 1634 21.
1294 1596 1391 1647 ‘pro
1432 1584 1559 1647 cepit

491 1651 687 1702 habent
714 1655 923 1717 ceperit.-
958 1671 1106 1722 unus,
1138 1659 1337 1723 accepit,
1375 1675 1449 1708 vs.
1471 1664 1555 1710 33.

494 1736 548 1777 et
590 1733 677 1779 34.
711 1738 772 1780 ut
818 1730 1092 1784 edidimus.
1176 1735 1415 1786 Donatus
1460 1750 1556 1799 pro

490 1805 598 1866 hoc,
628 1806 794 1856 houd.-
835 1823 987 1872 quem
1030 1811 1268 1876 sequitur
1313 1812 1557 1862 Faernus.

494 1897 569 1931 vs.
586 1888 670 1933 20.
694 1886 779 1934 hoe
799 1888 911 1948 quid
931 1887 1031 1946 εἰη
1060 1888 1111 1937 ἰιι
1135 1888 1240 1938 Ms.
1276 1887 1557 1954 Argentor-

494 1962 746 2023 glossema
788 1965 839 2014 iu
888 1971 1089 2016 textum
1133 1967 1342 2031 irrepsit
1376 1986 1389 2016 ε
1445 1969 1558 2018 Hoc

493 2038 608 2102 quid
629 2040 695 2088 sit
715 2041 889 2091 neseio.
923 2041 978 2092 S.
1004 2043 1048 2091 si
1078 2058 1260 2106 quoeras
1282 2043 1438 2094 dicam
1459 2061 1557 2094 om·

492 2129 593 2179 nes,
613 2117 693 2178 &a
731 2118 1017 2169 Boeclerus.

559 2198 588 2243 l
625 2196 739 2255 Non·
749 2186 965 2260 dubium]
992 2198 1283 2248 Narratione
1291 2198 1401 2259 jam
1422 2200 1555 2250 habi·

492 2277 562 2334 ta,
577 2287 777 2334 persona
809 2273 963 2322 Sosiae
996 2290 1091 2324 non
1122 2282 1228 2326 erat
1256 2278 1515 2325 necessaria
1538 2294 1555 2326 .-

490 2363 608 2409 ergo
634 2350 864 2399 subsistit
890 2366 1052 2410 senex,
1079 2366 1169 2415 per
1206 2367 1342 2416 quem
1373 2353 1557 2414 agenda

493 2429 607 2474 sunt
627 2426 823 2489 reliqua.
857 2427 1110 2479 Donatus.

560 2502 673 2551 Non
695 2503 912 2566 dubium]
951 2502 1034 2553 Ad
1068 2504 1167 2553 hoc
1202 2511 1379 2554 certus
1405 2504 1554 2554 indu·

491 2577 629 2628 citur
674 2577 837 2641 Simo,
895 2585 956 2628 ut
1003 2581 1168 2643 magis
1216 2581 1557 2644 perturbetur

492 2654 760 2717 inopinata
805 2657 1147 2707 consensione
1192 2658 1454 2723 Pamphili
1489 2660 1555 2709 ad

494 2729 785 2780 ducendam
805 2746 1035 2795 uxorem,
1060 2740 1118 2783 et
1139 2741 1402 2797 praeterea
1429 2735 1557 2784 nihil

494 2813 619 2870 agat
675 2822 793 2856 cum
849 2808 1124 2858 Chremete
1178 2809 1243 2858 de
1301 2810 1559 2860 tradenda

493 2883 619 2947 filia,
639 2884 1097 2950 confit-mendisque
1121 2886 1331 2951 nuptiis.
1366 2887 1519 2937 Idem.

560 2963 671 3011 Non
713 2961 906 3012 dubium
946 2967 1033 3026 est,
1074 2963 1208 3026 quin,
1259 2963 1366 3027 ξω]
1414 2964 1557 3020 Hinc

492 3038 630 3089 enim
652 3040 823 3089 verius
841 3045 937 3102 est,
962 3053 1171 3092 scenam
1193 3040 1373 3090 ordiri.
1418 3041 1558 3091 Cer·

492 3121 576 3164 tus
601 3124 774 3164 autem
808 3115 1071 3165 inducitur
1098 3130 1277 3179 senex,
1315 3122 1374 3166 ut
1393 3118 1560 3181 magis

498 3190 847 3242 confundatur
884 3200 1086 3256 postea,
1122 3192 1211 3241 ubi
1248 3192 1405 3242 aliter
1441 3207 1557 3242 eve-

493 3268 606 3317 nire
631 3270 823 3326 sentiet
846 3286 858 3317 :
882 3270 1318 3334 τροοικονομοῦνται
1337 3269 1432 3333 ’γὰρ
1452 3272 1563 3319 ταῦ-

490 3362 555 3393 τα
575 3346 638 3410 τῇ
660 3337 886 3397 ἐπιτάσει.
943 3347 1077 3396 Vide
1101 3349 1241 3396 Don.
1263 3348 1523 3397 Boeclerus.

557 3425 590 3470 2
642 3421 726 3471 Ita
769 3424 904 3471 modo
954 3422 1149 3471 Davum
1199 3422 1365 3471 timere
1407 3421 1558 3485 sensi]

493 3498 616 3547 Non
650 3499 870 3547 recessit
909 3498 974 3547 de
1011 3498 1127 3548 loco
1159 3512 1357 3547 senex:
1390 3498 1559 3548 Sensit

493 3587 623 3639 ergo
640 3582 784 3631 ante,
808 3588 961 3639 quam
984 3588 1100 3624 cum
1122 3574 1270 3624 Sosia
1292 3574 1433 3639 loqui
1454 3590 1558 3625 coe-

493 3649 674 3713 pisset.
713 3651 899 3701 Donat.

558 3727 642 3775 Ita
663 3726 820 3789 modo]
838 3725 1217 3789 Argumentum
1233 3726 1368 3793 quod
1384 3742 1560 3794 supra,

445 3827 448 3831 ι
491 3802 558 3853 ab
597 3816 663 3852 eo
711 3802 849 3866 quod
884 3803 1046 3851 nostri
1094 3802 1311 3854 faciunt.
1377 3806 1556 3856 Modo.-

491 3885 616 3928 ante
640 3894 794 3943 quam
832 3894 946 3928 cum
972 3880 1118 3929 Sosia
1142 3880 1280 3944 loqui
1313 3882 1559 3943 coepisset

493 3955 654 4005 Simo.
721 3955 791 4004 Et
806 3956 976 4005 Davus
998 3971 1099 4005 non
1125 3964 1270 4007 recte
1291 3957 1558 4020 scribitur,

492 4030 660 4079 Davos
681 4031 1007 4081 scribendum
1031 4049 1045 4081 :
1081 4031 1216 4097 quod
1240 4033 1380 4081 nulla
1402 4034 1558 4085 litera

492 4107 689 4158 vocalis
714 4109 973 4170 geminata
1009 4125 1161 4159 unam
1201 4109 1452 4174 syllabam
1477 4109 1556 4159 fa-

491 4182 583 4231 cit.
649 4182 753 4232 Sed
773 4185 891 4249 quia
909 4186 1218 4250 ambiguitas
1238 4185 1453 4236 vitanda
1475 4192 1559 4236 est

492 4260 797 4312 nominativi
841 4263 1108 4326 singularis
1156 4271 1213 4313 et
1275 4264 1556 4314 accusativi

493 4335 726 4402 pluralis,
757 4339 1051 4391 necessario
1098 4353 1195 4402 pro
1232 4338 1330 4389 hac
1372 4339 1555 4402 regula

1186 363 1409 413 NOTAE
1461 362 1860 412 VARIORUM
1909 359 1992 412 m
2073 398 2076 401 >
2167 358 2194 367 '‘

1624 505 1879 568 digamma
1907 504 2117 567 utimur,
2155 509 2216 555 et
2237 501 2538 568 scribimus,
2577 495 2691 555 Dai

1626 582 1956 645 Fus,serFus,
1973 581 2172 631 oorFus.
2205 580 2456 630 Donatus.

1689 663 1720 708 4
1755 659 1978 708 Mirabar
2019 657 2128 720 hoc]
2175 657 2279 706 Hic
2317 659 2463 708 locus
2497 663 2596 719 est,
2625 657 2685 708 iu

1627 751 1729 800 quo
1754 737 1933 785 Davus
1957 735 2266 799 insinuatur,
2297 735 2685 799 spectatoribus

1627 815 1789 863 multa
1814 821 2071 875 gesturus.
2108 813 2259 862 Idem.
2677 840 2686 848 ·

1690 889 1749 938 Si
1791 889 1883 953 sic]
1924 889 2032 950 Sic,
2070 903 2163 951 pro
2207 886 2395 936 leviter
2426 892 2483 935 et
2517 885 2690 950 negli-

1628 975 1830 1030 genter,
1876 965 2013 1030 quod
2058 963 2235 1014 Graeci
2271 961 2422 1013 οὕτως
2463 962 2687 1013 dicunt:

1627 1042 1891 1106 significat
1908 1051 2079 1092 autem
2102 1040 2268 1100 οὕτωεί
2287 1042 2341 1091 id
2378 1047 2476 1102 est,
2495 1041 2596 1090 sic:
2630 1045 2691 1093 et

1629 1126 1710 1169 est
1735 1120 1801 1168 de
1822 1119 1916 1181 his,
1938 1134 2052 1183 quae
2070 1117 2360 1183 adjuvanda
2378 1126 2527 1182 gestu
2545 1124 2695 1168 sunt.

1629 1201 1691 1245 ut
1734 1196 1972 1245 tantillum
2009 1209 2238 1258 puerum.-
2281 1201 2357 1252 et,
2397 1193 2562 1255 Ham
2589 1208 2692 1245 m

1619 1271 1818 1333 faciam.
1851 1271 2018 1321 Idem.

1696 1350 1909 1412 Semper·
1911 1347 2104 1411 leuitas]
2124 1347 2210 1397 Sic
2234 1346 2568 1397 scribendum
2591 1358 2692 1410 per

1630 1426 1987 1488 subuniouem‚
2035 1425 2244 1489 (Graeci
2289 1422 2404 1487 ὑφὲν
2448 1421 2689 1487 vocant).

1630 1504 1719 1553 Ita
1770 1502 1990 1551 Plautus
2038 1502 2094 1553 in
2129 1501 2300 1550 ‘Persa
2353 1500 2489 1549 dixit
2542 1514 2691 1549 nuno-

1629 1579 1856 1642 homines,
1879 1579 1931 1628 id
1954 1585 2054 1638 est,
2075 1578 2162 1643 qui
2188 1592 2325 1627 nunc
2361 1577 2569 1626 vivuntz
2602 1576 2692 1625 'ri-

1630 1657 2112 1718 bullus,untecomos,
2137 1669 2230 1717 pro
2250 1652 2454 1717 capillis
2477 1652 2693 1716 quinon

1632 1735 1735 1784 sint
1762 1734 2002 1797 amplius.
2072 1731 2325 1792 Catullus,
2342 1729 2694 1790 olim-furores.⁹

1624 1811 1871 1873 Virgilius
1892 1810 2272 1870 ante-malorum,
2295 1821 2414 1872 quae
2440 1807 2582 1871 prius
2611 1813 2695 1856 to·

1628 1887 1797 1936 lerata
1819 1885 2045 1936 fuerunt.
2112 1885 2286 1935 Multa
2324 1884 2427 1934 alia
2445 1883 2510 1932 ,id
2533 1897 2696 1945 genus

1630 1964 1756 2014 alibi
1774 1965 2040 2027 congessi;
2063 1962 2130 2012 ad
2145 1962 2464 2025 lucretium,
2487 1960 2694 2024 opinor.

1632 2042 1805 2093 Faber.

1693 2118 1914 2182 Lenito-s]
1951 2116 2264 2179 Clementia,
2303 2114 2528 2166 facilitas
2551 2130 2568 2163 z
2606 2112 2694 2169 cui

1630 2197 1911 2257 contraria,
1934 2194 2190 2258 asperitas
2212 2199 2267 2242 et
2291 2191 2586 2242 difficultas.
2630 2193 2696 2242 Et

1631 2273 1735 2322 heri
1755 2286 1935 2335 semper
1956 2271 2146 2320 lenitus.
2182 2269 2263 2318 An
2281 2265 2695 2330 semper-lenius?

1633 2357 1688 2398 ut
1713 2350 1782 2397 sit
1807 2347 1937 2410 ὑφέν.
1993 2347 2285 2408 Lucretius,
2324 2345 2577 2408 ‘Semper
2598 2342 2694 2395 flo-

1632 2424 1795 2476 rentis
1812 2422 2061 2477 Homeri!
2080 2424 2319 2476 Donatus.

1698 2501 1890 2564 Semper
1910 2499 2104 2562 leuitas]
2120 2497 2200 2549 Ac
2219 2514 2315 2563 per
2330 2499 2428 2549 hoc
2452 2499 2695 2550 simulat·

1632 2593 1794 2641 usque
1831 2592 1967 2628 nnnc
2012 2577 2238 2627 lenitaue
2288 2591 2409 2626 nam
2444 2591 2605 2628 nemo
2636 2575 2694 2627 in

1635 2653 1851 2703 diversis
1902 2654 2103 2703 actibus
2148 2668 2355 2716 semper
2398 2652 2691 2702 lenis.est=

1633 2730 1733 2779 nisi
1763 2728 1901 2780 forte
1936 2729 2092 2780 fictus
2113 2729 2460 2780 >assimulator
2477 2730 2699 2781 etcalli·

1634 2808 1750 2861 dus.
1783 2808 1936 2859 Idem.
2745 2843 2750 2854 .

1700 2887 1893 2950 Semper
1920 2886 2115 2951 lenitas]
2138 2887 2261 2936 Sine
2295 2884 2591 2937 differentia
2612 2891 2696 2937 est
2787 2925 2794 2932 ,

1634 2962 1926 3025 importuna
1946 2963 2157 3013 lenitas.
2192 2963 2344 3013 Idem.

1700 3039 1828 3089 Heri
1844 3055 2025 3106 semper
2057 3041 2246 3101 lenitas,
2284 3040 2390 3103 Em]
2409 3040 2698 3090 Falluntur

1636 3117 1847 3165 omnino
1886 3130 2001 3166 cum
2042 3117 2249 3166 Donato
2291 3116 2378 3179 qui
2420 3114 2479 3165 τὸ
2518 3130 2699 3179 semper

1635 3191 1808 3242 lenitas
1830 3208 1924 3256 per
1960 3192 2038 3256 ὑφ’
2061 3191 2112 3242 ἓν
2131 3193 2409 3255 copulant:
2453 3192 2696 3257 trajectio

1636 3269 1909 3319 verborum
1934 3276 2033 3333 est,
2064 3274 2123 3318 ut
2159 3276 2306 3318 recte
2332 3267 2573 3332 Guyetus
2606 3281 2697 3318 no·

1635 3350 1733 3393 tat.
1770 3346 2028 3395 Boeclerus.

1699 3420 1896 3484 Semper
1916 3422 2109 3488 lenitas]
2133 3424 2239 3474 Per
2261 3422 2350 3486 ὑφ’
2366 3420 2453 3473 ἓν·
2430 3422 2586 3488 jungi
2608 3437 2697 3473 vo·

1634 3498 1766 3558 lunt,
1787 3505 1847 3547 ut
1870 3499 1939 3548 sit
1967 3501 2274 3552 continuata
2289 3505 2345 3550 et
2375 3513 2537 3564 usque
2558 3512 2697 3554 nuuc

1636 3576 1879 3625 simulata
1917 3577 2121 3640 lenitas,
2157 3577 2209 3626 in
2244 3576 2473 3627 subsidio
2503 3577 2696 3637 latens,

1636 3653 2081 3717 opportunitatem
2120 3652 2425 3717 erumpendi
2460 3657 2698 3716 captans.

1634 3731 1922 3780 Farnobius.

1699 3813 1728 3856 6
1769 3807 2005 3862 Quorsum
2024 3804 2263 3868 evaderet]
2291 3804 2375 3855 Ad
2401 3817 2570 3869 quam
2578 3818 2697 3868 par-

1636 3889 1741 3933 tem
1779 3890 2094 3947 erumperet.
2162 3883 2235 3932 Et
2258 3883 2453 3934 evadere
2487 3887 2570 3931 est
2601 3894 2699 3944 per

1633 3973 2011 4023 quamcumque
2035 3957 2391 4009 difficultatem
2414 3957 2480 4008 ad
2503 3956 2698 4022 aliquid

1634 4036 1927 4099 pervenire.
1961 4036 2203 4086 Donatus.

1699 4115 1729 4160 7
1771 4111 1974 4160 Verbum
1995 4110 2143 4175 fecit]
2172 4111 2290 4161 Non
2316 4110 2450 4161 dixit
2471 4109 2698 4173 litigium

1634 4190 1724 4233 aut
1747 4183 1927 4247 rixam,
1948 4185 2037 4235 sed
2065 4186 2461 4237 verbum.1stae
2496 4184 2699 4248 exigui-

1595 4266 1769 4310 'tates
1842 4263 2247 4318 asseverationes
2298 4263 2582 4313 dicuntur·
2569 4297 2584 4310 .
2641 4269 2701 4316 et

1637 4353 1754 4389 cum
1780 4338 2221 4404 pronuntiatione,
2261 4345 2319 4389 ut
2352 4339 2701 4405 intelligatur,
