<?xml version="1.0" encoding="UTF-8"?>
<!DOCTYPE html PUBLIC "-//W3C//DTD XHTML 1.0 Transitional//EN"
    "http://www.w3.org/TR/xhtml1/DTD/xhtml1-transitional.dtd">
<html xmlns="http://www.w3.org/1999/xhtml" xml:lang="en" lang="en">
 <head>
  <title>
</title>
<meta http-equiv="Content-Type" content="text/html;charset=utf-8" />
  <meta name='ocr-system' content='tesseract 3.04.00' />
  <meta name='ocr-capabilities' content='ocr_page ocr_carea ocr_par ocr_line ocrx_word'/>
</head>
<body>
  <div class='ocr_page' id='page_1' title='image "./comoedisexvolum00westgoog_0106.png"; bbox 0 0 3035 4941; ppageno 0'>
   <div class='ocr_carea' id='block_1_1' title="bbox 383 337 659 417">
    <p class='ocr_par' dir='ltr' id='par_1_1' title="bbox 383 337 659 417">
     <span class='ocr_line' id='line_1_1' title="bbox 383 337 659 417; baseline 0.004 -1"><span class='ocrx_word' id='word_1_1' title='bbox 383 337 386 342; x_wconf 47' lang='grc'>’</span> <span class='ocrx_word' id='word_1_2' title='bbox 427 351 437 365; x_wconf 84' lang='grc'><em>“</em></span> <span class='ocrx_word' id='word_1_3' title='bbox 484 352 659 417; x_wconf 88' lang='grc'>1116</span> 
     </span>
    </p>
   </div>
   <div class='ocr_carea' id='block_1_2' title="bbox 473 512 1591 4370">
    <p class='ocr_par' dir='ltr' id='par_1_2' title="bbox 489 512 1241 578">
     <span class='ocr_line' id='line_1_2' title="bbox 489 512 1241 578; baseline 0 -16"><span class='ocrx_word' id='word_1_4' title='bbox 489 525 603 578; x_wconf 57' lang='lat' dir='ltr'><strong>murs</strong></span> <span class='ocrx_word' id='word_1_5' title='bbox 623 526 735 565; x_wconf 82' lang='lat' dir='ltr'><strong>esse</strong></span> <span class='ocrx_word' id='word_1_6' title='bbox 754 517 974 563; x_wconf 78' lang='lat' dir='ltr'><strong>servata.</strong></span> <span class='ocrx_word' id='word_1_7' title='bbox 1006 512 1241 564; x_wconf 67' lang='lat' dir='ltr'><strong>Domus.</strong></span> 
     </span>
    </p>

    <p class='ocr_par' dir='ltr' id='par_1_3' title="bbox 473 587 1550 1024">
     <span class='ocr_line' id='line_1_3' title="bbox 557 587 1545 655; baseline 0 -16"><span class='ocrx_word' id='word_1_8' title='bbox 557 588 735 652; x_wconf 71' lang='lat' dir='ltr'><strong>Futile]</strong></span> <span class='ocrx_word' id='word_1_9' title='bbox 771 591 928 650; x_wconf 74' lang='lat' dir='ltr'><strong>Levit</strong></span> <span class='ocrx_word' id='word_1_10' title='bbox 951 604 1069 640; x_wconf 81' lang='lat' dir='ltr'><strong>nam</strong></span> <span class='ocrx_word' id='word_1_11' title='bbox 1092 605 1125 639; x_wconf 90' lang='lat' dir='ltr'><strong>a</strong></span> <span class='ocrx_word' id='word_1_12' title='bbox 1152 587 1545 655; x_wconf 73' lang='lat' dir='ltr'><strong>vase‚quodsu-</strong></span> 
     </span>
     <span class='ocr_line' id='line_1_4' title="bbox 488 666 1543 733; baseline -0.001 -16"><span class='ocrx_word' id='word_1_13' title='bbox 488 666 574 717; x_wconf 83' lang='lat' dir='ltr'><strong>tile</strong></span> <span class='ocrx_word' id='word_1_14' title='bbox 595 666 807 731; x_wconf 88' lang='lat' dir='ltr'><strong>dicitur,</strong></span> <span class='ocrx_word' id='word_1_15' title='bbox 844 668 982 733; x_wconf 90' lang='lat' dir='ltr'><strong>quod</strong></span> <span class='ocrx_word' id='word_1_16' title='bbox 1017 682 1121 717; x_wconf 92' lang='lat' dir='ltr'><strong>non</strong></span> <span class='ocrx_word' id='word_1_17' title='bbox 1158 666 1430 731; x_wconf 88' lang='lat' dir='ltr'><strong>deponunt</strong></span> <span class='ocrx_word' id='word_1_18' title='bbox 1451 666 1543 718; x_wconf 85' lang='lat' dir='ltr'><strong>mi-</strong></span> 
     </span>
     <span class='ocr_line' id='line_1_5' title="bbox 490 742 1547 808; baseline 0 -17"><span class='ocrx_word' id='word_1_19' title='bbox 490 743 644 793; x_wconf 86' lang='lat' dir='ltr'><strong>nistri</strong></span> <span class='ocrx_word' id='word_1_20' title='bbox 676 759 960 807; x_wconf 84' lang='lat' dir='ltr'><strong>sacrorum,</strong></span> <span class='ocrx_word' id='word_1_21' title='bbox 992 744 1132 808; x_wconf 86' lang='lat' dir='ltr'><strong>quod</strong></span> <span class='ocrx_word' id='word_1_22' title='bbox 1154 752 1236 793; x_wconf 89' lang='lat' dir='ltr'><strong>est</strong></span> <span class='ocrx_word' id='word_1_23' title='bbox 1256 750 1411 793; x_wconf 83' lang='lat' dir='ltr'><strong>acuto</strong></span> <span class='ocrx_word' id='word_1_24' title='bbox 1432 742 1547 793; x_wconf 79' lang='lat' dir='ltr'><strong>fun-</strong></span> 
     </span>
     <span class='ocr_line' id='line_1_6' title="bbox 473 818 1547 884; baseline 0 -15"><span class='ocrx_word' id='word_1_25' title='bbox 473 818 581 882; x_wconf 75' lang='lat' dir='ltr'><strong>do,</strong></span> <span class='ocrx_word' id='word_1_26' title='bbox 594 827 652 869; x_wconf 88' lang='lat' dir='ltr'><strong>et</strong></span> <span class='ocrx_word' id='word_1_27' title='bbox 673 820 851 884; x_wconf 88' lang='lat' dir='ltr'><strong>patulo</strong></span> <span class='ocrx_word' id='word_1_28' title='bbox 866 834 975 882; x_wconf 88' lang='lat' dir='ltr'><strong>ore,</strong></span> <span class='ocrx_word' id='word_1_29' title='bbox 994 835 1161 884; x_wconf 88' lang='lat' dir='ltr'><strong>eoque</strong></span> <span class='ocrx_word' id='word_1_30' title='bbox 1181 820 1423 871; x_wconf 85' lang='lat' dir='ltr'><strong>instabile</strong></span> <span class='ocrx_word' id='word_1_31' title='bbox 1445 827 1547 870; x_wconf 88' lang='lat' dir='ltr'><strong>est.</strong></span> 
     </span>
     <span class='ocr_line' id='line_1_7' title="bbox 490 896 1550 959; baseline 0.002 -14"><span class='ocrx_word' id='word_1_32' title='bbox 490 897 675 959; x_wconf 80' lang='lat' dir='ltr'><strong>virgil.</strong></span> <span class='ocrx_word' id='word_1_33' title='bbox 706 899 722 925; x_wconf 88' lang='lat'>‘</span> <span class='ocrx_word' id='word_1_34' title='bbox 748 896 986 947; x_wconf 73' lang='lat' dir='ltr'>Consiliis</span> <span class='ocrx_word' id='word_1_35' title='bbox 1017 898 1222 947; x_wconf 82' lang='lat' dir='ltr'><strong>habitus</strong></span> <span class='ocrx_word' id='word_1_36' title='bbox 1252 911 1353 948; x_wconf 91' lang='lat' dir='ltr'><strong>non</strong></span> <span class='ocrx_word' id='word_1_37' title='bbox 1384 896 1550 948; x_wconf 82' lang='lat' dir='ltr'><strong>futilis</strong></span> 
     </span>
     <span class='ocr_line' id='line_1_8' title="bbox 495 973 1438 1024; baseline 0.004 -1"><span class='ocrx_word' id='word_1_38' title='bbox 495 973 714 1023; x_wconf 65' lang='lat' dir='ltr'><strong>author?</strong></span> <span class='ocrx_word' id='word_1_39' title='bbox 753 974 904 1024; x_wconf 82' lang='lat' dir='ltr'><strong><em>Idem.</em></strong></span> <span class='ocrx_word' id='word_1_40' title='bbox 1429 1003 1438 1008; x_wconf 70' lang='lat'><em>,</em></span> 
     </span>
    </p>

    <p class='ocr_par' dir='ltr' id='par_1_4' title="bbox 496 1049 1558 1730">
     <span class='ocr_line' id='line_1_9' title="bbox 560 1049 1550 1119; baseline 0.002 -20"><span class='ocrx_word' id='word_1_41' title='bbox 560 1049 741 1113; x_wconf 67' lang='lat' dir='ltr'><strong>Facili]</strong></span> <span class='ocrx_word' id='word_1_42' title='bbox 777 1052 904 1101; x_wconf 84' lang='lat' dir='ltr'><strong>Levi</strong></span> <span class='ocrx_word' id='word_1_43' title='bbox 925 1059 983 1101; x_wconf 89' lang='lat' dir='ltr'><strong>et</strong></span> <span class='ocrx_word' id='word_1_44' title='bbox 1005 1067 1156 1114; x_wconf 86' lang='lat' dir='ltr'><strong>vano,</strong></span> <span class='ocrx_word' id='word_1_45' title='bbox 1190 1053 1277 1118; x_wconf 85' lang='lat' dir='ltr'><strong>qui</strong></span> <span class='ocrx_word' id='word_1_46' title='bbox 1302 1051 1550 1119; x_wconf 87' lang='lat' dir='ltr'><strong>quicquid</strong></span> 
     </span>
     <span class='ocr_line' id='line_1_10' title="bbox 496 1126 1552 1193; baseline 0.004 -18"><span class='ocrx_word' id='word_1_47' title='bbox 496 1126 552 1175; x_wconf 88' lang='lat' dir='ltr'><strong>in</strong></span> <span class='ocrx_word' id='word_1_48' title='bbox 594 1126 809 1177; x_wconf 87' lang='lat' dir='ltr'><strong>buccam</strong></span> <span class='ocrx_word' id='word_1_49' title='bbox 852 1127 1072 1192; x_wconf 82' lang='lat' dir='ltr'><strong>venerit,</strong></span> <span class='ocrx_word' id='word_1_50' title='bbox 1123 1127 1315 1193; x_wconf 85' lang='lat' dir='ltr'><strong>effutit,</strong></span> <span class='ocrx_word' id='word_1_51' title='bbox 1367 1130 1552 1193; x_wconf 83' lang='lat' dir='ltr'><strong>plenus</strong></span> 
     </span>
     <span class='ocr_line' id='line_1_11' title="bbox 496 1203 1553 1269; baseline 0.005 -18"><span class='ocrx_word' id='word_1_52' title='bbox 496 1203 758 1254; x_wconf 85' lang='lat' dir='ltr'><strong>rimarum.</strong></span> <span class='ocrx_word' id='word_1_53' title='bbox 777 1204 1091 1269; x_wconf 85' lang='lat' dir='ltr'><strong>Metaphora</strong></span> <span class='ocrx_word' id='word_1_54' title='bbox 1113 1206 1273 1256; x_wconf 87' lang='lat' dir='ltr'><strong>ducta</strong></span> <span class='ocrx_word' id='word_1_55' title='bbox 1289 1221 1321 1255; x_wconf 93' lang='lat' dir='ltr'><strong>a</strong></span> <span class='ocrx_word' id='word_1_56' title='bbox 1337 1220 1456 1255; x_wconf 81' lang='lat' dir='ltr'><strong>vase</strong></span> <span class='ocrx_word' id='word_1_57' title='bbox 1472 1204 1553 1255; x_wconf 83' lang='lat' dir='ltr'><strong>fu-</strong></span> 
     </span>
     <span class='ocr_line' id='line_1_12' title="bbox 496 1279 1558 1344; baseline 0.005 -15"><span class='ocrx_word' id='word_1_58' title='bbox 496 1279 599 1342; x_wconf 86' lang='lat' dir='ltr'><strong>tili,</strong></span> <span class='ocrx_word' id='word_1_59' title='bbox 630 1295 733 1344; x_wconf 93' lang='lat' dir='ltr'><strong>quo</strong></span> <span class='ocrx_word' id='word_1_60' title='bbox 754 1282 1037 1333; x_wconf 83' lang='lat' dir='ltr'><strong>utebantur</strong></span> <span class='ocrx_word' id='word_1_61' title='bbox 1059 1284 1110 1332; x_wconf 92' lang='lat' dir='ltr'><strong>in</strong></span> <span class='ocrx_word' id='word_1_62' title='bbox 1134 1283 1406 1334; x_wconf 88' lang='lat' dir='ltr'><strong>sacrificiis</strong></span> <span class='ocrx_word' id='word_1_63' title='bbox 1425 1285 1558 1334; x_wconf 84' lang='lat' dir='ltr'><strong>Ves-</strong></span> 
     </span>
     <span class='ocr_line' id='line_1_13' title="bbox 500 1359 1556 1426; baseline 0.005 -20"><span class='ocrx_word' id='word_1_64' title='bbox 500 1366 689 1421; x_wconf 78' lang='lat' dir='ltr'><strong>tae,ore</strong></span> <span class='ocrx_word' id='word_1_65' title='bbox 707 1361 903 1423; x_wconf 85' lang='lat' dir='ltr'><strong>patulo,</strong></span> <span class='ocrx_word' id='word_1_66' title='bbox 911 1359 1074 1411; x_wconf 82' lang='lat' dir='ltr'><strong>fundo</strong></span> <span class='ocrx_word' id='word_1_67' title='bbox 1087 1362 1405 1420; x_wconf 85' lang='lat' dir='ltr'><strong>acuminato,</strong></span> <span class='ocrx_word' id='word_1_68' title='bbox 1416 1360 1556 1426; x_wconf 90' lang='lat' dir='ltr'><strong>quod</strong></span> 
     </span>
     <span class='ocr_line' id='line_1_14' title="bbox 499 1438 1557 1503; baseline 0.007 -22"><span class='ocrx_word' id='word_1_69' title='bbox 499 1441 637 1484; x_wconf 82' lang='lat' dir='ltr'><strong>stare</strong></span> <span class='ocrx_word' id='word_1_70' title='bbox 680 1450 781 1485; x_wconf 91' lang='lat' dir='ltr'><strong>non</strong></span> <span class='ocrx_word' id='word_1_71' title='bbox 824 1444 1023 1499; x_wconf 84' lang='lat' dir='ltr'><strong>posset,</strong></span> <span class='ocrx_word' id='word_1_72' title='bbox 1062 1438 1185 1503; x_wconf 89' lang='lat' dir='ltr'><strong>quin</strong></span> <span class='ocrx_word' id='word_1_73' title='bbox 1217 1453 1354 1503; x_wconf 85' lang='lat' dir='ltr'><strong>aqua</strong></span> <span class='ocrx_word' id='word_1_74' title='bbox 1380 1438 1557 1488; x_wconf 86' lang='lat' dir='ltr'><strong>statim</strong></span> 
     </span>
     <span class='ocr_line' id='line_1_15' title="bbox 501 1508 1558 1578; baseline 0.009 -21"><span class='ocrx_word' id='word_1_75' title='bbox 501 1508 886 1563; x_wconf 78' lang='lat' dir='ltr'><strong>effunderetur:</strong></span> <span class='ocrx_word' id='word_1_76' title='bbox 920 1513 1182 1577; x_wconf 77' lang='lat' dir='ltr'><strong>piaculum</strong></span> <span class='ocrx_word' id='word_1_77' title='bbox 1216 1521 1391 1566; x_wconf 85' lang='lat' dir='ltr'><strong>autem</strong></span> <span class='ocrx_word' id='word_1_78' title='bbox 1419 1521 1558 1578; x_wconf 86' lang='lat' dir='ltr'><strong>erat,</strong></span> 
     </span>
     <span class='ocr_line' id='line_1_16' title="bbox 501 1588 1558 1660; baseline 0.009 -26"><span class='ocrx_word' id='word_1_79' title='bbox 501 1588 544 1635; x_wconf 88' lang='lat' dir='ltr'><strong>si</strong></span> <span class='ocrx_word' id='word_1_80' title='bbox 568 1602 703 1652; x_wconf 88' lang='lat' dir='ltr'><strong>aqua</strong></span> <span class='ocrx_word' id='word_1_81' title='bbox 726 1589 791 1639; x_wconf 86' lang='lat' dir='ltr'><strong>ad</strong></span> <span class='ocrx_word' id='word_1_82' title='bbox 818 1604 968 1640; x_wconf 86' lang='lat' dir='ltr'><strong>sacra</strong></span> <span class='ocrx_word' id='word_1_83' title='bbox 995 1592 1204 1660; x_wconf 71' lang='lat' dir='ltr'><strong>hausta,</strong></span> <span class='ocrx_word' id='word_1_84' title='bbox 1226 1592 1277 1643; x_wconf 90' lang='lat' dir='ltr'><strong>in</strong></span> <span class='ocrx_word' id='word_1_85' title='bbox 1301 1601 1443 1643; x_wconf 86' lang='lat' dir='ltr'><strong>terra</strong></span> <span class='ocrx_word' id='word_1_86' title='bbox 1466 1606 1558 1657; x_wconf 90' lang='lat' dir='ltr'><strong>po·</strong></span> 
     </span>
     <span class='ocr_line' id='line_1_17' title="bbox 498 1665 1045 1730; baseline 0.011 -19"><span class='ocrx_word' id='word_1_87' title='bbox 498 1671 728 1713; x_wconf 88' lang='lat' dir='ltr'><strong>neretur.</strong></span> <span class='ocrx_word' id='word_1_88' title='bbox 763 1665 1045 1730; x_wconf 73' lang='lat' dir='ltr'><strong>Furnabius.</strong></span> 
     </span>
    </p>

    <p class='ocr_par' dir='ltr' id='par_1_5' title="bbox 504 1742 1567 2256">
     <span class='ocr_line' id='line_1_18' title="bbox 566 1742 1561 1810; baseline 0.006 -21"><span class='ocrx_word' id='word_1_89' title='bbox 566 1744 599 1789; x_wconf 79' lang='lat'>4</span> <span class='ocrx_word' id='word_1_90' title='bbox 632 1742 770 1805; x_wconf 79' lang='lat' dir='ltr'><strong>Ergo</strong></span> <span class='ocrx_word' id='word_1_91' title='bbox 802 1744 1011 1808; x_wconf 73' lang='lat' dir='ltr'><strong>pretium</strong></span> <span class='ocrx_word' id='word_1_92' title='bbox 1041 1746 1099 1795; x_wconf 78' lang='lat' dir='ltr'><strong>ob</strong></span> <span class='ocrx_word' id='word_1_93' title='bbox 1135 1747 1391 1797; x_wconf 71' lang='lat' dir='ltr'><strong>stultitiam</strong></span> <span class='ocrx_word' id='word_1_94' title='bbox 1423 1745 1561 1810; x_wconf 82' lang='lat' dir='ltr'><strong>fero]</strong></span> 
     </span>
     <span class='ocr_line' id='line_1_19' title="bbox 504 1819 1563 1889; baseline 0.007 -22"><span class='ocrx_word' id='word_1_95' title='bbox 504 1819 645 1883; x_wconf 81' lang='lat' dir='ltr'><strong>Ergo</strong></span> <span class='ocrx_word' id='word_1_96' title='bbox 666 1821 895 1884; x_wconf 85' lang='lat' dir='ltr'><strong>pretium</strong></span> <span class='ocrx_word' id='word_1_97' title='bbox 930 1830 987 1872; x_wconf 88' lang='lat' dir='ltr'><strong>et</strong></span> <span class='ocrx_word' id='word_1_98' title='bbox 1021 1826 1288 1888; x_wconf 80' lang='lat' dir='ltr'><strong>praemium</strong></span> <span class='ocrx_word' id='word_1_99' title='bbox 1311 1824 1563 1889; x_wconf 84' lang='lat' dir='ltr'><strong>generali-</strong></span> 
     </span>
     <span class='ocr_line' id='line_1_20' title="bbox 505 1897 1561 1960; baseline 0.008 -16"><span class='ocrx_word' id='word_1_100' title='bbox 505 1907 587 1945; x_wconf 87' lang='lat' dir='ltr'><strong>ter</strong></span> <span class='ocrx_word' id='word_1_101' title='bbox 603 1910 697 1960; x_wconf 88' lang='lat' dir='ltr'><strong>pro</strong></span> <span class='ocrx_word' id='word_1_102' title='bbox 713 1897 848 1949; x_wconf 87' lang='lat' dir='ltr'><strong>bene</strong></span> <span class='ocrx_word' id='word_1_103' title='bbox 869 1907 963 1949; x_wconf 85' lang='lat' dir='ltr'><strong>aut</strong></span> <span class='ocrx_word' id='word_1_104' title='bbox 982 1901 1117 1950; x_wconf 79' lang='lat' dir='ltr'><strong>male</strong></span> <span class='ocrx_word' id='word_1_105' title='bbox 1133 1900 1278 1952; x_wconf 82' lang='lat' dir='ltr'><strong>facto</strong></span> <span class='ocrx_word' id='word_1_106' title='bbox 1291 1901 1561 1953; x_wconf 78' lang='lat' dir='ltr'>redditur:</span> 
     </span>
     <span class='ocr_line' id='line_1_21' title="bbox 504 1972 1565 2044; baseline 0.003 -18"><span class='ocrx_word' id='word_1_107' title='bbox 504 1975 596 2026; x_wconf 83' lang='lat' dir='ltr'><strong>sed</strong></span> <span class='ocrx_word' id='word_1_108' title='bbox 638 1972 955 2030; x_wconf 72' lang='lat' dir='ltr'><strong>discernitur</strong></span> <span class='ocrx_word' id='word_1_109' title='bbox 994 1978 1072 2029; x_wconf 90' lang='lat' dir='ltr'><strong>ita</strong></span> <span class='ocrx_word' id='word_1_110' title='bbox 1094 1998 1109 2031; x_wconf 70' lang='grc' dir='ltr'>ι</span> <span class='ocrx_word' id='word_1_111' title='bbox 1162 1994 1280 2030; x_wconf 85' lang='lat' dir='ltr'><strong>nam</strong></span> <span class='ocrx_word' id='word_1_112' title='bbox 1337 1979 1565 2044; x_wconf 85' lang='lat' dir='ltr'><strong>pretium</strong></span> 
     </span>
     <span class='ocr_line' id='line_1_22' title="bbox 505 2052 1567 2121; baseline 0.005 -21"><span class='ocrx_word' id='word_1_113' title='bbox 505 2066 603 2120; x_wconf 87' lang='lat' dir='ltr'><strong>pro</strong></span> <span class='ocrx_word' id='word_1_114' title='bbox 624 2052 869 2117; x_wconf 76' lang='lat' dir='ltr'><strong>stultitia,</strong></span> <span class='ocrx_word' id='word_1_115' title='bbox 885 2062 970 2104; x_wconf 86' lang='lat' dir='ltr'><strong>est</strong></span> <span class='ocrx_word' id='word_1_116' title='bbox 990 2069 1141 2117; x_wconf 81' lang='lat' dir='ltr'><strong>poeua</strong></span> <span class='ocrx_word' id='word_1_117' title='bbox 1162 2073 1178 2118; x_wconf 75' lang='grc' dir='ltr'>ς</span> <span class='ocrx_word' id='word_1_118' title='bbox 1219 2058 1443 2121; x_wconf 78' lang='lat' dir='ltr'><strong>pretium</strong></span> <span class='ocrx_word' id='word_1_119' title='bbox 1466 2070 1567 2121; x_wconf 87' lang='lat' dir='ltr'><strong>pro</strong></span> 
     </span>
     <span class='ocr_line' id='line_1_23' title="bbox 506 2128 1567 2193; baseline 0.006 -16"><span class='ocrx_word' id='word_1_120' title='bbox 506 2128 721 2193; x_wconf 86' lang='lat' dir='ltr'><strong>virtute,</strong></span> <span class='ocrx_word' id='word_1_121' title='bbox 767 2129 932 2182; x_wconf 83' lang='lat' dir='ltr'><strong>honor</strong></span> <span class='ocrx_word' id='word_1_122' title='bbox 974 2142 1055 2182; x_wconf 89' lang='lat' dir='ltr'><strong>est</strong></span> <span class='ocrx_word' id='word_1_123' title='bbox 1095 2140 1150 2183; x_wconf 88' lang='lat' dir='ltr'><strong>et</strong></span> <span class='ocrx_word' id='word_1_124' title='bbox 1193 2134 1412 2185; x_wconf 85' lang='lat' dir='ltr'><strong>lucrum.</strong></span> <span class='ocrx_word' id='word_1_125' title='bbox 1463 2134 1567 2185; x_wconf 85' lang='lat' dir='ltr'><strong>Do·</strong></span> 
     </span>
     <span class='ocr_line' id='line_1_24' title="bbox 504 2210 665 2256; baseline 0.012 -2"><span class='ocrx_word' id='word_1_126' title='bbox 504 2210 665 2256; x_wconf 77' lang='lat' dir='ltr'><strong>nutus.</strong></span> 
     </span>
    </p>

    <p class='ocr_par' dir='ltr' id='par_1_6' title="bbox 506 2282 1574 2953">
     <span class='ocr_line' id='line_1_25' title="bbox 574 2282 1566 2349; baseline 0.006 -18"><span class='ocrx_word' id='word_1_127' title='bbox 574 2282 792 2333; x_wconf 78' lang='lat' dir='ltr'><strong>Pretium</strong></span> <span class='ocrx_word' id='word_1_128' title='bbox 812 2285 869 2333; x_wconf 85' lang='lat' dir='ltr'><strong>ob</strong></span> <span class='ocrx_word' id='word_1_129' title='bbox 889 2286 1168 2349; x_wconf 70' lang='lat' dir='ltr'><strong>stultitiam]</strong></span> <span class='ocrx_word' id='word_1_130' title='bbox 1221 2287 1311 2337; x_wconf 91' lang='lat' dir='ltr'><strong>Sic</strong></span> <span class='ocrx_word' id='word_1_131' title='bbox 1344 2287 1566 2337; x_wconf 81' lang='lat' dir='ltr'><strong>Plautus</strong></span> 
     </span>
     <span class='ocr_line' id='line_1_26' title="bbox 506 2358 1570 2425; baseline 0.006 -18"><span class='ocrx_word' id='word_1_132' title='bbox 506 2358 712 2409; x_wconf 88' lang='lat' dir='ltr'><strong>locutus</strong></span> <span class='ocrx_word' id='word_1_133' title='bbox 755 2368 856 2425; x_wconf 79' lang='lat' dir='ltr'><strong>est,</strong></span> <span class='ocrx_word' id='word_1_134' title='bbox 900 2363 919 2390; x_wconf 89' lang='lat'>‘</span> <span class='ocrx_word' id='word_1_135' title='bbox 935 2363 1172 2413; x_wconf 79' lang='lat' dir='ltr'><strong>Pretium</strong></span> <span class='ocrx_word' id='word_1_136' title='bbox 1225 2365 1294 2415; x_wconf 82' lang='lat' dir='ltr'><strong>ob</strong></span> <span class='ocrx_word' id='word_1_137' title='bbox 1348 2365 1517 2415; x_wconf 87' lang='lat' dir='ltr'><strong>asinos</strong></span> <span class='ocrx_word' id='word_1_138' title='bbox 1538 2363 1570 2413; x_wconf 86' lang='lat'><strong>:&#39;</strong></span> 
     </span>
     <span class='ocr_line' id='line_1_27' title="bbox 509 2439 1570 2508; baseline 0.009 -21"><span class='ocrx_word' id='word_1_139' title='bbox 509 2452 633 2502; x_wconf 84' lang='lat' dir='ltr'><strong>pro:</strong></span> <span class='ocrx_word' id='word_1_140' title='bbox 653 2439 910 2492; x_wconf 84' lang='lat' dir='ltr'><strong>asinorum</strong></span> <span class='ocrx_word' id='word_1_141' title='bbox 930 2442 1173 2505; x_wconf 79' lang='lat' dir='ltr'><strong>pretium.</strong></span> <span class='ocrx_word' id='word_1_142' title='bbox 1193 2442 1380 2508; x_wconf 80' lang='lat' dir='ltr'><strong>virgil.</strong></span> <span class='ocrx_word' id='word_1_143' title='bbox 1405 2444 1421 2473; x_wconf 89' lang='lat'>‘</span> <span class='ocrx_word' id='word_1_144' title='bbox 1435 2444 1570 2497; x_wconf 88' lang='lat' dir='ltr'><strong>Rem</strong></span> 
     </span>
     <span class='ocr_line' id='line_1_28' title="bbox 508 2519 1570 2584; baseline 0.009 -21"><span class='ocrx_word' id='word_1_145' title='bbox 508 2530 769 2582; x_wconf 82' lang='lat' dir='ltr'><strong>magnam,</strong></span> <span class='ocrx_word' id='word_1_146' title='bbox 825 2519 1155 2584; x_wconf 84' lang='lat' dir='ltr'><strong>pretiumque</strong></span> <span class='ocrx_word' id='word_1_147' title='bbox 1204 2536 1365 2571; x_wconf 86' lang='lat' dir='ltr'><strong>morae</strong></span> <span class='ocrx_word' id='word_1_148' title='bbox 1418 2521 1570 2573; x_wconf 66' lang='lat' dir='ltr'><strong>fore!</strong></span> 
     </span>
     <span class='ocr_line' id='line_1_29' title="bbox 510 2593 1570 2662; baseline 0.007 -20"><span class='ocrx_word' id='word_1_149' title='bbox 510 2594 582 2643; x_wconf 91' lang='lat' dir='ltr'><strong>Et</strong></span> <span class='ocrx_word' id='word_1_150' title='bbox 604 2593 748 2657; x_wconf 84' lang='lat' dir='ltr'><strong>alibi,</strong></span> <span class='ocrx_word' id='word_1_151' title='bbox 778 2596 795 2624; x_wconf 85' lang='lat'>‘</span> <span class='ocrx_word' id='word_1_152' title='bbox 812 2596 967 2645; x_wconf 89' lang='lat' dir='ltr'><strong>Illum</strong></span> <span class='ocrx_word' id='word_1_153' title='bbox 989 2597 1223 2660; x_wconf 81' lang='lat' dir='ltr'><strong>Tydides</strong></span> <span class='ocrx_word' id='word_1_154' title='bbox 1245 2597 1348 2648; x_wconf 88' lang='lat' dir='ltr'><strong>alio</strong></span> <span class='ocrx_word' id='word_1_155' title='bbox 1373 2613 1468 2662; x_wconf 86' lang='lat' dir='ltr'><strong>pro</strong></span> <span class='ocrx_word' id='word_1_156' title='bbox 1489 2606 1570 2650; x_wconf 90' lang='lat' dir='ltr'><strong>ta·</strong></span> 
     </span>
     <span class='ocr_line' id='line_1_30' title="bbox 510 2670 1572 2740; baseline 0.007 -21"><span class='ocrx_word' id='word_1_157' title='bbox 510 2671 647 2720; x_wconf 82' lang='lat' dir='ltr'><strong>libus</strong></span> <span class='ocrx_word' id='word_1_158' title='bbox 669 2672 806 2721; x_wconf 82' lang='lat' dir='ltr'><strong>ausis</strong></span> <span class='ocrx_word' id='word_1_159' title='bbox 819 2670 1017 2724; x_wconf 79' lang='lat' dir='ltr'><strong>Affecit</strong></span> <span class='ocrx_word' id='word_1_160' title='bbox 1035 2676 1206 2738; x_wconf 85' lang='lat' dir='ltr'><strong>pretio</strong></span> <span class='ocrx_word' id='word_1_161' title='bbox 1223 2674 1258 2727; x_wconf 83' lang='lat'><strong>:’</strong></span> <span class='ocrx_word' id='word_1_162' title='bbox 1282 2683 1337 2726; x_wconf 87' lang='lat' dir='ltr'><strong>et</strong></span> <span class='ocrx_word' id='word_1_163' title='bbox 1351 2683 1432 2726; x_wconf 87' lang='lat' dir='ltr'><strong>est</strong></span> <span class='ocrx_word' id='word_1_164' title='bbox 1444 2675 1572 2740; x_wconf 81' lang='lat' dir='ltr'><strong>figu-</strong></span> 
     </span>
     <span class='ocr_line' id='line_1_31' title="bbox 514 2747 1574 2817; baseline 0.006 -20"><span class='ocrx_word' id='word_1_165' title='bbox 514 2762 571 2798; x_wconf 84' lang='lat' dir='ltr'><strong>ra</strong></span> <span class='ocrx_word' id='word_1_166' title='bbox 617 2747 841 2812; x_wconf 76' lang='grc' dir='ltr'>ἔκλειψις·</span> <span class='ocrx_word' id='word_1_167' title='bbox 886 2757 945 2802; x_wconf 83' lang='lat' dir='ltr'><strong>ut</strong></span> <span class='ocrx_word' id='word_1_168' title='bbox 989 2753 1129 2815; x_wconf 82' lang='lat' dir='ltr'><strong>apud</strong></span> <span class='ocrx_word' id='word_1_169' title='bbox 1169 2753 1356 2817; x_wconf 83' lang='lat' dir='ltr'><strong>Virgil.</strong></span> <span class='ocrx_word' id='word_1_170' title='bbox 1398 2754 1416 2782; x_wconf 88' lang='lat'>‘</span> <span class='ocrx_word' id='word_1_171' title='bbox 1435 2754 1574 2803; x_wconf 83' lang='lat' dir='ltr'><strong>Invi-</strong></span> 
     </span>
     <span class='ocr_line' id='line_1_32' title="bbox 512 2825 1574 2893; baseline 0.006 -19"><span class='ocrx_word' id='word_1_172' title='bbox 512 2827 648 2875; x_wconf 87' lang='lat' dir='ltr'><strong>disse</strong></span> <span class='ocrx_word' id='word_1_173' title='bbox 680 2825 807 2877; x_wconf 88' lang='lat' dir='ltr'><strong>deos</strong></span> <span class='ocrx_word' id='word_1_174' title='bbox 850 2829 1034 2893; x_wconf 77' lang='lat' dir='ltr'><strong>patriis</strong></span> <span class='ocrx_word' id='word_1_175' title='bbox 1072 2836 1131 2878; x_wconf 88' lang='lat' dir='ltr'><strong>ut</strong></span> <span class='ocrx_word' id='word_1_176' title='bbox 1157 2829 1397 2880; x_wconf 76' lang='lat' dir='ltr'><strong>redditus</strong></span> <span class='ocrx_word' id='word_1_177' title='bbox 1432 2829 1574 2881; x_wconf 84' lang='lat' dir='ltr'><strong>oris.&#39;</strong></span> 
     </span>
     <span class='ocr_line' id='line_1_33' title="bbox 515 2902 667 2953; baseline 0 0"><span class='ocrx_word' id='word_1_178' title='bbox 515 2902 667 2953; x_wconf 86' lang='lat' dir='ltr'><strong>Idem.</strong></span> 
     </span>
    </p>

    <p class='ocr_par' dir='ltr' id='par_1_7' title="bbox 509 2981 1578 3341">
     <span class='ocr_line' id='line_1_34' title="bbox 579 2981 1576 3049; baseline 0.007 -20"><span class='ocrx_word' id='word_1_179' title='bbox 579 2986 609 3030; x_wconf 88' lang='lat'><strong>5</strong></span> <span class='ocrx_word' id='word_1_180' title='bbox 644 2981 857 3033; x_wconf 73' lang='lat' dir='ltr'><strong>Posthac</strong></span> <span class='ocrx_word' id='word_1_181' title='bbox 868 2983 1144 3035; x_wconf 59' lang='lat' dir='ltr'><strong>involucrum</strong></span> <span class='ocrx_word' id='word_1_182' title='bbox 1158 2991 1235 3035; x_wconf 80' lang='lat' dir='ltr'><strong>sat</strong></span> <span class='ocrx_word' id='word_1_183' title='bbox 1248 2985 1464 3044; x_wconf 76' lang='lat' dir='ltr'><strong>sciofore</strong></span> <span class='ocrx_word' id='word_1_184' title='bbox 1477 2984 1576 3049; x_wconf 83' lang='lat' dir='ltr'><strong>me]</strong></span> 
     </span>
     <span class='ocr_line' id='line_1_35' title="bbox 509 3056 1578 3126; baseline 0.005 -19"><span class='ocrx_word' id='word_1_185' title='bbox 509 3056 598 3107; x_wconf 89' lang='lat' dir='ltr'><strong>Sic</strong></span> <span class='ocrx_word' id='word_1_186' title='bbox 614 3057 793 3109; x_wconf 82' lang='lat' dir='ltr'><strong>dicere</strong></span> <span class='ocrx_word' id='word_1_187' title='bbox 816 3060 1038 3110; x_wconf 86' lang='lat' dir='ltr'><strong>solemus</strong></span> <span class='ocrx_word' id='word_1_188' title='bbox 1061 3061 1116 3110; x_wconf 91' lang='lat' dir='ltr'><strong>in</strong></span> <span class='ocrx_word' id='word_1_189' title='bbox 1132 3076 1322 3124; x_wconf 84' lang='lat' dir='ltr'><strong>magno</strong></span> <span class='ocrx_word' id='word_1_190' title='bbox 1340 3062 1578 3126; x_wconf 86' lang='lat' dir='ltr'><strong>periculo</strong></span> 
     </span>
     <span class='ocr_line' id='line_1_36' title="bbox 514 3135 1577 3203; baseline 0.005 -19"><span class='ocrx_word' id='word_1_191' title='bbox 514 3135 708 3198; x_wconf 66' lang='lat' dir='ltr'><strong>positia</strong></span> <span class='ocrx_word' id='word_1_192' title='bbox 744 3151 1004 3203; x_wconf 83' lang='lat' dir='ltr'><strong>nunquam</strong></span> <span class='ocrx_word' id='word_1_193' title='bbox 1038 3153 1134 3188; x_wconf 91' lang='lat' dir='ltr'><strong>nos</strong></span> <span class='ocrx_word' id='word_1_194' title='bbox 1168 3140 1577 3202; x_wconf 72' lang='lat' dir='ltr'><strong>periclitatur-os,</strong></span> 
     </span>
     <span class='ocr_line' id='line_1_37' title="bbox 515 3211 1578 3281; baseline 0.007 -22"><span class='ocrx_word' id='word_1_195' title='bbox 515 3211 559 3260; x_wconf 91' lang='lat' dir='ltr'><strong>si</strong></span> <span class='ocrx_word' id='word_1_196' title='bbox 601 3212 729 3262; x_wconf 88' lang='lat' dir='ltr'><strong>illud</strong></span> <span class='ocrx_word' id='word_1_197' title='bbox 771 3214 1059 3278; x_wconf 88' lang='lat' dir='ltr'><strong>periculum</strong></span> <span class='ocrx_word' id='word_1_198' title='bbox 1102 3216 1421 3281; x_wconf 87' lang='lat' dir='ltr'><strong>potuerimus</strong></span> <span class='ocrx_word' id='word_1_199' title='bbox 1455 3231 1578 3267; x_wconf 75' lang='lat' dir='ltr'><strong>eva·</strong></span> 
     </span>
     <span class='ocr_line' id='line_1_38' title="bbox 516 3287 847 3341; baseline 0.012 -4"><span class='ocrx_word' id='word_1_200' title='bbox 516 3287 660 3341; x_wconf 85' lang='lat' dir='ltr'><strong>dere.</strong></span> <span class='ocrx_word' id='word_1_201' title='bbox 693 3290 847 3341; x_wconf 85' lang='lat' dir='ltr'><strong>Idem.</strong></span> 
     </span>
    </p>

    <p class='ocr_par' dir='ltr' id='par_1_8' title="bbox 517 3366 1587 4284">
     <span class='ocr_line' id='line_1_39' title="bbox 579 3366 1580 3429; baseline 0.006 -14"><span class='ocrx_word' id='word_1_202' title='bbox 579 3366 814 3429; x_wconf 73' lang='lat' dir='ltr'><strong>Posthac]</strong></span> <span class='ocrx_word' id='word_1_203' title='bbox 860 3367 1134 3419; x_wconf 77' lang='lat' dir='ltr'><strong>Audacter</strong></span> <span class='ocrx_word' id='word_1_204' title='bbox 1173 3384 1230 3420; x_wconf 85' lang='lat' dir='ltr'><strong>se</strong></span> <span class='ocrx_word' id='word_1_205' title='bbox 1267 3371 1580 3423; x_wconf 83' lang='lat' dir='ltr'><strong>incolumem</strong></span> 
     </span>
     <span class='ocr_line' id='line_1_40' title="bbox 519 3440 1582 3510; baseline 0.008 -21"><span class='ocrx_word' id='word_1_206' title='bbox 519 3442 571 3490; x_wconf 91' lang='lat' dir='ltr'><strong>in</strong></span> <span class='ocrx_word' id='word_1_207' title='bbox 608 3440 842 3494; x_wconf 81' lang='lat' dir='ltr'><strong>futurum</strong></span> <span class='ocrx_word' id='word_1_208' title='bbox 865 3445 1127 3508; x_wconf 85' lang='lat' dir='ltr'><strong>promittit</strong></span> <span class='ocrx_word' id='word_1_209' title='bbox 1163 3444 1297 3510; x_wconf 83' lang='lat' dir='ltr'><strong>fore,</strong></span> <span class='ocrx_word' id='word_1_210' title='bbox 1329 3463 1448 3497; x_wconf 85' lang='lat' dir='ltr'><strong>cum</strong></span> <span class='ocrx_word' id='word_1_211' title='bbox 1471 3449 1582 3498; x_wconf 83' lang='lat' dir='ltr'><strong>vita</strong></span> 
     </span>
     <span class='ocr_line' id='line_1_41' title="bbox 517 3519 1582 3590; baseline 0.008 -23"><span class='ocrx_word' id='word_1_212' title='bbox 517 3519 738 3568; x_wconf 86' lang='lat' dir='ltr'><strong>hominis</strong></span> <span class='ocrx_word' id='word_1_213' title='bbox 761 3526 868 3570; x_wconf 87' lang='lat' dir='ltr'><strong>tam</strong></span> <span class='ocrx_word' id='word_1_214' title='bbox 885 3522 1041 3572; x_wconf 77' lang='lat' dir='ltr'><strong>variis</strong></span> <span class='ocrx_word' id='word_1_215' title='bbox 1057 3524 1334 3590; x_wconf 80' lang='lat' dir='ltr'><strong>multisque</strong></span> <span class='ocrx_word' id='word_1_216' title='bbox 1356 3527 1429 3576; x_wconf 80' lang='lat' dir='ltr'><strong>sit</strong></span> <span class='ocrx_word' id='word_1_217' title='bbox 1448 3526 1582 3589; x_wconf 83' lang='lat' dir='ltr'><strong>peri·</strong></span> 
     </span>
     <span class='ocr_line' id='line_1_42' title="bbox 520 3596 1583 3667; baseline 0.008 -22"><span class='ocrx_word' id='word_1_218' title='bbox 520 3598 653 3646; x_wconf 84' lang='lat' dir='ltr'><strong>culis</strong></span> <span class='ocrx_word' id='word_1_219' title='bbox 673 3596 935 3649; x_wconf 80' lang='lat' dir='ltr'><strong>conferta:</strong></span> <span class='ocrx_word' id='word_1_220' title='bbox 962 3599 1054 3652; x_wconf 87' lang='lat' dir='ltr'><strong>sed</strong></span> <span class='ocrx_word' id='word_1_221' title='bbox 1072 3601 1170 3653; x_wconf 87' lang='lat' dir='ltr'><strong>hoc</strong></span> <span class='ocrx_word' id='word_1_222' title='bbox 1181 3602 1317 3653; x_wconf 88' lang='lat' dir='ltr'><strong>dicit</strong></span> <span class='ocrx_word' id='word_1_223' title='bbox 1333 3620 1350 3654; x_wconf 74' lang='grc' dir='ltr'><strong><em>ε</em></strong></span> <span class='ocrx_word' id='word_1_224' title='bbox 1382 3604 1491 3667; x_wconf 86' lang='lat' dir='ltr'><strong>Sic,</strong></span> <span class='ocrx_word' id='word_1_225' title='bbox 1502 3603 1583 3653; x_wconf 87' lang='lat' dir='ltr'><strong>in·</strong></span> 
     </span>
     <span class='ocr_line' id='line_1_43' title="bbox 522 3675 1583 3744; baseline 0.009 -22"><span class='ocrx_word' id='word_1_226' title='bbox 522 3675 654 3739; x_wconf 89' lang='lat' dir='ltr'><strong>quit,</strong></span> <span class='ocrx_word' id='word_1_227' title='bbox 675 3675 980 3741; x_wconf 78' lang='lat' dir='ltr'><strong>periclitor3</strong></span> <span class='ocrx_word' id='word_1_228' title='bbox 1015 3679 1061 3729; x_wconf 88' lang='lat' dir='ltr'><strong>si</strong></span> <span class='ocrx_word' id='word_1_229' title='bbox 1081 3680 1181 3730; x_wconf 89' lang='lat' dir='ltr'><strong>hoc</strong></span> <span class='ocrx_word' id='word_1_230' title='bbox 1216 3695 1453 3744; x_wconf 81' lang='lat' dir='ltr'><strong>evasero,</strong></span> <span class='ocrx_word' id='word_1_231' title='bbox 1471 3683 1583 3732; x_wconf 85' lang='lat' dir='ltr'><strong>scio</strong></span> 
     </span>
     <span class='ocr_line' id='line_1_44' title="bbox 519 3757 1583 3821; baseline 0.009 -21"><span class='ocrx_word' id='word_1_232' title='bbox 519 3766 605 3801; x_wconf 88' lang='lat' dir='ltr'><strong>me</strong></span> <span class='ocrx_word' id='word_1_233' title='bbox 641 3767 746 3803; x_wconf 91' lang='lat' dir='ltr'><strong>non</strong></span> <span class='ocrx_word' id='word_1_234' title='bbox 773 3762 957 3818; x_wconf 87' lang='lat' dir='ltr'><strong>postea</strong></span> <span class='ocrx_word' id='word_1_235' title='bbox 977 3757 1412 3821; x_wconf 78' lang='lat' dir='ltr'><strong>periclitaturum.</strong></span> <span class='ocrx_word' id='word_1_236' title='bbox 1466 3761 1583 3810; x_wconf 89' lang='lat' dir='ltr'><strong>Me·</strong></span> 
     </span>
     <span class='ocr_line' id='line_1_45' title="bbox 524 3833 1584 3893; baseline 0.008 -10"><span class='ocrx_word' id='word_1_237' title='bbox 524 3833 854 3893; x_wconf 13' lang='lat' dir='ltr'><strong>nanderlsic:</strong></span> <span class='ocrx_word' id='word_1_238' title='bbox 885 3835 944 3889; x_wconf 59' lang='grc' dir='ltr'><strong>ἂν</strong></span> <span class='ocrx_word' id='word_1_239' title='bbox 963 3835 1081 3889; x_wconf 70' lang='grc' dir='ltr'><strong>Θεὸς</strong></span> <span class='ocrx_word' id='word_1_240' title='bbox 1111 3844 1321 3890; x_wconf 72' lang='grc' dir='ltr'>ΦΕΤΓΕΙ</span> <span class='ocrx_word' id='word_1_241' title='bbox 1343 3845 1466 3890; x_wconf 74' lang='grc' dir='ltr'><strong>ΟΤΚ</strong></span> <span class='ocrx_word' id='word_1_242' title='bbox 1498 3847 1584 3890; x_wconf 84' lang='grc' dir='ltr'><strong>ΑΝ</strong></span> 
     </span>
     <span class='ocr_line' id='line_1_46' title="bbox 520 3914 1584 3983; baseline 0.008 -22"><span class='ocrx_word' id='word_1_243' title='bbox 520 3917 905 3965; x_wconf 73' lang='grc' dir='ltr'>ΑΠΟΛΤΜΠΠΕ</span> <span class='ocrx_word' id='word_1_244' title='bbox 941 3914 973 3945; x_wconf 72' lang='lat'><strong>⁴*</strong></span> <span class='ocrx_word' id='word_1_245' title='bbox 999 3918 1272 3982; x_wconf 85' lang='lat' dir='ltr'><strong>(Fortasse</strong></span> <span class='ocrx_word' id='word_1_246' title='bbox 1308 3919 1381 3969; x_wconf 83' lang='lat' dir='ltr'><strong>sic</strong></span> <span class='ocrx_word' id='word_1_247' title='bbox 1407 3921 1584 3983; x_wconf 81' lang='lat' dir='ltr'><strong>legen·</strong></span> 
     </span>
     <span class='ocr_line' id='line_1_47' title="bbox 524 3990 1586 4058; baseline 0.006 -19"><span class='ocrx_word' id='word_1_248' title='bbox 524 3990 675 4042; x_wconf 69' lang='lat' dir='ltr'><strong>duma</strong></span> <span class='ocrx_word' id='word_1_249' title='bbox 700 3991 867 4043; x_wconf 74' lang='grc' dir='ltr'>Ἔνθεν</span> <span class='ocrx_word' id='word_1_250' title='bbox 886 3992 1183 4058; x_wconf 60' lang='grc' dir='ltr'><strong><em>ἀποφεύγων,</em></strong></span> <span class='ocrx_word' id='word_1_251' title='bbox 1206 3995 1291 4047; x_wconf 75' lang='grc' dir='ltr'><strong>οὐκ</strong></span> <span class='ocrx_word' id='word_1_252' title='bbox 1318 3995 1377 4046; x_wconf 74' lang='grc' dir='ltr'><strong>ἃν</strong></span> <span class='ocrx_word' id='word_1_253' title='bbox 1395 3995 1586 4046; x_wconf 69' lang='grc' dir='ltr'><strong>ἁπαλοί·</strong></span> 
     </span>
     <span class='ocr_line' id='line_1_48' title="bbox 524 4068 1587 4144; baseline 0.006 -27"><span class='ocrx_word' id='word_1_254' title='bbox 524 4086 617 4129; x_wconf 84' lang='grc' dir='ltr'><strong>μην</strong></span> <span class='ocrx_word' id='word_1_255' title='bbox 631 4068 791 4135; x_wconf 55' lang='grc' dir='ltr'>ποτὲ)</span> <span class='ocrx_word' id='word_1_256' title='bbox 810 4078 866 4121; x_wconf 90' lang='lat' dir='ltr'><strong>et</strong></span> <span class='ocrx_word' id='word_1_257' title='bbox 889 4078 972 4122; x_wconf 91' lang='lat' dir='ltr'><strong>est</strong></span> <span class='ocrx_word' id='word_1_258' title='bbox 991 4086 1192 4135; x_wconf 89' lang='lat' dir='ltr'><strong>sensus,</strong></span> <span class='ocrx_word' id='word_1_259' title='bbox 1221 4074 1350 4122; x_wconf 86' lang='lat' dir='ltr'><strong>Tam</strong></span> <span class='ocrx_word' id='word_1_260' title='bbox 1371 4072 1587 4144; x_wconf 61' lang='lat' dir='ltr'><strong>diflicile</strong></span> 
     </span>
     <span class='ocr_line' id='line_1_49' title="bbox 524 4147 1587 4214; baseline 0.004 -21"><span class='ocrx_word' id='word_1_261' title='bbox 524 4152 606 4196; x_wconf 81' lang='lat' dir='ltr'><strong>est</strong></span> <span class='ocrx_word' id='word_1_262' title='bbox 625 4147 746 4197; x_wconf 82' lang='lat' dir='ltr'><strong>hinc</strong></span> <span class='ocrx_word' id='word_1_263' title='bbox 763 4149 1011 4213; x_wconf 79' lang='lat' dir='ltr'><strong>evadere,</strong></span> <span class='ocrx_word' id='word_1_264' title='bbox 1049 4155 1109 4198; x_wconf 88' lang='lat' dir='ltr'><strong>ut</strong></span> <span class='ocrx_word' id='word_1_265' title='bbox 1144 4149 1233 4214; x_wconf 91' lang='lat' dir='ltr'><strong>qui</strong></span> <span class='ocrx_word' id='word_1_266' title='bbox 1267 4151 1386 4199; x_wconf 87' lang='lat' dir='ltr'><strong>hinc</strong></span> <span class='ocrx_word' id='word_1_267' title='bbox 1409 4163 1587 4199; x_wconf 84' lang='lat' dir='ltr'><strong>evase-</strong></span> 
     </span>
     <span class='ocr_line' id='line_1_50' title="bbox 528 4220 1556 4284; baseline 0.003 -13"><span class='ocrx_word' id='word_1_268' title='bbox 528 4223 616 4284; x_wconf 86' lang='lat' dir='ltr'><strong>rit,</strong></span> <span class='ocrx_word' id='word_1_269' title='bbox 634 4224 871 4276; x_wconf 75' lang='lat' dir='ltr'><strong>videntur</strong></span> <span class='ocrx_word' id='word_1_270' title='bbox 892 4227 1195 4277; x_wconf 84' lang='lat' dir='ltr'><strong>immortalis</strong></span> <span class='ocrx_word' id='word_1_271' title='bbox 1215 4220 1460 4276; x_wconf 56' lang='lat' dir='ltr'><strong>futurus.x</strong></span> <span class='ocrx_word' id='word_1_272' title='bbox 1478 4228 1556 4276; x_wconf 87' lang='lat' dir='ltr'><strong>ld.</strong></span> 
     </span>
    </p>

    <p class='ocr_par' dir='ltr' id='par_1_9' title="bbox 592 4299 1591 4370">
     <span class='ocr_line' id='line_1_51' title="bbox 592 4299 1591 4370; baseline 0.005 -21"><span class='ocrx_word' id='word_1_273' title='bbox 592 4303 628 4349; x_wconf 77' lang='grc'>6</span> <span class='ocrx_word' id='word_1_274' title='bbox 658 4299 757 4354; x_wconf 80' lang='lat' dir='ltr'><strong>Sed</strong></span> <span class='ocrx_word' id='word_1_275' title='bbox 774 4304 886 4369; x_wconf 69' lang='lat' dir='ltr'><strong>quid</strong></span> <span class='ocrx_word' id='word_1_276' title='bbox 906 4303 1019 4368; x_wconf 83' lang='lat' dir='ltr'><strong>ego]</strong></span> <span class='ocrx_word' id='word_1_277' title='bbox 1052 4306 1293 4355; x_wconf 85' lang='lat' dir='ltr'><strong>Donatus</strong></span> <span class='ocrx_word' id='word_1_278' title='bbox 1331 4312 1389 4356; x_wconf 92' lang='lat' dir='ltr'><strong>et</strong></span> <span class='ocrx_word' id='word_1_279' title='bbox 1432 4304 1591 4370; x_wconf 79' lang='lat' dir='ltr'><strong>aliqui</strong></span> 
     </span>
    </p>
   </div>
   <div class='ocr_carea' id='block_1_3' title="bbox 1190 336 1988 416">
    <p class='ocr_par' dir='ltr' id='par_1_10' title="bbox 1190 336 1988 416">
     <span class='ocr_line' id='line_1_52' title="bbox 1190 336 1988 416; baseline -0.001 0"><span class='ocrx_word' id='word_1_280' title='bbox 1190 366 1407 416; x_wconf 62' lang='grc' dir='ltr'><strong>κους</strong></span> <span class='ocrx_word' id='word_1_281' title='bbox 1453 336 1853 415; x_wconf 63' lang='lat' dir='ltr'><strong>vunonem</strong></span> <span class='ocrx_word' id='word_1_282' title='bbox 1908 367 1988 416; x_wconf 75' lang='lat' dir='ltr'><strong>m</strong></span> 
     </span>
    </p>
   </div>
   <div class='ocr_carea' id='block_1_4' title="bbox 1623 510 2698 1579">
    <p class='ocr_par' dir='ltr' id='par_1_11' title="bbox 1623 510 2678 638">
     <span class='ocr_line' id='line_1_53' title="bbox 1623 510 2678 577; baseline -0.004 -14"><span class='ocrx_word' id='word_1_283' title='bbox 1623 510 1764 573; x_wconf 89' lang='lat' dir='ltr'><strong>libri,</strong></span> <span class='ocrx_word' id='word_1_284' title='bbox 1782 510 1918 561; x_wconf 88' lang='lat' dir='ltr'><strong>inter</strong></span> <span class='ocrx_word' id='word_1_285' title='bbox 1937 525 2064 577; x_wconf 87' lang='lat' dir='ltr'><strong>quos</strong></span> <span class='ocrx_word' id='word_1_286' title='bbox 2082 511 2302 577; x_wconf 82' lang='lat' dir='ltr'><strong>antiqui,</strong></span> <span class='ocrx_word' id='word_1_287' title='bbox 2316 526 2426 561; x_wconf 73' lang='lat' dir='ltr'><strong>num</strong></span> <span class='ocrx_word' id='word_1_288' title='bbox 2447 511 2561 575; x_wconf 79' lang='lat' dir='ltr'><strong>quid</strong></span> <span class='ocrx_word' id='word_1_289' title='bbox 2578 527 2678 575; x_wconf 82' lang='lat' dir='ltr'><strong>ego.</strong></span> 
     </span>
     <span class='ocr_line' id='line_1_54' title="bbox 1624 587 1811 638; baseline -0.011 0"><span class='ocrx_word' id='word_1_290' title='bbox 1624 587 1811 638; x_wconf 61' lang='lat' dir='ltr'><strong>raam.</strong></span> 
     </span>
    </p>

    <p class='ocr_par' dir='ltr' id='par_1_12' title="bbox 1623 664 2686 884">
     <span class='ocr_line' id='line_1_55' title="bbox 1688 664 2682 730; baseline -0.001 -15"><span class='ocrx_word' id='word_1_291' title='bbox 1688 664 1868 715; x_wconf 74' lang='lat' dir='ltr'><strong>Dicam</strong></span> <span class='ocrx_word' id='word_1_292' title='bbox 1899 665 2058 729; x_wconf 77' lang='lat' dir='ltr'><strong>patri]</strong></span> <span class='ocrx_word' id='word_1_293' title='bbox 2090 667 2236 716; x_wconf 88' lang='lat' dir='ltr'><strong>Bene</strong></span> <span class='ocrx_word' id='word_1_294' title='bbox 2273 666 2428 730; x_wconf 75' lang='lat' dir='ltr'><strong>putri,</strong></span> <span class='ocrx_word' id='word_1_295' title='bbox 2465 681 2569 716; x_wconf 86' lang='lat' dir='ltr'><strong>non</strong></span> <span class='ocrx_word' id='word_1_296' title='bbox 2608 666 2682 715; x_wconf 85' lang='lat' dir='ltr'><strong>Si-</strong></span> 
     </span>
     <span class='ocr_line' id='line_1_56' title="bbox 1624 742 2684 809; baseline 0.002 -18"><span class='ocrx_word' id='word_1_297' title='bbox 1624 742 1792 792; x_wconf 82' lang='lat' dir='ltr'><strong>moni:</strong></span> <span class='ocrx_word' id='word_1_298' title='bbox 1829 750 1890 792; x_wconf 84' lang='lat' dir='ltr'><strong>ut</strong></span> <span class='ocrx_word' id='word_1_299' title='bbox 1922 743 1990 793; x_wconf 88' lang='lat' dir='ltr'><strong>de</strong></span> <span class='ocrx_word' id='word_1_300' title='bbox 2010 743 2323 795; x_wconf 83' lang='lat' dir='ltr'><strong>auctoritate</strong></span> <span class='ocrx_word' id='word_1_301' title='bbox 2349 745 2501 809; x_wconf 85' lang='lat' dir='ltr'><strong>hujus</strong></span> <span class='ocrx_word' id='word_1_302' title='bbox 2526 746 2684 793; x_wconf 86' lang='lat' dir='ltr'><strong>nomi-</strong></span> 
     </span>
     <span class='ocr_line' id='line_1_57' title="bbox 1623 820 2686 884; baseline 0.003 -15"><span class='ocrx_word' id='word_1_303' title='bbox 1623 820 1704 869; x_wconf 92' lang='lat' dir='ltr'><strong>nis</strong></span> <span class='ocrx_word' id='word_1_304' title='bbox 1727 833 1951 869; x_wconf 86' lang='lat' dir='ltr'><strong>summus</strong></span> <span class='ocrx_word' id='word_1_305' title='bbox 1968 826 2141 872; x_wconf 89' lang='lat' dir='ltr'><strong>terror</strong></span> <span class='ocrx_word' id='word_1_306' title='bbox 2161 828 2428 884; x_wconf 73' lang='lat' dir='ltr'><strong>exsurgat.</strong></span> <span class='ocrx_word' id='word_1_307' title='bbox 2447 821 2686 881; x_wconf 64' lang='grc' dir='ltr'><strong>Βοπαιω.</strong></span> 
     </span>
    </p>

    <p class='ocr_par' dir='ltr' id='par_1_13' title="bbox 1627 896 2690 1112">
     <span class='ocr_line' id='line_1_58' title="bbox 1690 896 2690 962; baseline 0 -16"><span class='ocrx_word' id='word_1_308' title='bbox 1690 896 1838 946; x_wconf 82' lang='lat' dir='ltr'><strong>Modo</strong></span> <span class='ocrx_word' id='word_1_309' title='bbox 1868 897 1951 959; x_wconf 76' lang='lat' dir='ltr'><strong>qui</strong></span> <span class='ocrx_word' id='word_1_310' title='bbox 1971 912 2074 947; x_wconf 79' lang='lat' dir='ltr'><strong>sum</strong></span> <span class='ocrx_word' id='word_1_311' title='bbox 2091 898 2354 962; x_wconf 70' lang='lat' dir='ltr'><strong>pollicitus]</strong></span> <span class='ocrx_word' id='word_1_312' title='bbox 2405 899 2579 961; x_wconf 82' lang='lat' dir='ltr'><strong>Modo,</strong></span> <span class='ocrx_word' id='word_1_313' title='bbox 2597 899 2690 947; x_wconf 82' lang='lat' dir='ltr'><strong>mi-</strong></span> 
     </span>
     <span class='ocr_line' id='line_1_59' title="bbox 1627 973 2690 1037; baseline 0 -14"><span class='ocrx_word' id='word_1_314' title='bbox 1627 986 1715 1023; x_wconf 79' lang='lat' dir='ltr'><strong>re:</strong></span> <span class='ocrx_word' id='word_1_315' title='bbox 1750 973 1945 1022; x_wconf 86' lang='lat' dir='ltr'><strong>etenim</strong></span> <span class='ocrx_word' id='word_1_316' title='bbox 1980 975 2226 1037; x_wconf 80' lang='lat' dir='ltr'><strong>majorem</strong></span> <span class='ocrx_word' id='word_1_317' title='bbox 2261 974 2366 1024; x_wconf 86' lang='lat' dir='ltr'><strong>vim</strong></span> <span class='ocrx_word' id='word_1_318' title='bbox 2390 974 2588 1025; x_wconf 79' lang='lat' dir='ltr'><strong>habent</strong></span> <span class='ocrx_word' id='word_1_319' title='bbox 2611 988 2690 1023; x_wconf 80' lang='lat' dir='ltr'><strong>re-</strong></span> 
     </span>
     <span class='ocr_line' id='line_1_60' title="bbox 1628 1049 2344 1112; baseline 0.004 -14"><span class='ocrx_word' id='word_1_320' title='bbox 1628 1049 1864 1104; x_wconf 84' lang='lat' dir='ltr'><strong>centiora</strong></span> <span class='ocrx_word' id='word_1_321' title='bbox 1888 1052 2153 1112; x_wconf 83' lang='lat' dir='ltr'><strong>promissa.</strong></span> <span class='ocrx_word' id='word_1_322' title='bbox 2191 1051 2344 1101; x_wconf 83' lang='lat' dir='ltr'><strong>Idem.</strong></span> 
     </span>
    </p>

    <p class='ocr_par' dir='ltr' id='par_1_14' title="bbox 1628 1126 2697 1350">
     <span class='ocr_line' id='line_1_61' title="bbox 1648 1126 2691 1190; baseline 0.005 -17"><span class='ocrx_word' id='word_1_323' title='bbox 1648 1171 1653 1172; x_wconf 18' lang='lat' dir='ltr'><em>ff</em></span> <span class='ocrx_word' id='word_1_324' title='bbox 1693 1129 1725 1175; x_wconf 81' lang='grc'><strong>7</strong></span> <span class='ocrx_word' id='word_1_325' title='bbox 1763 1126 1862 1183; x_wconf 74' lang='lat' dir='ltr'><strong>Qui</strong></span> <span class='ocrx_word' id='word_1_326' title='bbox 1879 1141 1982 1175; x_wconf 81' lang='lat' dir='ltr'><strong>sum</strong></span> <span class='ocrx_word' id='word_1_327' title='bbox 2001 1127 2259 1190; x_wconf 74' lang='lat' dir='ltr'><strong>pollicitus]</strong></span> <span class='ocrx_word' id='word_1_328' title='bbox 2283 1127 2561 1178; x_wconf 81' lang='lat' dir='ltr'><strong>oratorie:</strong></span> <span class='ocrx_word' id='word_1_329' title='bbox 2585 1136 2691 1178; x_wconf 85' lang='lat' dir='ltr'><strong>me·</strong></span> 
     </span>
     <span class='ocr_line' id='line_1_62' title="bbox 1628 1199 2697 1269; baseline 0.003 -16"><span class='ocrx_word' id='word_1_330' title='bbox 1628 1199 1728 1264; x_wconf 79' lang='lat' dir='ltr'><strong>lius</strong></span> <span class='ocrx_word' id='word_1_331' title='bbox 1761 1204 2003 1266; x_wconf 72' lang='lat' dir='ltr'><strong>pollicitus</strong></span> <span class='ocrx_word' id='word_1_332' title='bbox 2035 1221 2139 1254; x_wconf 79' lang='lat' dir='ltr'><strong>sum</strong></span> <span class='ocrx_word' id='word_1_333' title='bbox 2163 1205 2316 1261; x_wconf 82' lang='lat' dir='ltr'><strong>dixit,</strong></span> <span class='ocrx_word' id='word_1_334' title='bbox 2349 1219 2502 1269; x_wconf 79' lang='lat' dir='ltr'><strong>quam</strong></span> <span class='ocrx_word' id='word_1_335' title='bbox 2525 1205 2569 1255; x_wconf 87' lang='lat' dir='ltr'><strong>si</strong></span> <span class='ocrx_word' id='word_1_336' title='bbox 2589 1220 2697 1269; x_wconf 81' lang='lat' dir='ltr'><strong>pro·</strong></span> 
     </span>
     <span class='ocr_line' id='line_1_63' title="bbox 1631 1280 2171 1350; baseline 0.006 -21"><span class='ocrx_word' id='word_1_337' title='bbox 1631 1281 1743 1336; x_wconf 79' lang='lat' dir='ltr'><strong>misi</strong></span> <span class='ocrx_word' id='word_1_338' title='bbox 1763 1280 1982 1331; x_wconf 86' lang='lat' dir='ltr'><strong>diceret.</strong></span> <span class='ocrx_word' id='word_1_339' title='bbox 2018 1281 2171 1350; x_wconf 79' lang='lat' dir='ltr'><strong>Idem.</strong></span> 
     </span>
    </p>

    <p class='ocr_par' dir='ltr' id='par_1_15' title="bbox 1632 1354 2698 1579">
     <span class='ocr_line' id='line_1_64' title="bbox 1699 1354 2698 1425; baseline 0 -18"><span class='ocrx_word' id='word_1_340' title='bbox 1699 1358 1807 1414; x_wconf 76' lang='lat' dir='ltr'><strong>Qua</strong></span> <span class='ocrx_word' id='word_1_341' title='bbox 1825 1358 2033 1423; x_wconf 75' lang='lat' dir='ltr'><strong>fiducia]</strong></span> <span class='ocrx_word' id='word_1_342' title='bbox 2072 1359 2178 1415; x_wconf 80' lang='lat' dir='ltr'><strong>Qua</strong></span> <span class='ocrx_word' id='word_1_343' title='bbox 2203 1360 2410 1425; x_wconf 76' lang='lat' dir='ltr'><strong>fiducia,</strong></span> <span class='ocrx_word' id='word_1_344' title='bbox 2430 1360 2496 1411; x_wconf 87' lang='lat' dir='ltr'><strong>ad</strong></span> <span class='ocrx_word' id='word_1_345' title='bbox 2522 1354 2698 1425; x_wconf 53' lang='lat' dir='ltr'><strong>perso}</strong></span> 
     </span>
     <span class='ocr_line' id='line_1_65' title="bbox 1632 1437 2698 1503; baseline 0.002 -18"><span class='ocrx_word' id='word_1_346' title='bbox 1632 1449 1752 1485; x_wconf 87' lang='lat' dir='ltr'><strong>nam</strong></span> <span class='ocrx_word' id='word_1_347' title='bbox 1796 1451 1941 1486; x_wconf 87' lang='lat' dir='ltr'><strong>suam</strong></span> <span class='ocrx_word' id='word_1_348' title='bbox 1985 1438 2198 1488; x_wconf 83' lang='lat' dir='ltr'><strong>retulit:</strong></span> <span class='ocrx_word' id='word_1_349' title='bbox 2231 1444 2285 1487; x_wconf 83' lang='lat' dir='ltr'><strong>et</strong></span> <span class='ocrx_word' id='word_1_350' title='bbox 2313 1438 2504 1503; x_wconf 76' lang='lat' dir='ltr'><strong>fiducia</strong></span> <span class='ocrx_word' id='word_1_351' title='bbox 2542 1437 2698 1488; x_wconf 89' lang='lat' dir='ltr'><strong>modo</strong></span> 
     </span>
     <span class='ocr_line' id='line_1_66' title="bbox 1635 1514 2503 1579; baseline 0.005 -17"><span class='ocrx_word' id='word_1_352' title='bbox 1635 1514 2009 1578; x_wconf 86' lang='lat' dir='ltr'><strong>impudentiam</strong></span> <span class='ocrx_word' id='word_1_353' title='bbox 2032 1514 2314 1579; x_wconf 81' lang='lat' dir='ltr'><strong>significat.</strong></span> <span class='ocrx_word' id='word_1_354' title='bbox 2352 1516 2503 1566; x_wconf 80' lang='lat' dir='ltr'><strong>Idem.</strong></span> 
     </span>
    </p>
   </div>
   <div class='ocr_carea' id='block_1_5' title="bbox 1614 1590 2699 1658">
    <p class='ocr_par' dir='ltr' id='par_1_16' title="bbox 1614 1590 2699 1658">
     <span class='ocr_line' id='line_1_67' title="bbox 1614 1590 2699 1658; baseline 0 -18"><span class='ocrx_word' id='word_1_355' title='bbox 1614 1655 1617 1658; x_wconf 26' lang='grc' dir='ltr'>Ι</span> <span class='ocrx_word' id='word_1_356' title='bbox 1699 1594 1732 1640; x_wconf 82' lang='grc'><strong>8</strong></span> <span class='ocrx_word' id='word_1_357' title='bbox 1767 1591 1873 1640; x_wconf 79' lang='lat' dir='ltr'><strong>Nee</strong></span> <span class='ocrx_word' id='word_1_358' title='bbox 1894 1643 1897 1644; x_wconf 9' lang='grc' dir='ltr'><em>γ</em></span> <span class='ocrx_word' id='word_1_359' title='bbox 1920 1591 2034 1655; x_wconf 81' lang='lat' dir='ltr'><strong>quid</strong></span> <span class='ocrx_word' id='word_1_360' title='bbox 2070 1608 2145 1641; x_wconf 87' lang='lat' dir='ltr'><strong>me</strong></span> <span class='ocrx_word' id='word_1_361' title='bbox 2179 1607 2302 1641; x_wconf 78' lang='lat' dir='ltr'><strong>nunc</strong></span> <span class='ocrx_word' id='word_1_362' title='bbox 2324 1592 2532 1653; x_wconf 78' lang='lat' dir='ltr'><strong>faciam,</strong></span> <span class='ocrx_word' id='word_1_363' title='bbox 2572 1590 2699 1654; x_wconf 80' lang='lat' dir='ltr'><strong>scio]</strong></span> 
     </span>
    </p>
   </div>
   <div class='ocr_carea' id='block_1_6' title="bbox 1637 1668 2706 2121">
    <p class='ocr_par' dir='ltr' id='par_1_17' title="bbox 1637 1668 2706 2121">
     <span class='ocr_line' id='line_1_68' title="bbox 1639 1668 2701 1734; baseline -0.003 -15"><span class='ocrx_word' id='word_1_364' title='bbox 1639 1668 1771 1732; x_wconf 85' lang='lat' dir='ltr'><strong>Nos,</strong></span> <span class='ocrx_word' id='word_1_365' title='bbox 1806 1669 1920 1731; x_wconf 76' lang='lat' dir='ltr'><strong>quid</strong></span> <span class='ocrx_word' id='word_1_366' title='bbox 1948 1669 2152 1734; x_wconf 75' lang='lat' dir='ltr'><strong>faciam,</strong></span> <span class='ocrx_word' id='word_1_367' title='bbox 2190 1676 2394 1720; x_wconf 86' lang='lat' dir='ltr'><strong>veteres</strong></span> <span class='ocrx_word' id='word_1_368' title='bbox 2428 1674 2608 1719; x_wconf 88' lang='lat' dir='ltr'><strong>autem</strong></span> <span class='ocrx_word' id='word_1_369' title='bbox 2630 1683 2701 1717; x_wconf 82' lang='lat' dir='ltr'><strong>me</strong></span> 
     </span>
     <span class='ocr_line' id='line_1_69' title="bbox 1637 1746 2702 1809; baseline -0.001 -12"><span class='ocrx_word' id='word_1_370' title='bbox 1637 1746 1916 1797; x_wconf 75' lang='lat' dir='ltr'><strong>addebant.</strong></span> <span class='ocrx_word' id='word_1_371' title='bbox 1983 1748 2054 1797; x_wconf 90' lang='lat' dir='ltr'><strong>Et</strong></span> <span class='ocrx_word' id='word_1_372' title='bbox 2077 1757 2199 1797; x_wconf 86' lang='lat' dir='ltr'><strong>nota</strong></span> <span class='ocrx_word' id='word_1_373' title='bbox 2221 1748 2429 1809; x_wconf 73' lang='lat' dir='ltr'><strong>faciam,</strong></span> <span class='ocrx_word' id='word_1_374' title='bbox 2465 1762 2587 1797; x_wconf 85' lang='lat' dir='ltr'><strong>cum</strong></span> <span class='ocrx_word' id='word_1_375' title='bbox 2613 1747 2702 1796; x_wconf 81' lang='lat' dir='ltr'><strong>ab·</strong></span> 
     </span>
     <span class='ocr_line' id='line_1_70' title="bbox 1638 1823 2705 1888; baseline -0.001 -14"><span class='ocrx_word' id='word_1_376' title='bbox 1638 1823 1799 1874; x_wconf 83' lang='lat' dir='ltr'><strong>lativo</strong></span> <span class='ocrx_word' id='word_1_377' title='bbox 1821 1839 1963 1874; x_wconf 82' lang='lat' dir='ltr'><strong>casu.</strong></span> <span class='ocrx_word' id='word_1_378' title='bbox 1996 1824 2277 1876; x_wconf 83' lang='lat' dir='ltr'><strong>Ablativus</strong></span> <span class='ocrx_word' id='word_1_379' title='bbox 2299 1839 2468 1888; x_wconf 86' lang='lat' dir='ltr'><strong>casus,</strong></span> <span class='ocrx_word' id='word_1_380' title='bbox 2484 1839 2578 1876; x_wconf 84' lang='lat' dir='ltr'><strong>me.</strong></span> <span class='ocrx_word' id='word_1_381' title='bbox 2619 1823 2705 1873; x_wconf 88' lang='lat' dir='ltr'><strong>Id.</strong></span> 
     </span>
     <span class='ocr_line' id='line_1_71' title="bbox 1706 1900 2388 1966; baseline 0.006 -17"><span class='ocrx_word' id='word_1_382' title='bbox 1706 1900 1818 1966; x_wconf 88' lang='lat' dir='ltr'><strong>Me]</strong></span> <span class='ocrx_word' id='word_1_383' title='bbox 1850 1902 1935 1951; x_wconf 89' lang='lat' dir='ltr'><strong>De</strong></span> <span class='ocrx_word' id='word_1_384' title='bbox 1957 1916 2060 1952; x_wconf 87' lang='lat' dir='ltr'><strong>me.</strong></span> <span class='ocrx_word' id='word_1_385' title='bbox 2100 1902 2388 1956; x_wconf 74' lang='lat' dir='ltr'><strong>Farnabius.</strong></span> 
     </span>
     <span class='ocr_line' id='line_1_72' title="bbox 1706 1978 2706 2043; baseline -0.001 -15"><span class='ocrx_word' id='word_1_386' title='bbox 1706 1978 1866 2043; x_wconf 77' lang='lat' dir='ltr'><strong>Atque</strong></span> <span class='ocrx_word' id='word_1_387' title='bbox 1885 1979 1936 2027; x_wconf 79' lang='lat' dir='ltr'><strong>id</strong></span> <span class='ocrx_word' id='word_1_388' title='bbox 1953 1994 2046 2041; x_wconf 81' lang='lat' dir='ltr'><strong>ago</strong></span> <span class='ocrx_word' id='word_1_389' title='bbox 2066 1980 2251 2043; x_wconf 75' lang='lat' dir='ltr'><strong>sedulo]</strong></span> <span class='ocrx_word' id='word_1_390' title='bbox 2287 1980 2348 2028; x_wconf 87' lang='lat' dir='ltr'><strong>ld</strong></span> <span class='ocrx_word' id='word_1_391' title='bbox 2382 1993 2583 2043; x_wconf 77' lang='lat' dir='ltr'><strong>quaero,</strong></span> <span class='ocrx_word' id='word_1_392' title='bbox 2606 1978 2706 2028; x_wconf 83' lang='lat' dir='ltr'><strong>hoc</strong></span> 
     </span>
     <span class='ocr_line' id='line_1_73' title="bbox 1642 2053 2706 2121; baseline -0.003 -15"><span class='ocrx_word' id='word_1_393' title='bbox 1642 2061 1742 2119; x_wconf 86' lang='lat' dir='ltr'><strong>est,</strong></span> <span class='ocrx_word' id='word_1_394' title='bbox 1784 2062 1845 2106; x_wconf 91' lang='lat' dir='ltr'><strong>ut</strong></span> <span class='ocrx_word' id='word_1_395' title='bbox 1885 2054 2146 2108; x_wconf 83' lang='lat' dir='ltr'><strong>inveniam</strong></span> <span class='ocrx_word' id='word_1_396' title='bbox 2183 2053 2310 2121; x_wconf 85' lang='lat' dir='ltr'><strong>quid</strong></span> <span class='ocrx_word' id='word_1_397' title='bbox 2351 2053 2561 2106; x_wconf 74' lang='lat' dir='ltr'><strong>faciam.</strong></span> <span class='ocrx_word' id='word_1_398' title='bbox 2602 2054 2706 2105; x_wconf 82' lang='lat' dir='ltr'><strong>Do-</strong></span> 
     </span>
    </p>
   </div>
   <div class='ocr_carea' id='block_1_7' title="bbox 1630 2138 1798 2200">
    <p class='ocr_par' dir='ltr' id='par_1_18' title="bbox 1630 2138 1798 2200">
     <span class='ocr_line' id='line_1_74' title="bbox 1630 2138 1798 2200; baseline 0 -17"><span class='ocrx_word' id='word_1_399' title='bbox 1630 2138 1798 2200; x_wconf 26' lang='lat' dir='ltr'><strong>,natum</strong></span> 
     </span>
    </p>
   </div>
   <div class='ocr_carea' id='block_1_8' title="bbox 1645 2207 2745 4351">
    <p class='ocr_par' dir='ltr' id='par_1_19' title="bbox 1645 2207 2745 2505">
     <span class='ocr_line' id='line_1_75' title="bbox 1658 2207 2745 2273; baseline -0.003 -13"><span class='ocrx_word' id='word_1_400' title='bbox 1658 2255 1663 2260; x_wconf 88' lang='lat'><strong>.</strong></span> <span class='ocrx_word' id='word_1_401' title='bbox 1706 2214 1740 2259; x_wconf 83' lang='lat'>9</span> <span class='ocrx_word' id='word_1_402' title='bbox 1779 2210 1957 2259; x_wconf 81' lang='lat' dir='ltr'><strong>Dicam</strong></span> <span class='ocrx_word' id='word_1_403' title='bbox 1974 2208 2158 2273; x_wconf 77' lang='lat' dir='ltr'><strong>aliquid</strong></span> <span class='ocrx_word' id='word_1_404' title='bbox 2165 2208 2273 2271; x_wconf 72' lang='lat' dir='ltr'><strong>jam</strong></span> <span class='ocrx_word' id='word_1_405' title='bbox 2291 2207 2619 2273; x_wconf 57' lang='lat' dir='ltr'><strong>Mentem]</strong></span> <span class='ocrx_word' id='word_1_406' title='bbox 2641 2208 2707 2258; x_wconf 91' lang='lat' dir='ltr'><strong>In</strong></span> <span class='ocrx_word' id='word_1_407' title='bbox 2742 2229 2745 2232; x_wconf 41' lang='lat'>¹</span> 
     </span>
     <span class='ocr_line' id='line_1_76' title="bbox 1645 2284 2710 2351; baseline -0.001 -16"><span class='ocrx_word' id='word_1_408' title='bbox 1645 2286 1901 2351; x_wconf 78' lang='lat' dir='ltr'><strong>aliquibus</strong></span> <span class='ocrx_word' id='word_1_409' title='bbox 1922 2285 2071 2337; x_wconf 85' lang='lat' dir='ltr'><strong>libris</strong></span> <span class='ocrx_word' id='word_1_410' title='bbox 2089 2285 2305 2348; x_wconf 51' lang='lat' dir='ltr'><strong>endam</strong></span> <span class='ocrx_word' id='word_1_411' title='bbox 2321 2300 2424 2336; x_wconf 78' lang='lat' dir='ltr'><strong>me.-</strong></span> <span class='ocrx_word' id='word_1_412' title='bbox 2453 2285 2505 2334; x_wconf 92' lang='lat' dir='ltr'><strong>in</strong></span> <span class='ocrx_word' id='word_1_413' title='bbox 2525 2284 2710 2349; x_wconf 82' lang='lat' dir='ltr'><strong>aliqui·</strong></span> 
     </span>
     <span class='ocr_line' id='line_1_77' title="bbox 1645 2361 2709 2433; baseline -0.002 -20"><span class='ocrx_word' id='word_1_414' title='bbox 1645 2363 1759 2428; x_wconf 85' lang='lat' dir='ltr'><strong>bus,</strong></span> <span class='ocrx_word' id='word_1_415' title='bbox 1777 2368 1834 2413; x_wconf 89' lang='lat' dir='ltr'><strong>et</strong></span> <span class='ocrx_word' id='word_1_416' title='bbox 1854 2363 1991 2412; x_wconf 88' lang='lat' dir='ltr'><strong>inter</strong></span> <span class='ocrx_word' id='word_1_417' title='bbox 2011 2363 2124 2425; x_wconf 82' lang='lat' dir='ltr'><strong>hos,</strong></span> <span class='ocrx_word' id='word_1_418' title='bbox 2143 2362 2420 2424; x_wconf 85' lang='lat' dir='ltr'><strong>Vaticano,</strong></span> <span class='ocrx_word' id='word_1_419' title='bbox 2441 2369 2496 2412; x_wconf 86' lang='lat' dir='ltr'><strong>et</strong></span> <span class='ocrx_word' id='word_1_420' title='bbox 2511 2361 2709 2433; x_wconf 79' lang='lat' dir='ltr'><strong>Basili·</strong></span> 
     </span>
     <span class='ocr_line' id='line_1_78' title="bbox 1647 2437 2674 2505; baseline -0.003 -12"><span class='ocrx_word' id='word_1_421' title='bbox 1647 2455 1802 2505; x_wconf 86' lang='lat' dir='ltr'><strong>cano,</strong></span> <span class='ocrx_word' id='word_1_422' title='bbox 1824 2439 2146 2492; x_wconf 84' lang='lat' dir='ltr'><strong>solummodo</strong></span> <span class='ocrx_word' id='word_1_423' title='bbox 2167 2447 2271 2503; x_wconf 83' lang='lat' dir='ltr'><strong>est,</strong></span> <span class='ocrx_word' id='word_1_424' title='bbox 2290 2453 2383 2492; x_wconf 87' lang='lat' dir='ltr'><strong>me.</strong></span> <span class='ocrx_word' id='word_1_425' title='bbox 2425 2437 2674 2492; x_wconf 61' lang='lat' dir='ltr'><strong>Faernus.</strong></span> 
     </span>
    </p>

    <p class='ocr_par' dir='ltr' id='par_1_20' title="bbox 1645 2514 2713 2807">
     <span class='ocr_line' id='line_1_79' title="bbox 1713 2514 2710 2586; baseline -0.006 -15"><span class='ocrx_word' id='word_1_426' title='bbox 1713 2520 1935 2586; x_wconf 76' lang='lat' dir='ltr'><strong>Aliquam</strong></span> <span class='ocrx_word' id='word_1_427' title='bbox 1950 2521 2208 2584; x_wconf 77' lang='lat' dir='ltr'><strong>producam</strong></span> <span class='ocrx_word' id='word_1_428' title='bbox 2237 2514 2440 2581; x_wconf 75' lang='lat' dir='ltr'><strong>morum]</strong></span> <span class='ocrx_word' id='word_1_429' title='bbox 2497 2517 2710 2567; x_wconf 67' lang='lat' dir='ltr'><strong>Produc·</strong></span> 
     </span>
     <span class='ocr_line' id='line_1_80' title="bbox 1645 2592 2711 2663; baseline -0.008 -12"><span class='ocrx_word' id='word_1_430' title='bbox 1645 2603 1742 2651; x_wconf 70' lang='lat' dir='ltr'><strong>tem</strong></span> <span class='ocrx_word' id='word_1_431' title='bbox 1786 2598 1980 2663; x_wconf 73' lang='lat' dir='ltr'><strong>legitur</strong></span> <span class='ocrx_word' id='word_1_432' title='bbox 2014 2604 2068 2647; x_wconf 83' lang='lat' dir='ltr'><strong>et</strong></span> <span class='ocrx_word' id='word_1_433' title='bbox 2099 2597 2378 2661; x_wconf 72' lang='lat' dir='ltr'><strong>producam.</strong></span> <span class='ocrx_word' id='word_1_434' title='bbox 2441 2592 2711 2657; x_wconf 79' lang='lat' dir='ltr'><strong>Significat</strong></span> 
     </span>
     <span class='ocr_line' id='line_1_81' title="bbox 1648 2670 2713 2738; baseline -0.005 -13"><span class='ocrx_word' id='word_1_435' title='bbox 1648 2683 1820 2725; x_wconf 84' lang='lat' dir='ltr'><strong>autem</strong></span> <span class='ocrx_word' id='word_1_436' title='bbox 1859 2673 2122 2738; x_wconf 85' lang='lat' dir='ltr'><strong>differam,</strong></span> <span class='ocrx_word' id='word_1_437' title='bbox 2164 2671 2494 2738; x_wconf 82' lang='lat' dir='ltr'><strong>protendam,</strong></span> <span class='ocrx_word' id='word_1_438' title='bbox 2540 2670 2713 2735; x_wconf 84' lang='lat' dir='ltr'><strong>prola·</strong></span> 
     </span>
     <span class='ocr_line' id='line_1_82' title="bbox 1649 2751 2047 2807; baseline -0.003 -7"><span class='ocrx_word' id='word_1_439' title='bbox 1649 2758 1774 2807; x_wconf 82' lang='lat' dir='ltr'><strong>tem.</strong></span> <span class='ocrx_word' id='word_1_440' title='bbox 1808 2751 2047 2801; x_wconf 67' lang='lat' dir='ltr'><strong>Donatus.</strong></span> 
     </span>
    </p>

    <p class='ocr_par' dir='ltr' id='par_1_21' title="bbox 1650 2821 2735 3898">
     <span class='ocr_line' id='line_1_83' title="bbox 1718 2821 2714 2877; baseline -0.005 0"><span class='ocrx_word' id='word_1_441' title='bbox 1718 2832 1781 2877; x_wconf 88' lang='grc'><strong>10</strong></span> <span class='ocrx_word' id='word_1_442' title='bbox 1815 2828 1882 2877; x_wconf 89' lang='grc' dir='ltr'><strong>Ρ.</strong></span> <span class='ocrx_word' id='word_1_443' title='bbox 1908 2827 2004 2876; x_wconf 73' lang='grc' dir='ltr'><strong>ΟΙι.</strong></span> <span class='ocrx_word' id='word_1_444' title='bbox 2043 2827 2109 2876; x_wconf 86' lang='lat' dir='ltr'><strong>D.</strong></span> <span class='ocrx_word' id='word_1_445' title='bbox 2131 2825 2400 2877; x_wconf 68' lang='lat' dir='ltr'><strong>visusswa.</strong></span> <span class='ocrx_word' id='word_1_446' title='bbox 2428 2823 2495 2874; x_wconf 86' lang='lat' dir='ltr'><strong>P.</strong></span> <span class='ocrx_word' id='word_1_447' title='bbox 2516 2821 2714 2873; x_wconf 67' lang='lat' dir='ltr'><strong>ehodum</strong></span> 
     </span>
     <span class='ocr_line' id='line_1_84' title="bbox 1651 2899 2715 2967; baseline -0.005 -12"><span class='ocrx_word' id='word_1_448' title='bbox 1651 2904 1766 2955; x_wconf 71' lang='lat' dir='ltr'><strong>boue</strong></span> <span class='ocrx_word' id='word_1_449' title='bbox 1783 2904 1881 2966; x_wconf 76' lang='lat' dir='ltr'><strong>vir,</strong></span> <span class='ocrx_word' id='word_1_450' title='bbox 1911 2904 2026 2967; x_wconf 76' lang='lat' dir='ltr'><strong>quid</strong></span> <span class='ocrx_word' id='word_1_451' title='bbox 2046 2899 2162 2955; x_wconf 71' lang='lat' dir='ltr'><strong>ais?</strong></span> <span class='ocrx_word' id='word_1_452' title='bbox 2191 2903 2333 2954; x_wconf 74' lang='lat' dir='ltr'><strong>viden</strong></span> <span class='ocrx_word' id='word_1_453' title='bbox 2364 2915 2438 2951; x_wconf 78' lang='lat' dir='ltr'><strong>me</strong></span> <span class='ocrx_word' id='word_1_454' title='bbox 2475 2901 2574 2950; x_wconf 73' lang='lat' dir='ltr'><strong>tuis</strong></span> <span class='ocrx_word' id='word_1_455' title='bbox 2605 2915 2715 2951; x_wconf 74' lang='lat' dir='ltr'><strong>eon-</strong></span> 
     </span>
     <span class='ocr_line' id='line_1_85' title="bbox 1650 2977 2716 3045; baseline -0.006 -12"><span class='ocrx_word' id='word_1_456' title='bbox 1650 2982 1799 3045; x_wconf 82' lang='lat' dir='ltr'><strong>siliis]</strong></span> <span class='ocrx_word' id='word_1_457' title='bbox 1833 2984 1906 3032; x_wconf 87' lang='lat' dir='ltr'><strong>Et</strong></span> <span class='ocrx_word' id='word_1_458' title='bbox 1937 2981 2227 3032; x_wconf 80' lang='lat' dir='ltr'><strong>Vaticanus</strong></span> <span class='ocrx_word' id='word_1_459' title='bbox 2250 2988 2307 3030; x_wconf 88' lang='lat' dir='ltr'><strong>et</strong></span> <span class='ocrx_word' id='word_1_460' title='bbox 2340 2992 2518 3029; x_wconf 80' lang='lat' dir='ltr'><strong>omnes</strong></span> <span class='ocrx_word' id='word_1_461' title='bbox 2542 2977 2635 3028; x_wconf 84' lang='lat' dir='ltr'><strong>alii</strong></span> <span class='ocrx_word' id='word_1_462' title='bbox 2657 2978 2716 3027; x_wconf 86' lang='lat' dir='ltr'><strong>li·</strong></span> 
     </span>
     <span class='ocr_line' id='line_1_86' title="bbox 1653 3055 2715 3126; baseline -0.005 -17"><span class='ocrx_word' id='word_1_463' title='bbox 1653 3060 1737 3119; x_wconf 81' lang='lat' dir='ltr'><strong>bri</strong></span> <span class='ocrx_word' id='word_1_464' title='bbox 1766 3073 1894 3126; x_wconf 89' lang='lat' dir='ltr'><strong>quos</strong></span> <span class='ocrx_word' id='word_1_465' title='bbox 1915 3057 2045 3122; x_wconf 86' lang='lat' dir='ltr'><strong>vidi,</strong></span> <span class='ocrx_word' id='word_1_466' title='bbox 2067 3072 2170 3108; x_wconf 91' lang='lat' dir='ltr'><strong>non</strong></span> <span class='ocrx_word' id='word_1_467' title='bbox 2187 3057 2250 3107; x_wconf 71' lang='lat' dir='ltr'><strong>oli</strong></span> <span class='ocrx_word' id='word_1_468' title='bbox 2262 3057 2352 3108; x_wconf 87' lang='lat' dir='ltr'><strong>sed</strong></span> <span class='ocrx_word' id='word_1_469' title='bbox 2368 3057 2474 3119; x_wconf 74' lang='lat' dir='ltr'><strong>ohe,</strong></span> <span class='ocrx_word' id='word_1_470' title='bbox 2495 3055 2715 3106; x_wconf 79' lang='lat' dir='ltr'><strong>habent:</strong></span> 
     </span>
     <span class='ocr_line' id='line_1_87' title="bbox 1653 3132 2735 3205; baseline -0.006 -16"><span class='ocrx_word' id='word_1_471' title='bbox 1653 3154 1751 3205; x_wconf 92' lang='lat' dir='ltr'><strong>pro</strong></span> <span class='ocrx_word' id='word_1_472' title='bbox 1773 3152 1876 3203; x_wconf 86' lang='lat' dir='ltr'><strong>quo</strong></span> <span class='ocrx_word' id='word_1_473' title='bbox 1898 3144 2073 3188; x_wconf 87' lang='lat' dir='ltr'><strong>tamen</strong></span> <span class='ocrx_word' id='word_1_474' title='bbox 2094 3136 2321 3187; x_wconf 80' lang='lat' dir='ltr'><strong>libenter</strong></span> <span class='ocrx_word' id='word_1_475' title='bbox 2340 3134 2578 3200; x_wconf 80' lang='lat' dir='ltr'><strong>legerim,</strong></span> <span class='ocrx_word' id='word_1_476' title='bbox 2598 3132 2686 3184; x_wconf 72' lang='lat' dir='ltr'><strong>olio</strong></span> <span class='ocrx_word' id='word_1_477' title='bbox 2700 3146 2735 3194; x_wconf 57' lang='lat'><strong>.·⁴</strong></span> 
     </span>
     <span class='ocr_line' id='line_1_88' title="bbox 1654 3209 2719 3281; baseline -0.005 -16"><span class='ocrx_word' id='word_1_478' title='bbox 1654 3231 1769 3281; x_wconf 82' lang='lat' dir='ltr'><strong>quae</strong></span> <span class='ocrx_word' id='word_1_479' title='bbox 1790 3214 2091 3278; x_wconf 88' lang='lat' dir='ltr'><strong>interjectio</strong></span> <span class='ocrx_word' id='word_1_480' title='bbox 2109 3219 2194 3264; x_wconf 83' lang='lat' dir='ltr'><strong>est</strong></span> <span class='ocrx_word' id='word_1_481' title='bbox 2206 3211 2547 3263; x_wconf 79' lang='lat' dir='ltr'><strong>exclamantis</strong></span> <span class='ocrx_word' id='word_1_482' title='bbox 2567 3209 2719 3263; x_wconf 78' lang='lat' dir='ltr'><strong>irati:</strong></span> 
     </span>
     <span class='ocr_line' id='line_1_89' title="bbox 1655 3289 2720 3357; baseline -0.006 -13"><span class='ocrx_word' id='word_1_483' title='bbox 1655 3300 1719 3351; x_wconf 82' lang='lat' dir='ltr'><strong>ut</strong></span> <span class='ocrx_word' id='word_1_484' title='bbox 1739 3293 1870 3344; x_wconf 90' lang='lat' dir='ltr'><strong>etin</strong></span> <span class='ocrx_word' id='word_1_485' title='bbox 1893 3291 2168 3357; x_wconf 83' lang='lat' dir='ltr'><strong>Adelphis,</strong></span> <span class='ocrx_word' id='word_1_486' title='bbox 2211 3291 2227 3319; x_wconf 90' lang='lat'>‘</span> <span class='ocrx_word' id='word_1_487' title='bbox 2247 3289 2385 3352; x_wconf 78' lang='lat'><strong>0110,</strong></span> <span class='ocrx_word' id='word_1_488' title='bbox 2418 3289 2520 3339; x_wconf 85' lang='lat' dir='ltr'><strong>scis</strong></span> <span class='ocrx_word' id='word_1_489' title='bbox 2550 3296 2608 3339; x_wconf 81' lang='lat' dir='ltr'><strong>et</strong></span> <span class='ocrx_word' id='word_1_490' title='bbox 2630 3302 2720 3352; x_wconf 75' lang='lat' dir='ltr'><strong>pa·</strong></span> 
     </span>
     <span class='ocr_line' id='line_1_90' title="bbox 1657 3365 2722 3428; baseline -0.004 -8"><span class='ocrx_word' id='word_1_491' title='bbox 1657 3368 1846 3420; x_wconf 88' lang='lat' dir='ltr'><strong>teris?&#39;</strong></span> <span class='ocrx_word' id='word_1_492' title='bbox 1910 3368 2018 3419; x_wconf 86' lang='lat' dir='ltr'><strong>Sed</strong></span> <span class='ocrx_word' id='word_1_493' title='bbox 2058 3369 2169 3418; x_wconf 81' lang='lat' dir='ltr'><strong>sive</strong></span> <span class='ocrx_word' id='word_1_494' title='bbox 2205 3366 2291 3415; x_wconf 77' lang='lat' dir='ltr'><strong>ohe</strong></span> <span class='ocrx_word' id='word_1_495' title='bbox 2311 3366 2421 3414; x_wconf 78' lang='lat' dir='ltr'><strong>sive</strong></span> <span class='ocrx_word' id='word_1_496' title='bbox 2436 3365 2537 3421; x_wconf 70' lang='lat' dir='ltr'><strong>‚olio</strong></span> <span class='ocrx_word' id='word_1_497' title='bbox 2558 3365 2722 3428; x_wconf 78' lang='lat' dir='ltr'><strong>legas.</strong></span> 
     </span>
     <span class='ocr_line' id='line_1_91' title="bbox 1657 3441 2720 3498; baseline -0.008 -1"><span class='ocrx_word' id='word_1_498' title='bbox 1657 3451 1741 3498; x_wconf 85' lang='lat' dir='ltr'><strong>est</strong></span> <span class='ocrx_word' id='word_1_499' title='bbox 1776 3446 1892 3496; x_wconf 79' lang='lat' dir='ltr'><strong>haec</strong></span> <span class='ocrx_word' id='word_1_500' title='bbox 1921 3443 2085 3495; x_wconf 86' lang='lat' dir='ltr'><strong>dictio</strong></span> <span class='ocrx_word' id='word_1_501' title='bbox 2107 3441 2403 3495; x_wconf 81' lang='lat' dir='ltr'><strong>necessaria</strong></span> <span class='ocrx_word' id='word_1_502' title='bbox 2425 3446 2720 3493; x_wconf 72' lang='lat' dir='ltr'><strong>sustentan-</strong></span> 
     </span>
     <span class='ocr_line' id='line_1_92' title="bbox 1659 3519 2723 3584; baseline -0.007 -9"><span class='ocrx_word' id='word_1_503' title='bbox 1659 3525 1726 3577; x_wconf 88' lang='lat' dir='ltr'><strong>do</strong></span> <span class='ocrx_word' id='word_1_504' title='bbox 1764 3522 2034 3575; x_wconf 89' lang='lat' dir='ltr'><strong>octonario</strong></span> <span class='ocrx_word' id='word_1_505' title='bbox 2057 3537 2074 3572; x_wconf 70' lang='lat' dir='ltr'>a</span> <span class='ocrx_word' id='word_1_506' title='bbox 2107 3522 2187 3572; x_wconf 88' lang='lat' dir='ltr'><strong>ita</strong></span> <span class='ocrx_word' id='word_1_507' title='bbox 2228 3527 2289 3571; x_wconf 81' lang='lat' dir='ltr'><strong>ut</strong></span> <span class='ocrx_word' id='word_1_508' title='bbox 2330 3520 2419 3569; x_wconf 74' lang='lat' dir='ltr'><strong>0}oe</strong></span> <span class='ocrx_word' id='word_1_509' title='bbox 2453 3519 2526 3570; x_wconf 89' lang='lat' dir='ltr'><strong>sit</strong></span> <span class='ocrx_word' id='word_1_510' title='bbox 2568 3532 2723 3584; x_wconf 65' lang='lat' dir='ltr'><strong>spon·</strong></span> 
     </span>
     <span class='ocr_line' id='line_1_93' title="bbox 1659 3595 2726 3664; baseline -0.006 -12"><span class='ocrx_word' id='word_1_511' title='bbox 1659 3604 1824 3652; x_wconf 69' lang='lat' dir='ltr'><strong>deust</strong></span> <span class='ocrx_word' id='word_1_512' title='bbox 1860 3616 1927 3651; x_wconf 78' lang='lat' dir='ltr'><strong>ex</strong></span> <span class='ocrx_word' id='word_1_513' title='bbox 1962 3598 2076 3664; x_wconf 77' lang='lat' dir='ltr'><strong>quid</strong></span> <span class='ocrx_word' id='word_1_514' title='bbox 2110 3612 2237 3650; x_wconf 82' lang='lat' dir='ltr'><strong>vero</strong></span> <span class='ocrx_word' id='word_1_515' title='bbox 2258 3597 2292 3647; x_wconf 93' lang='lat' dir='ltr'><strong>d</strong></span> <span class='ocrx_word' id='word_1_516' title='bbox 2326 3595 2626 3660; x_wconf 79' lang='lat' dir='ltr'><strong>abjiciatur,</strong></span> <span class='ocrx_word' id='word_1_517' title='bbox 2661 3601 2726 3646; x_wconf 83' lang='lat' dir='ltr'><strong>nt</strong></span> 
     </span>
     <span class='ocr_line' id='line_1_94' title="bbox 1657 3673 2727 3744; baseline -0.005 -15"><span class='ocrx_word' id='word_1_518' title='bbox 1657 3680 1715 3729; x_wconf 92' lang='lat' dir='ltr'><strong>in</strong></span> <span class='ocrx_word' id='word_1_519' title='bbox 1754 3677 1935 3744; x_wconf 84' lang='lat' dir='ltr'><strong>quinta</strong></span> <span class='ocrx_word' id='word_1_520' title='bbox 1975 3676 2102 3727; x_wconf 85' lang='lat' dir='ltr'><strong>sede</strong></span> <span class='ocrx_word' id='word_1_521' title='bbox 2141 3674 2212 3725; x_wconf 82' lang='lat' dir='ltr'><strong>sit</strong></span> <span class='ocrx_word' id='word_1_522' title='bbox 2256 3673 2584 3735; x_wconf 52' lang='lat' dir='ltr'><strong>tribrachum</strong></span> <span class='ocrx_word' id='word_1_523' title='bbox 2626 3674 2727 3724; x_wconf 69' lang='lat' dir='ltr'><strong>tuis</strong></span> 
     </span>
     <span class='ocr_line' id='line_1_95' title="bbox 1658 3751 2728 3820; baseline -0.007 -11"><span class='ocrx_word' id='word_1_524' title='bbox 1658 3772 1764 3809; x_wconf 81' lang='lat' dir='ltr'><strong>uua</strong></span> <span class='ocrx_word' id='word_1_525' title='bbox 1805 3754 2007 3820; x_wconf 83' lang='lat' dir='ltr'><strong>syllaba</strong></span> <span class='ocrx_word' id='word_1_526' title='bbox 2050 3753 2153 3815; x_wconf 58' lang='grc' dir='ltr'><strong>αἰὲς</strong></span> <span class='ocrx_word' id='word_1_527' title='bbox 2199 3751 2410 3803; x_wconf 73' lang='lat' dir='ltr'><strong>consiliis</strong></span> <span class='ocrx_word' id='word_1_528' title='bbox 2458 3751 2728 3813; x_wconf 79' lang='lat' dir='ltr'><strong>creticus3</strong></span> 
     </span>
     <span class='ocr_line' id='line_1_96' title="bbox 1659 3826 2669 3898; baseline -0.007 -14"><span class='ocrx_word' id='word_1_529' title='bbox 1659 3842 1937 3898; x_wconf 84' lang='lat' dir='ltr'><strong>utrumque</strong></span> <span class='ocrx_word' id='word_1_530' title='bbox 1958 3845 2055 3897; x_wconf 88' lang='lat' dir='ltr'><strong>per</strong></span> <span class='ocrx_word' id='word_1_531' title='bbox 2077 3828 2357 3894; x_wconf 81' lang='lat' dir='ltr'><strong>synizesin.</strong></span> <span class='ocrx_word' id='word_1_532' title='bbox 2395 3826 2627 3878; x_wconf 63' lang='lat' dir='ltr'><strong>Faernus.</strong></span> <span class='ocrx_word' id='word_1_533' title='bbox 2668 3870 2669 3877; x_wconf 73' lang='grc'>,</span> 
     </span>
    </p>

    <p class='ocr_par' dir='ltr' id='par_1_22' title="bbox 1661 3903 2732 4351">
     <span class='ocr_line' id='line_1_97' title="bbox 1728 3903 2730 3969; baseline -0.009 -8"><span class='ocrx_word' id='word_1_534' title='bbox 1728 3911 1946 3960; x_wconf 76' lang='lat' dir='ltr'><strong>Ehodum</strong></span> <span class='ocrx_word' id='word_1_535' title='bbox 1968 3909 2078 3957; x_wconf 79' lang='lat' dir='ltr'><strong>bone</strong></span> <span class='ocrx_word' id='word_1_536' title='bbox 2098 3905 2200 3969; x_wconf 78' lang='lat' dir='ltr'><strong>vir]</strong></span> <span class='ocrx_word' id='word_1_537' title='bbox 2218 3905 2411 3956; x_wconf 81' lang='lat' dir='ltr'><strong>Gravis</strong></span> <span class='ocrx_word' id='word_1_538' title='bbox 2434 3903 2730 3968; x_wconf 83' lang='lat' dir='ltr'><strong>interroga-</strong></span> 
     </span>
     <span class='ocr_line' id='line_1_98' title="bbox 1661 3980 2727 4051; baseline -0.009 -12"><span class='ocrx_word' id='word_1_539' title='bbox 1661 3988 1758 4051; x_wconf 85' lang='lat' dir='ltr'><strong>tio,</strong></span> <span class='ocrx_word' id='word_1_540' title='bbox 1795 3995 1854 4038; x_wconf 90' lang='lat' dir='ltr'><strong>et</strong></span> <span class='ocrx_word' id='word_1_541' title='bbox 1890 3984 2133 4036; x_wconf 81' lang='lat' dir='ltr'><strong>minantis</strong></span> <span class='ocrx_word' id='word_1_542' title='bbox 2162 3998 2282 4033; x_wconf 84' lang='lat' dir='ltr'><strong>cum</strong></span> <span class='ocrx_word' id='word_1_543' title='bbox 2301 3980 2592 4035; x_wconf 80' lang='lat' dir='ltr'><strong>iracundia.</strong></span> <span class='ocrx_word' id='word_1_544' title='bbox 2657 3981 2727 4031; x_wconf 89' lang='lat' dir='ltr'><strong>Et</strong></span> 
     </span>
     <span class='ocr_line' id='line_1_99' title="bbox 1662 4060 2728 4128; baseline -0.007 -14"><span class='ocrx_word' id='word_1_545' title='bbox 1662 4065 1761 4115; x_wconf 85' lang='lat' dir='ltr'><strong>boc</strong></span> <span class='ocrx_word' id='word_1_546' title='bbox 1797 4061 2004 4128; x_wconf 73' lang='grc' dir='ltr'><strong>εἰρωνείᾳ</strong></span> <span class='ocrx_word' id='word_1_547' title='bbox 2042 4060 2396 4126; x_wconf 89' lang='lat' dir='ltr'><strong>prosequitur,</strong></span> <span class='ocrx_word' id='word_1_548' title='bbox 2429 4073 2549 4109; x_wconf 78' lang='lat' dir='ltr'><strong>cum</strong></span> <span class='ocrx_word' id='word_1_549' title='bbox 2574 4072 2728 4119; x_wconf 81' lang='lat' dir='ltr'><strong>omne</strong></span> 
     </span>
     <span class='ocr_line' id='line_1_100' title="bbox 1662 4134 2732 4207; baseline -0.007 -14"><span class='ocrx_word' id='word_1_550' title='bbox 1662 4157 1826 4207; x_wconf 83' lang='lat' dir='ltr'><strong>genus</strong></span> <span class='ocrx_word' id='word_1_551' title='bbox 1871 4138 2204 4191; x_wconf 69' lang='lat' dir='ltr'><strong>contumelias</strong></span> <span class='ocrx_word' id='word_1_552' title='bbox 2239 4138 2356 4186; x_wconf 83' lang='lat' dir='ltr'><strong>leve</strong></span> <span class='ocrx_word' id='word_1_553' title='bbox 2387 4137 2439 4186; x_wconf 94' lang='lat' dir='ltr'><strong>in</strong></span> <span class='ocrx_word' id='word_1_554' title='bbox 2461 4150 2580 4189; x_wconf 89' lang='lat' dir='ltr'><strong>eum</strong></span> <span class='ocrx_word' id='word_1_555' title='bbox 2603 4134 2732 4185; x_wconf 57' lang='lat' dir='ltr'><strong>dic-„iv</strong></span> 
     </span>
     <span class='ocr_line' id='line_1_101' title="bbox 1662 4214 2728 4288; baseline -0.008 -15"><span class='ocrx_word' id='word_1_556' title='bbox 1662 4236 1796 4285; x_wconf 83' lang='lat' dir='ltr'><strong>mus,</strong></span> <span class='ocrx_word' id='word_1_557' title='bbox 1813 4223 1869 4273; x_wconf 88' lang='lat' dir='ltr'><strong>in</strong></span> <span class='ocrx_word' id='word_1_558' title='bbox 1884 4236 2044 4288; x_wconf 88' lang='lat' dir='ltr'><strong>quem</strong></span> <span class='ocrx_word' id='word_1_559' title='bbox 2064 4218 2283 4271; x_wconf 83' lang='lat' dir='ltr'><strong>ferimur</strong></span> <span class='ocrx_word' id='word_1_560' title='bbox 2304 4214 2590 4269; x_wconf 78' lang='lat' dir='ltr'><strong>iracundia.</strong></span> <span class='ocrx_word' id='word_1_561' title='bbox 2625 4214 2728 4265; x_wconf 81' lang='lat' dir='ltr'><strong>Do-</strong></span> 
     </span>
     <span class='ocr_line' id='line_1_102' title="bbox 1663 4305 1869 4351; baseline 0.005 -1"><span class='ocrx_word' id='word_1_562' title='bbox 1663 4305 1823 4350; x_wconf 74' lang='lat' dir='ltr'><strong>natus.</strong></span> <span class='ocrx_word' id='word_1_563' title='bbox 1864 4344 1869 4351; x_wconf 89' lang='lat'><strong>.</strong></span> 
     </span>
    </p>
   </div>
  </div>
 </body>
</html>
